3109 5092
549 324 673 385 816
1413 322 1955 384 HERODOTI

548 497 661 565 καὶ
689 500 902 582 οἰκίης
929 491 1052 563 οὐκ
1082 498 1444 582 ἐπιφανέος
1462 516 1478 531 ·
1515 493 1683 585 μετὰ
1709 495 1787 565 δὲ
1815 502 2021 583 σοφίῃ
2049 491 2298 574 αὐτοὺς
2324 491 2685 585 ὁ”Αμασις,
2722 493 2863 564 οὐκ

546 597 994 687 ἀγνωμοσύνῃ
1025 597 1502 687 προσηγάγετο.
1558 591 1647 687 ἦν
1683 604 1754 669 οἱ
1790 596 1959 667 ἄλλα
2000 625 2074 665 τε
2100 595 2329 684 ἀγαθὰ
2356 607 2599 688 μυρία,
2648 603 2743 667 ἐν
2778 600 2861 667 δὲ

546 705 658 770 καὶ
689 698 1111 788 ποδανιπτὴρ
1137 702 1436 789 χρύσεος,
1463 703 1538 769 ἐν
1565 706 1657 794 τῷ
1685 698 1886 781 αὐτός
1909 728 1981 768 τε
2009 695 2334 789 ὁἌμασις
2361 705 2473 771 καὶ
2495 707 2566 772 οἱ
2588 708 2857 771 δαιτυ-

545 804 745 894 μόνες
770 808 842 872 οἰ
861 804 1105 882 πάντες
1131 803 1288 883 τοὺς
1317 804 1527 884 πόδας
1547 803 1857 874 ἑκάστοτε
1885 807 2372 887 ἐναπενιζέατο.
2402 811 2647 875 τοῦτον
2682 802 2855 873 κατ’

548 899 646 977 ὧν
691 907 905 987 κόψας
959 903 1224 995 ἄγαλμα
1273 913 1591 995 δαίμονος
1644 910 1712 989 ἐξ
1764 905 1979 976 αὐτοῦ
2020 906 2379 995 ἐποιήσατο
2436 910 2547 977 καὶ
2584 914 2859 996 &owe

546 1016 661 1099 τῆς
697 1011 958 1091 πόλιος,
1002 1005 1167 1077 ὅκου
1196 1001 1281 1097 ἦν
1308 1009 1876 1098 ἐπιτηδεότατον·
1919 1012 1990 1078 οἱ
2014 1009 2087 1078 δὲ
2121 1009 2476 1097 Αἰγύπτιοι
2514 1013 2853 1098 φοιτέον-

546 1141 652 1193 τες
681 1111 845 1202 πρὸς
871 1109 1188 1200 τῶγαλμα
1217 1114 1527 1200 ἐσέβοντο
1570 1110 1895 1201 μεγάλως.
1960 1109 2208 1199 μαθων
2248 1112 2325 1181 δὲ
2365 1108 2403 1181 ὁ
2434 1111 2723 1202 ’Ἄμασις
2770 1111 2854 1181 τὸ

548 1220 622 1285 ἐκ
664 1222 803 1285 τῶν
846 1212 1071 1283 ἀστῶν
1113 1214 1549 1303 ποιεύμενον,
1598 1218 2016 1301 συγκαλέσας
2046 1220 2496 1302 Αἰγυπτίους,
2542 1219 2853 1303 ἐξέφηνε

547 1386 654 1432 tur.
726 1380 902 1430 Aliter
937 1385 1118 1429 tamen
1156 1380 1364 1430 iudicat
1401 1382 1635 1432 wilkin-

546 1464 667 1500 son.
702 1450 958 1499 Manners
1007 1456 1112 1499 etc.
1152 1449 1196 1499 Ι.
1246 1465 1300 1513 p.
1342 1449 1443 1500 179
1493 1467 1632 1516 seq.,

545 1519 639 1583 qui
675 1519 898 1568 Amasin
933 1520 1105 1568 virum
1144 1518 1411 1583 insignem
1446 1534 1512 1569 ac
1537 1536 1635 1571 no·

544 1587 709 1638 bilem
729 1625 743 1649 ,
782 1604 812 1638 0
846 1588 1076 1638 militum
1112 1587 1301 1637 ordine
1325 1593 1514 1639 natum
1538 1589 1633 1639 ha-

545 1658 640 1708 bet
672 1657 836 1723 idque
881 1657 1186 1707 confirmari
1232 1657 1314 1706 ait
1359 1659 1494 1722 ipsis
1531 1660 1633 1709 Ae-

546 1728 857 1792 gyptiorum
902 1727 1263 1777 monumentis
1314 1731 1477 1793 atque
1518 1744 1633 1777 ma-

545 1798 798 1847 trimonio
833 1811 956 1846 cum
989 1796 1141 1861 regia
1174 1794 1288 1845 filia
1322 1797 1476 1846 inito,
1525 1798 1635 1847 He·

545 1867 737 1916 rodoto
789 1866 1116 1930 imposuisse
1157 1863 1275 1914 vult
1319 1866 1633 1915 sacerdotes

543 1935 846 2001 Aegyptios
904 1936 1040 1985 talia
1083 1934 1332 1986 consulto
1379 1950 1634 1984 enarran-

548 2011 650 2055 tes.
731 2004 839 2055 Sed
888 2004 956 2054 de
999 2004 1083 2053 his
1139 2005 1255 2068 ipse
1305 2004 1502 2053 viderit
1549 2005 1634 2054 vir

547 2075 766 2123 doctus:
825 2073 955 2122 mihi
998 2074 1190 2137 utique
1233 2074 1414 2136 potior
1463 2075 1634 2123 Hero-

517 2143 663 2195 ,doti
720 2143 1055 2202 auctoritas,
1125 2140 1351 2191 aliorum
1420 2158 1633 2207 quoque

546 2210 868 2274 scriptorum
893 2210 1221 2259 testimoniis
1257 2210 1509 2272 probata.
1549 2213 1635 2261 De

546 2280 805 2329 Amaside
851 2279 1108 2329 disseruit
1161 2293 1374 2344 quoque
1419 2281 1482 2329 P.
1525 2296 1633 2330 van

548 2348 1126 2412 Limburg·Brouwer
1195 2348 1252 2397 in
1317 2348 1633 2399 Gedachten

548 2432 678 2466 over
712 2416 806 2466 het
827 2417 1081 2467 Verband
1108 2415 1336 2466 tuschen
1372 2417 1439 2467 de
1474 2418 1634 2482 gods-

548 2486 814 2551 dienstige
878 2484 1218 2548 enzedelijke
1287 2487 1634 2552 Beschaving

549 2557 644 2606 der
689 2557 1075 2621 Egyptenaren
1127 2555 1631 2621 (Amsterd.18·28)

546 2641 675 2691 pag.
715 2625 782 2675 33
818 2640 935 2689 seq.

618 2693 884 2772 σοφίῃ-
900 2690 1005 2744 οὐκ
1046 2684 1424 2758 ἀγνωμοσύνῃ
1459 2707 1637 2755 προσ-

547 2746 806 2829 ηγάγετο]
851 2763 1151 2828 Displicent
1175 2763 1310 2813 haec
1333 2762 1636 2812 Valckena-

549 2834 653 2893 rio‚
704 2848 824 2882 cum
875 2848 1031 2883 nemo
1074 2833 1182 2882 dici
1229 2832 1403 2896 possit
1454 2846 1636 2896 quem-

547 2903 690 2966 piam
726 2895 1100 2966 ἀγνωμοσύνῃ
1146 2898 1634 2980 προσαγαγέσθαι,

549 2969 780 3050 indeque
806 2969 1088 3046 legendum
1128 2984 1248 3019 esse
1273 2974 1486 3018 censet·
1527 2959 1636 3016 οἰκ

549 3030 974 3102 εὐγνωμοσύνῃ
1007 3049 1426 3100 προσηγαγετο.·
1459 3040 1636 3101 Aeg-y-

547 3106 695 3171 ptios
731 3106 944 3155 Amasis
989 3106 1173 3155 callido
1213 3108 1382 3167 pocius
1431 3109 1639 3156 consilio

549 3191 695 3240 quam
726 3176 929 3225 lenitate
964 3182 1016 3224 et
1048 3177 1305 3227 clementia
1339 3175 1440 3226 siba·
1472 3179 1637 3225 conei-

549 3246 706 3295 liavie.
777 3243 946 3294 Addit
983 3243 1067 3292 vir
1104 3243 1382 3308 egregius,
1423 3244 1638 3306 σοφίαν

548 3313 638 3364 1ιί0
681 3317 745 3364 ut
789 3313 919 3363 alibi
964 3313 1181 3377 saepius
1230 3327 1350 3362 esse
1383 3313 1637 3363 callidita-

549 3392 672 3445 tem,
735 3380 1201 3447 προσαγαγέσθαι
1257 3397 1387 3445 vem
1436 3382 1638 3446 optime

551 3468 644 3504 eos
682 3453 818 3514 dici,
862 3453 955 3517 qui
995 3452 1095 3503 sibi
1125 3452 1362 3502 studeant
1402 3452 1637 3514 populum

549 3524 838 3579 conciliare,
873 3524 1131 3585 principes
1160 3525 1295 3571 viros
1320 3522 1635 3583 potissim.

550 3594 636 3657 qui
683 3594 841 3642 variis
895 3590 1092 3641 arcibus
1143 3592 1272 3640 alios
1318 3590 1544 3639 alliciam
1589 3598 1637 3639 et

550 3663 623 3710 ad
639 3662 850 3712 studitam
871 3662 953 3710 sui
978 3660 1281 3722 perducant.
1335 3659 1488 3719 Quae
1515 3659 1638 3722 ipsa

552 3730 714 3779 etiam
753 3728 1012 3795 exemplis
1059 3729 1325 3793 appositis
1360 3727 1637 3778 illustrare

551 3798 762 3848 studuit
814 3799 897 3847 vir
945 3797 1312 3848 doctissimus.
1395 3797 1510 3846 Nec
1555 3801 1638 3846 ta·

551 3881 675 3916 men
712 3868 848 3917 satis
886 3882 1085 3917 causae
1120 3867 1308 3928 video,
1346 3880 1440 3915 cur
1462 3880 1496 3915 a
1521 3865 1639 3915 vul-

551 3940 685 4000 gata
720 3936 1001 3997 recedam,
1048 3936 1103 3984 in
1139 3951 1247 4001 qua
1287 3932 1638 3998 προσαγαγέ-

552 4002 693 4053 σθαι
732 4004 799 4054 de
834 4005 1019 4054 Amasi
1054 4005 1254 4068 optime
1287 4004 1503 4065 dicitur,
1542 4004 1636 4067 qui

550 4073 939 4138 Aegyptiorum
986 4073 1194 4122 animos
1237 4073 1342 4123 sibi
1380 4071 1637 4122 concilia·

549 4144 623 4192 rit
660 4147 715 4191 et
741 4141 955 4206 quidem
984 4138 1178 4205 σοφιῇ,
1222 4142 1257 4191 i.
1288 4157 1335 4192 e.
1364 4143 1633 4205 sapientia,

544 4212 843 4277 prudentia,
883 4224 1058 4285 neque
1092 4211 1330 4267 matitia,
1367 4211 1631 4287 imperitia,

547 4281 731 4332 stolido
750 4282 893 4341 fastu
922 4270 1048 4341 (οὐκ
1080 4268 1150 4341 ἆγ
1156 4271 1499 4343 νωμοσύνῃ),
1527 4294 1634 4343 quo

547 4352 733 4417 potius
769 4366 803 4399 a
836 4363 894 4399 se
920 4346 1214 4398 alienasset
1240 4347 1631 4413 Aegyptiorum

1736 1381 1967 1432 animos.
2052 1382 2270 1448 Itaque,
2319 1382 2457 1432 bene
2500 1381 2853 1432 admonente

1736 1451 2128 1529 wesselingio,
2185 1451 2352 1501 verba
2405 1442 2513 1499 οὐκ
2567 1441 2852 1530 ἄγνωμο-

1737 1512 1884 1585 σόνῃ
1908 1519 2048 1570 idem
2074 1520 2186 1573 sere
2211 1524 2413 1569 sonant
2432 1524 2596 1585 atque
2624 1512 2765 1568 ἇνο
2784 1512 2851 1583 ἠ-

1735 1603 1863 1644 τως
1912 1594 1967 1638 01
2014 1588 2402 1652 praecedentia
2446 1590 2620 1653 magis
2660 1589 2847 1653 expli-

1735 1662 1892 1718 cant,
1930 1657 2379 1721 quemadmodum
2411 1658 2467 1707 in
2493 1659 2686 1708 Nostri
2712 1674 2849 1708 ora-

1734 1728 1884 1776 tione
1921 1726 2222 1776 abundanti
2256 1726 2402 1777 haud
2438 1726 2605 1777 semel
2642 1729 2847 1777 obser-

1735 1811 1868 1844 vare
1924 1794 2073 1845 licet.
2162 1794 2288 1845 Alia
2345 1797 2613 1861 quaedam
2670 1796 2845 1846 affert

1734 1863 1933 1914 Matth.
1984 1865 2079 1915 Gr.
2118 1864 2210 1915 Gr.
2262 1881 2318 1929 p.
2372 1864 2509 1916 1310
2545 1880 2661 1930 seq.
2754 1868 2843 1915 Ac

1734 1934 1924 1983 laudat
1935 1933 2265 1999 Wesseling.
2285 1933 2493 1984 scholia
2508 1934 2845 1984 Demosthe-

1735 2004 1822 2079 nis
1857 2006 2023 2067 atque
2044 2003 2488 2082 Harpocration„
2526 2004 2621 2053 ubi
2645 2018 2840 2081 arvo-

1734 2064 1925 2136 μόνως
1971 2070 2299 2150 explicatur:
2355 2062 2644 2136 ἀνοήτως,
2691 2063 2838 2121 ἀλο-

1732 2139 1960 2205 γίστως,
1996 2132 2284 2206 ἄβούλωςς
2332 2140 2557 2206 ipseque
2580 2141 2839 2191 Herodo-

1738 2215 1826 2259 tus
1863 2210 1919 2258 in
1954 2211 2201 2272 imperitia
2233 2213 2290 2259 et
2318 2211 2462 2271 fasta
2495 2225 2685 2260 vocem
2722 2212 2839 2260 fre-

1736 2283 1965 2344 quentat
1994 2278 2087 2339 VI,
2132 2279 2214 2329 10.
2248 2279 2344 2339 IX,
2379 2280 2412 2330 3
2447 2279 2569 2330 coll.
2608 2279 2704 2339 IV,
2738 2280 2834 2331 93.

1735 2348 1801 2409 V,
1830 2348 1916 2397 83.
1946 2347 2144 2409 vl1,9.
2195 2348 2443 2411 Euripid.
2470 2348 2670 2399 Bacch.
2696 2348 2833 2399 884.

1736 2418 1809 2466 So
1849 2415 1989 2466 hocl.
2028 2415 2286 2466 Trachin.
2323 2416 2475 2467 1273.

1806 2432 1973 2536 5¹1<st
2011 2481 2108 2533 καὶ
2151 2479 2516 2550 ποδανιπτὴρ
2562 2478 2835 2549 χρύσεος]

1734 2547 2100 2618 ποδανιπτὴρ
2122 2554 2319 2606 Glossa
2338 2555 2519 2605 reddit
2541 2556 2838 2617 penarium.-

1736 2623 2061 2688 intelligitur
2086 2639 2339 2673 vasorum
2364 2640 2535 2689 genus
2562 2623 2634 2672 ad
2658 2623 2832 2688 pedes

1734 2692 2002 2743 lavandos
2052 2692 2260 2742 aliosve
2307 2693 2510 2743 similes
2563 2707 2693 2743 usus
2734 2708 2832 2757 pa-

1738 2766 1942 2840 ratum,
1991 2761 2081 2810 cui
2116 2762 2254 2812 alias
2304 2762 2473 2811 etiam
2508 2777 2704 2812 nomen
2743 2761 2830 2809 λε-

1737 2822 1911 2893 κείνης
1961 2830 2070 2879 vid.
2110 2829 2302 2880 Pollux
2349 2831 2429 2891 X,
2479 2832 2545 2882 70
2593 2835 2648 2880 et
2684 2844 2831 2895 quae

1736 2900 1894 2965 plura
1907 2898 2161 2948 exhibent
2174 2899 2402 2965 Ussing:
2415 2869 2501 2949 ’De
2520 2899 2825 2949 nominibb.

1737 2984 1885 3018 vass.
1924 2968 2148 3019 Graece.
2201 2984 2326 3032 pag.
2376 2970 2469 3019 121
2522 2974 2577 3018 et
2609 2970 2830 3019 Krause

1736 3036 2062 3102 Angeiolog.
2100 3053 2154 3102 p.
2203 3039 2298 3088 221
2344 3037 2467 3087 0011.
2508 3038 2628 3088 285.
2699 3038 2831 3087 Am-

1737 3107 1856 3156 bitu
1905 3111 1993 3155 sat
2036 3122 2234 3171 magno
2280 3106 2449 3157 fuisse
2497 3107 2631 3156 haec
2669 3121 2824 3187 vasa,

1736 3175 1822 3225 vel
1861 3189 1927 3224 ex
1962 3173 2065 3225 hoc
2099 3176 2219 3226 loco
2256 3174 2487 3241 intellig-i
2524 3179 2826 3241 potesta-

1736 3244 1803 3294 In
1844 3243 2086 3308 proxime
2133 3260 2285 3324 seqq.
2342 3244 2524 3294 verbis
2572 3244 2826 3295 voculam

1737 3307 1799 3362 οἱ
1818 3317 1945 3377 post
1968 3308 2305 3376 δαιτυμόνες
2336 3314 2571 3393 positam
2599 3329 2696 3378 pro
2726 3314 2825 3363 da-

1733 3383 1846 3431 tivo
1883 3383 2216 3445 pronominis
2262 3382 2379 3446 (pro
2425 3375 2600 3448 αὐτῷ)
2644 3383 2828 3447 accipi

1734 3451 1853 3501 vult
1890 3451 2234 3502 Graefenhan
2259 3452 2498 3503 Gramm.
2531 3452 2669 3517 epic.
2707 3452 2828 3502 dia-

1733 3519 1861 3570 lect.
1906 3520 1952 3569 1.
1988 3535 2042 3584 p.
2081 3522 2170 3573 72.

1806 3581 2249 3655 ἐναπενιζὲατο]
2289 3590 2369 3640 Ad
2412 3590 2635 3641 formam
2672 3589 2823 3639 conf.

1737 3651 1992 3723 ἐγενέατο
2030 3657 2264 3720 11,166
2308 3659 2380 3709 ibi
2387 3674 2489 3724 que
2532 3657 2717 3708 laudd.
2754 3687 2827 3695 —

1736 3728 1819 3776 De
1857 3695 2297 3791 ποιήσασθαι
2333 3729 2389 3777 ἰιι
2425 3743 2576 3792 seqq.
2600 3728 2712 3776 vid.
2744 3728 2824 3787 ΙΙ,

1739 3797 1837 3849 127
1885 3795 2015 3861 ibiq.
2056 3800 2197 3846 nott.
2236 3824 2301 3832 —
2354 3796 2438 3847 Ad
2473 3797 2641 3847 verba
2696 3794 2826 3859 τῆς

1737 3858 2016 3927 πόλιος,
2067 3878 2238 3914 οκου
2276 3865 2423 3916 conf.
2460 3869 2599 3916 nott.
2640 3865 2709 3915 ad
2744 3864 2824 3926 11,

1740 3931 1870 4050 ιὸῗὸ
1908 3991 1980 4050 ἐκ
2016 3998 2131 4050 τῶν
2151 3991 2338 4051 ἆστῶν
2363 3993 2729 4065 ποιεύμενον]
2766 3994 2827 4048 ἐκ

1739 4070 1925 4120 eodem
1961 4070 2149 4131 modo,
2188 4086 2295 4135 quo
2332 4070 2411 4132 11,
2451 4071 2571 4121 148.
2608 4069 2729 4119 151.
2760 4096 2825 4106 —-

1735 4139 1817 4189 Ad
1853 4144 2228 4205 argumentum
2259 4140 2405 4190 conf.
2424 4139 2629 4189 Minue.
2650 4138 2824 4188 Felic.

1725 4209 1791 4257 in
1817 4208 2013 4259 Octav.
2040 4209 2124 4261 23.
2179 4209 2422 4273 „Tangit
2459 4207 2682 4265 eandem
2709 4222 2823 4256 rem

1734 4277 2012 4327 Plutarch.
2055 4278 2195 4341 Opp.
2248 4277 2323 4327 11.
2366 4294 2418 4342 p.
2462 4278 2552 4327 151
2596 4278 2673 4336 Ε,
2727 4276 2823 4325 nbi

1736 4348 1909 4396 nostri
1936 4347 2043 4396 loci
2071 4346 2215 4395 haud
2239 4347 2517 4401 immemor
2538 4345 2827 4411 eratWyt·

3048 378 3051 505 1
