3109 5092
470 359 587 423 ms
1328 324 1871 417 HERODOTI

465 555 588 604 σον
624 534 1109 624 στρατεύεσθαι
1150 526 1263 599 ἐπὶ
1306 518 1603 620 Πέρσας,
1650 525 1740 612 ὥς
1778 528 2293 600 καταπαύσοντα
2329 527 2455 619 τὴν
2499 527 2738 617 Κύρου

403 671 407 675 Α
468 636 795 723 δύναμιν,
836 629 953 704 ἀπ’
989 622 1067 721 ἧς
1101 638 1171 702 oc
1211 630 1572 724 ἀκροθίνια
1611 639 1887 704 τοιαῦτα
1930 635 2293 720 γενέσθαι,
2345 631 2741 712 δεικνύντας

465 737 581 819 τὰς
610 742 837 819 πέδας.
905 736 1117 806 ταῦτά
1157 763 1230 806 τε
1261 735 1663 826 ἐπειρωτᾶν,
1704 738 1815 808 καὶ
1859 742 1922 805 εί
1952 735 2364 826 ἀχαρίστοισι
2401 733 2606 824 νόμος
2638 734 2734 838 εἴ·

371 854 446 915 91
465 871 580 913 ναι
621 857 794 912 τοῖσι
821 837 1264 929 Ἑλληνικοῖσι
1305 851 1545 910 θεοῖσι.
1612 837 2102 928 Ἀπικομένοισι
2143 840 2217 908 δὲ
2252 855 2425 908 τοῖσι
2452 844 2739 908 Λυδοῖσι

465 946 576 1017 καὶ
605 948 874 1032 λέγουσι
911 941 993 1013 τὰ
1035 940 1478 1032 ἐντεταλμένα
1514 939 1641 1033 τὴν
1680 950 1960 1030 Πυθίην
1999 945 2260 1029 λέγεται
2294 948 2512 1012 εἰπεῖν
2539 941 2736 1010 τάδε·

475 1045 614 1137 Τὴν
657 1050 1105 1137 πεπρωμένην
1144 1063 1388 1136 μοῖραν
1428 1044 1729 1116 ἀδύνατά
1771 1043 1910 1114 ἐστι
1955 1041 2376 1134 ἆποφυγέειν
2406 1046 2532 1114 wal
2574 1049 2737 1138 θεῷ.

467 1159 756 1241 Κροῖσος
787 1151 861 1220 δὲ
890 1152 1193 1239 πέμπτου
1219 1151 1449 1237 γονέος
1485 1145 1833 1239 ἁμαρτάδα
1863 1145 2179 1237 ἐξέπλησε
2198 1199 2216 1232 ,
2248 1145 2321 1230 ὃς
2359 1145 2493 1218 ἐών
2534 1154 2737 1236 δορυ-

466 1253 674 1344 φόρος
700 1245 1224 1344 Ἡρακλειδέων,
1271 1252 1447 1348 δόλῳ
1481 1258 1858 1345 γυναικηΐῳ
1890 1249 2364 1340 ἐπισπόμενος,
2412 1248 2742 1340 ἐφόνευσε

854 1418 988 1470 cir.
1025 1419 1169 1472 XCI.

543 1513 666 1585 Τὴν
694 1518 1073 1588 πεπρωμένην
1105 1522 1317 1587 μοῖραν
1339 1509 1553 1569 ἀδύνα-

467 1582 536 1644 τά
572 1583 685 1642 ἐστι
719 1582 1072 1654 ἄποφυγέειν
1119 1586 1213 1640 καὶ
1249 1585 1394 1656 θεῷ]
1428 1590 1554 1653 μοῖ-

469 1676 577 1726 ραν
613 1675 733 1711 cum
763 1658 1072 1711 Gaisfordio
1110 1659 1197 1710 hic
1232 1673 1447 1724 quoque
1475 1673 1555 1707 re·

468 1730 744 1780 stituimus
783 1745 812 1778 e
847 1728 1161 1779 melioribus
1195 1726 1369 1778 libris.
1424 1727 1554 1791 Ipsa

466 1799 733 1850 Herodoti
778 1799 947 1848 verba
1003 1797 1272 1859 citarum,
1328 1800 1554 1846 notante

468 1868 538 1920 ad
574 1869 629 1919 h.
668 1866 707 1919 1.
746 1865 1140 1932 Wesselingio,
1173 1865 1441 1916 Libanius
1477 1865 1556 1917 11.

470 1955 524 2003 p.
579 1936 681 1988 643
727 1938 800 1987 D.
854 1941 909 1987 et
962 1936 1245 1987 Choricius
1297 1934 1450 1986 Orat.
1500 1935 1556 1985 in

466 2005 792 2071 Procopium
829 2005 1103 2056 Gazaeum
1141 2021 1260 2069 cap.
1296 2004 1382 2055 25.
1442 2004 1559 2054 Nec

470 2076 783 2139 infrequens
823 2076 966 2139 apud
999 2080 1212 2124 veteres
1254 2074 1386 2124 haec
1416 2089 1559 2123 com-

469 2148 798 2193 memoratur
824 2143 1114 2204 sententia,
1136 2159 1245 2208 qua
1266 2158 1441 2205 nemo,
1467 2157 1559 2191 ne-

470 2229 576 2278 que
609 2213 767 2263 homo
815 2227 990 2276 neque
1032 2212 1148 2276 ipse
1185 2212 1350 2273 deus,
1383 2212 1559 2261 fatum

471 2282 707 2346 effugere
746 2282 945 2345 possit3
983 2280 1092 2331 vid.
1133 2281 1306 2330 allata
1342 2280 1415 2330 ad
1451 2281 1559 2330 He·

471 2350 589 2402 rod.
629 2349 724 2410 IX,
766 2349 831 2400 16
867 2355 923 2399 et
957 2349 1025 2399 ad
1055 2349 1334 2400 Plutarch.
1362 2350 1558 2414 Pyrrh.

471 2421 556 2471 30.
597 2436 650 2484 p.
689 2419 845 2470 236.:
883 2419 1078 2484 quibus
1129 2419 1214 2469 Cr.
1266 2418 1394 2468 addi
1441 2418 1561 2467 vult

469 2488 778 2540 Cudworth.
804 2489 1055 2553 Sysoema
1080 2487 1340 2538 intellect.
1368 2491 1417 2550 ξ.
1445 2486 1553 2538 111.

467 2576 523 2624 p.
576 2561 607 2610 5
659 2558 744 2608 ed.
781 2557 958 2608 Mosh.
1008 2557 1165 2620 Quod
1205 2557 1276 2607 ad
1311 2557 1559 2607 Herodo-

467 2635 582 2680 tum
619 2628 845 2690 attinet,
884 2627 977 2693 qui
1012 2626 1134 2678 aliis
1173 2642 1387 2692 quoque
1420 2626 1559 2677 locis

470 2698 614 2764 (111,
663 2696 751 2749 43.
795 2695 884 2748 64.
933 2698 1018 2749 65.
1081 2697 1185 2759 ΙΧ,
1238 2694 1344 2761 16.)
1391 2696 1559 2747 talem

471 2767 800 2817 sententiam
834 2765 1080 2816 elocutus
1113 2772 1225 2828 est,
1264 2782 1396 2816 cave
1445 2782 1560 2816 crc-

471 2838 570 2887 das
606 2836 798 2885 horum
829 2834 1073 2885 locorum
1111 2851 1232 2885 eam
1283 2851 1402 2885 esse
1448 2837 1560 2886 vim

470 2922 537 2955 ae
595 2903 1080 2968 significationem,
1142 2909 1204 2952 ut
1266 2904 1333 2952 de
1393 2920 1559 2954 caeca

471 2973 704 3038 quadam
741 2972 842 3021 fati
885 2972 1242 3034 necessitate,
1282 2971 1387 3020 diis
1424 2973 1558 3036 ipsis

470 3057 644 3105 aeque
695 3046 859 3104 atque
906 3041 1215 3091 hominibus
1259 3041 1558 3106 superiore,

472 3111 546 3162 sit
564 3109 938 3172 cogitandum:
967 3110 1259 3159 coniuncta
1279 3109 1414 3159 haec
1433 3115 1563 3160 sunt

471 3196 591 3232 cum
619 3178 886 3228 Herodoti
921 3178 987 3228 de
1015 3178 1176 3228 rebus
1211 3177 1411 3228 divinis
1444 3195 1562 3229 sen-

469 3249 673 3310 tentia,
721 3247 936 3313 qualem
986 3247 1057 3297 ad
1094 3248 1150 3309 1,
1187 3247 1275 3299 32.
1323 3249 1426 3298 204
1474 3265 1563 3298 ex·

470 3318 778 3386 posuimuS,
842 3321 897 3367 et
957 3317 1266 3367 revocanda
1318 3323 1445 3368 sunt
1490 3318 1562 3368 ad

470 3390 646 3455 ipsam
701 3388 811 3436 vim
866 3385 1135 3448 divinam,
1193 3386 1310 3436 sive
1363 3403 1563 3438 numen

471 3458 716 3509 divinum
751 3457 1000 3507 omnibus
1044 3455 1274 3520 singulis
1323 3455 1423 3506 diis
1474 3473 1563 3507 su-

471 3528 682 3593 perius,
731 3526 803 3576 ad
851 3525 1089 3576 divinam
1134 3524 1281 3575 illam
1324 3528 1563 3576 omnium

472 3613 648 3647 rerum
686 3595 1111 3661 providentiam,
1152 3611 1258 3661 qua
1297 3596 1563 3662 quidquid

473 3667 830 3716 coustitutum
866 3669 978 3728 est,
1017 3666 1097 3714 ita
1140 3664 1349 3715 firmum
1398 3671 1564 3732 atque

461 3740 682 3796 ⁴certum
722 3735 981 3796 habetur,
1029 3738 1092 3783 ut
1128 3749 1162 3784 a
1196 3735 1439 3798 nemine,
1492 3751 1562 3785 ne

472 3803 540 3853 ab
577 3804 696 3867 ipso
726 3803 941 3866 quidem
969 3802 1087 3865 deo,
1121 3804 1293 3853 everti
1327 3809 1425 3854 aut
1453 3805 1564 3854 evi-

472 3871 581 3920 tari
617 3875 800 3935 queat.
841 3872 926 3921 Cf.
962 3873 1158 3936 Ditges
1180 3871 1244 3922 de
1285 3873 1390 3922 fati
1416 3873 1562 3939 apud

473 3940 743 3991 Herodot.
780 3941 1002 3990 notione
1038 3957 1093 4005 p.
1130 3942 1184 3991 7.

541 4041 792 4106 Κροῖσος
838 4038 902 4090 δὲ
945 4039 1206 4104 πέμπτου
1254 4039 1452 4105 γονέος
1498 4033 1562 4091 ἆ-

474 4101 733 4177 μαρτάδα
768 4102 1057 4175 ἐξέπλησε]
1084 4101 1281 4177 γρνεος
1316 4125 1458 4160 nunc
1483 4128 1565 4161 re-

476 4182 731 4232 stitutum
769 4195 798 4229 e
846 4179 1169 4244 quibusdam
1213 4178 1394 4239 libris,
1441 4195 1563 4230 cnm

379 4247 388 4256 ’
476 4250 584 4306 alii,
607 4251 788 4299 ferant
825 4245 1044 4312 γενέος,
1084 4247 1229 4329 quod
1261 4248 1445 4297 sensui
1483 4265 1565 4299 re-

475 4322 743 4384 fragatur.
794 4319 932 4368 Nam
979 4332 1149 4382 γονεα
1195 4319 1567 4382 progenitorem

477 4389 586 4440 dici
622 4388 810 4438 docuit
835 4387 1160 4451 Gronovius,
1197 4391 1253 4436 et
1290 4392 1414 4451 post
1441 4404 1566 4439 eum

1656 1417 1983 1484 Bellanger„
2018 1419 2122 1468 hoe
2159 1419 2395 1484 quinque
2439 1419 2746 1484 progenito-

1658 1503 1774 1537 rum
1812 1503 2033 1539 nurnero
2072 1487 2233 1537 simul
2268 1494 2324 1537 et
2348 1489 2576 1553 primum
2603 1504 2745 1552 com·-

1655 1555 1942 1622 prehendi,
1992 1558 2085 1622 qui
2140 1563 2359 1622 gentem·
2403 1558 2639 1618 duxerit,
2691 1561 2746 1606 et

1659 1629 1973 1688 extremum,
2000 1627 2057 1675 iu
2092 1641 2197 1691 quo
2222 1626 2319 1677 illa
2337 1625 2589 1688 desierit.
2628 1626 2745 1676 Iam

1656 1695 1825 1760 igitur
1861 1696 2098 1761 quinque
2135 1711 2289 1760 reges
2336 1712 2363 1744 e
2409 1695 2746 1745 Mermnada-

1657 1779 1775 1813 rum
1836 1763 1994 1814 domo
2061 1771 2217 1814 sunt:
2282 1764 2492 1830 Gyges,
2548 1765 2744 1828 Ardys‚

1660 1833 1973 1896 Sadyatteffi
1999 1833 2270 1898 Alyattes,
2293 1835 2546 1884 Croesus.
2585 1835 2746 1884 Unde

1659 1902 1893 1966 Pythiae
1926 1903 2277 1966 intelligimus
2316 1902 2382 1968 (Ι,
2411 1902 2521 1968 13.)
2559 1919 2747 1953 oracu-

1644 1971 1795 2032 lum,
1854 1973 2153 2022 vindictam
2190 1971 2497 2022 Heraclidis
2556 1977 2749 2022 ventu-

1661 2055 1775 2090 ram
1810 2055 1930 2090 esse
1968 2032 2022 2098 ἐς
2056 2033 2161 2091 τὸν
2194 2040 2453 2102 πέμπτον
2489 2031 2743 2105 ἀπόγο-

1662 2124 1787 2158 νον
1826 2102 2039 2174 Γύγεω.
2078 2111 2219 2160 Nam
2241 2110 2422 2175 Gyges
2456 2114 2572 2159 erat
2595 2111 2747 2175 quin-

1662 2183 1750 2228 tus
1786 2177 1946 2228 huius
1983 2179 2273 2244 dynastiae
2318 2180 2661 2244 progenitor,
2700 2179 2747 2228 si

1664 2264 1698 2297 a
1756 2247 1957 2298 Croeso
2024 2248 2216 2300 ultimo
2288 2253 2433 2299 retro
2504 2264 2750 2299 numera·

1662 2333 1829 2367 veris.

1729 2388 1813 2436 De
1849 2386 1959 2435 ista
1993 2402 2123 2436 vero
2160 2389 2405 2436 veterum
2453 2386 2745 2447 sententia,

1661 2470 1769 2519 qua
1796 2456 2059 2505 maiorum
2095 2471 2297 2519 poenas
2324 2471 2485 2519 saepe
2507 2471 2540 2503 a
2566 2461 2747 2518 poste-

1660 2525 1735 2573 ris
1775 2525 1954 2587 expeti
1989 2525 2311 2588 credebant,
2360 2525 2636 2584 Cicetonis
2670 2524 2748 2574 lo-

1662 2609 1785 2642 cum
1833 2593 1898 2643 de
1945 2595 2077 2644 Nat.
2126 2595 2292 2644 Deor.
2344 2594 2455 2655 111,
2504 2594 2572 2644 38
2618 2598 2748 2658 apte

1660 2663 1769 2712 iam
1816 2662 2065 2712 laudavit
2119 2658 2436 2713 Larcherus'
2476 2661 2749 2727 aliumque

1660 2732 1872 2782 addidit
1904 2733 2094 2782 Bionis
2138 2732 2445 2797 philosophi
2479 2732 2621 2781 hanc
2657 2733 2748 2783 do-

1660 2802 1891 2851 ctrinam
1938 2802 2214 2850 irridentis
2274 2802 2418 2866 apud
2466 2801 2745 2852 Plutarch.

1661 2871 1728 2919 de
1774 2871 1830 2922 S.
1870 2872 1940 2921 N.
1987 2872 2056 2923 V.
2112 2886 2166 2935 p.
2214 2873 2281 2921 72
2332 2872 2417 2922 ed.
2462 2872 2743 2936 Wyttenb.

1662 2941 1781 3000 Quo
1819 2940 2007 2989 eodem
2055 2945 2306 3004 spectare
2350 2939 2565 2990 videtur
2598 2943 2750 3007 Moy-

1662 3008 1737 3057 sis
1776 3013 2142 3073 praeceptum,
2166 3024 2231 3058 ex
2267 3025 2374 3075 quo
2397 3010 2435 3060 J
2437 3011 2613 3060 ehova
2635 3012 2750 3060 vin-

1664 3078 1848 3128 dicare
1885 3077 2085 3128 dicitur
2132 3079 2480 3142 iniquitatem
2534 3086 2749 3143 patrum

1662 3147 1717 3195 in
1756 3146 1898 3208 filiis,
1937 3148 1992 3196 in
2029 3148 2317 3211 nepotibus
2351 3150 2482 3198 etin
2518 3149 2750 3214 abnepo-

1664 3216 1809 3265 tibus
1839 3216 2040 3281 (Exod.
2067 3219 2152 3279 20,
2180 3220 2229 3269 5.
2254 3218 2338 3279 34,
2362 3220 2411 3268 7.
2451 3220 2748 3270 Deuteron.

1665 3288 1714 3346 5,
1769 3283 1877 3348 15),
1932 3286 2201 3335 diversum
2254 3291 2435 3336 tamen
2491 3288 2625 3337 illud
2679 3289 2749 3338 ab

1663 3354 1962 3404 ethicorum
2000 3356 2405 3419 superstitione,
2448 3358 2499 3406 st
2532 3357 2747 3422 quidem

1665 3439 1729 3473 ex
1765 3423 2088 3473 Iudaeorum
2116 3425 2391 3474 sententia
2409 3425 2550 3475 filius
2573 3427 2749 3477 iustus

1660 3508 1838 3557 poena
1882 3494 2164 3556 eximitur,
2212 3494 2447 3545 iniustus
2492 3496 2749 3557 afficitur,

1661 3563 1742 3611 ita
1768 3567 1828 3610 ut
1855 3579 2010 3612 suum
2034 3565 2263 3628 quisque
2288 3563 2403 3613 luat
2435 3571 2715 3629 peccatum
2736 3582 2749 3614 ε

1661 3632 1718 3680 id
1765 3631 1909 3695 quod
1951 3632 2231 3682 declarant
2288 3633 2394 3682 loci
2450 3635 2747 3685 Deuteron.

1660 3703 1747 3762 24,
1794 3701 1878 3752 16.
1928 3701 2129 3751 Ezech.
2193 3702 2275 3763 18,
2324 3703 2410 3751 20.
2481 3704 2635 3752 Haec
2692 3704 2747 3752 in

1659 3771 1975 3835 praesentia
2011 3770 2313 3830 sufficiant3
2349 3770 2567 3832 longum
2606 3772 2750 3821 enim

1664 3844 1766 3899 est,
1797 3854 1982 3889 omnes
2020 3845 2266 3890 veterum
2302 3838 2405 3889 hac
2441 3840 2507 3889 de
2542 3856 2600 3889 re
2630 3857 2749 3890 sen-

1663 3909 1868 3958 tentias
1904 3909 2109 3959 referre
2146 3913 2200 3958 et
2236 3909 2304 3959 ab
2348 3909 2509 3959 huius
2557 3909 2749 3960 editio-

1663 3978 1748 4027 nis
1788 3979 2017 4027 consilio
2053 3978 2306 4029 alienum.

1734 4037 1884 4112 δόλῳ
1908 4044 2220 4112 γυναικηίῳ
2258 4036 2746 4110 ἐπισπόμενος]

1665 4116 1704 4166 i.
1738 4130 1785 4164 e.
1824 4118 2082 4176 „nudi-eris
2115 4118 2231 4168 dolo
2259 4115 2574 4167 obseeums.“
2605 4115 2750 4165 Male

1666 4184 1884 4250 quidam
1937 4177 2347 4249 ἐπισπώμενος.
2413 4185 2520 4236 Sed
2566 4200 2751 4234 veram

1664 4254 1953 4304 lectionem
2010 4259 2192 4305 tuetur
2254 4270 2468 4319 quoque
2528 4253 2751 4303 Homeri

1665 4337 1797 4376 usus
1846 4321 2047 4387 Odyss.
2095 4324 2198 4384 111,
2246 4324 2348 4374 215
2396 4327 2450 4373 et
2494 4321 2749 4386 Sophocl.

1664 4392 1870 4443 Electr.
1907 4394 2030 4444 973.
2066 4391 2379 4442 Herodotus
2404 4391 2522 4456 ipse
2558 4391 2605 4454 1,
2627 4391 2748 4442 103.
2846 4415 2853 4420 -
