3109 5092
409 284 533 347 376

1280 279 1814 343 HERODOTI

411 456 497 546 δὴ
533 458 647 526 καὶ
676 453 864 546 ὕδωρ
899 453 1030 525 ἀπὸ
1056 461 1177 525 τοῦ
1209 454 1538 525 Χοάσπεω
1575 460 1878 544 ποταμοῦ
1911 450 2047 543 ἅμα
2082 451 2316 541 ἄγεται
2347 458 2469 523 τοῦ
2510 454 2691 543 παρὰ

411 566 644 630 Σοῦσα
670 562 959 648 ῥέοντος,
997 564 1116 628 τοῦ
1142 559 1400 648 μούνου
1437 566 1619 629 πίνει
1655 556 1974 646 βασιλεὺς
2005 559 2118 626 καὶ
2155 554 2367 627 ἄλλον
2407 555 2688 640 οὐδενὸς

410 667 731 751 ποταμοῦ.
804 662 1047 731 τούτου
1094 662 1169 731 δὲ
1220 666 1341 731 τοῦ
1389 661 1718 732 Χοάσπεω
1771 668 1895 732 τοῦ
1954 657 2197 742 ὕδατος
2247 658 2686 750 ἀπεψημένου
2701 671 2774 726 89

411 767 650 837 πολλαὶ
679 763 889 854 κάρτα
923 762 1164 853 ἅμαξαι
1192 764 1629 854 τετράκυκλοι
1659 761 1994 855 ἡμιόνειαι
2035 770 2422 853 κομίζουσαι
2452 768 2527 835 ἐν
2560 763 2682 853 ἆγ-

280 879 395 941 189
413 878 652 958 γείοισι
680 867 1067 958 ἀργυρέοισι
1098 872 1371 939 ἕπονται
1392 921 1410 954 ,
1448 866 1578 958 ’ὅπη
1618 863 1704 937 ἂν
1732 868 1982 957 ἐλαύνῃ
2015 867 2344 938 ἑκάστοτε.
2398 865 2585 937 Ἐπεί
2615 896 2690 938 τε

414 974 490 1043 δὲ
517 968 553 1041 ὁ
579 979 807 1062 Κῦρος
836 970 1288 1061 πορευόμενος
1320 973 1428 1041 ἐπὶ
1458 969 1584 1059 τὴν
1611 978 1987 1060 Βαβυλῶνα
2018 974 2276 1058 ἐγίνετο
2313 972 2423 1040 ἐπὶ
2454 971 2687 1062 Γύνδῃ

408 1142 682 1192 tissimum
700 1140 915 1191 Hoeek.
955 1139 1081 1190 Vet.
1099 1138 1244 1188 Med.
1263 1142 1319 1188 et
1337 1141 1491 1190 Pers.

408 1212 705 1261 Monumm.
736 1226 790 1274 p.
827 1209 897 1261 93
930 1223 1045 1273 seq.
1086 1208 1153 1258 95
1179 1207 1303 1258 coll.
1342 1209 1495 1258 Man·

410 1285 558 1330 nert:
598 1280 797 1344 Geogr.
838 1278 888 1328 d.
913 1278 1004 1328 Gr.
1028 1292 1084 1328 u.
1119 1278 1307 1327 Roem.
1333 1279 1401 1341 V,
1440 1279 1493 1327 2.

408 1364 537 1414 pag.
563 1351 665 1399 472
690 1354 745 1399 et
768 1364 876 1398 van
902 1347 997 1396 der
1021 1347 1166 1411 Chys
1194 1347 1497 1399 Comment.

409 1417 1033 1552 &325312'3513.2“1³?3·
1090 1415 1500 1536 {553321353

411 1557 549 1607 satis
576 1561 800 1618 eertum,
840 1555 1170 1619 Choaspem,
1204 1570 1365 1619 quem
1390 1556 1498 1606 No-

411 1631 522 1676 ster
555 1625 699 1676 infra
725 1640 938 1690 quoque
969 1625 1036 1686 V,
1075 1623 1162 1674 49.
1201 1625 1269 1674 52
1303 1640 1500 1674 memo-

410 1701 525 1758 rat,
581 1696 720 1745 bene
776 1693 1189 1744 discernendum
1245 1709 1366 1744 esse
1427 1693 1498 1744 ab

410 1764 646 1826 Eulaeo,
684 1765 776 1830 qui
807 1779 941 1813 sane
961 1777 1161 1828 aquam
1187 1779 1361 1828 aeque
1391 1763 1500 1813 exi-

413 1835 577 1885 miam
629 1838 686 1884 et
733 1834 1009 1884 salubrem
1058 1832 1278 1882 exhibet
1326 1848 1502 1897 neque

407 1904 571 1970 longe
608 1904 783 1954 distat
827 1902 896 1952 ab
934 1902 1213 1966 Choaspe,
1264 1903 1356 1967 qui
1393 1917 1503 1951 non

406 1974 571 2039 longe
610 1989 643 2022 a
676 1973 830 2023 Susis
868 1972 1216 2036 coniungitur
1240 1987 1361 2021 eum
1394 1972 1503 2021 Eu-

411 2043 563 2104 laeo,
613 2042 750 2091 adeo
803 2045 865 2091 ut
908 2045 1137 2105 uterque
1182 2041 1379 2090 fluvius
1423 2040 1501 2090 fa-

411 2111 517 2162 cile
547 2111 808 2161 confundi
831 2112 1071 2175 potuerit
1102 2114 1357 2173 reeteque
1394 2109 1503 2159 Pli-

413 2181 536 2229 nius
577 2180 785 2230 scribat
822 2179 992 2243 (Hist.
1030 2179 1159 2228 Nat.
1207 2177 1407 2240 XXXI,
1448 2178 1498 2229 3.

413 2254 464 2314 ἓ.
504 2248 614 2314 21).
655 2247 1018 2312 „Parthorum
1062 2262 1218 2312 reges
1260 2263 1328 2297 ex
1365 2246 1502 2297 Cho-

412 2334 545 2383 aspe
594 2322 648 2368 et
692 2316 899 2367 Eulaeo
946 2322 1159 2366 tantum
1205 2316 1400 2366 bibunt
1447 2322 1502 2367 et

414 2403 512 2438 eae
570 2388 818 2451 quamvis
875 2387 933 2435 in
986 2385 1289 2450 longinqua
1336 2387 1501 2436 eomi-

412 2461 601 2508 tantur
640 2454 826 2506 illos.“
900 2455 1178 2519 Choaspes
1228 2470 1372 2505 nune
1408 2472 1500 2506 vo-

413 2531 569 2577 catur
604 2525 820 2577 Kerklza
855 2540 898 2574 s.
933 2525 1148 2575 Kar-asu
1182 2524 1245 2588 (i.
1281 2540 1330 2575 e.
1359 2540 1503 2590 aqua

413 2594 618 2661 nigra):
662 2596 727 2646 de
765 2595 917 2646 euius
956 2593 1201 2644 fontibus
1251 2599 1306 2644 et
1341 2609 1503 2644 eursu

413 2669 669 2715 accurate
696 2664 943 2730 disputat
965 2664 1170 2713 Ritter:
1207 2663 1503 2718 Erdkunde

411 2736 510 2786 lx.
564 2751 615 2799 p.
664 2733 767 2785 309
815 2749 965 2798 seqq.
1016 2732 1136 2785 319.
1186 2732 1288 2784 323
1346 2748 1499 2797 seqq.

413 2805 497 2854 De
532 2804 754 2863 Eulaeo,
792 2803 880 2852 eui
915 2818 1059 2852 nune
1094 2817 1289 2851 nomeu
1316 2801 1376 2852 K
1373 2818 1503 2851 arun

413 2872 520 2933 vel,
548 2878 612 2921 ut
624 2871 717 2920 alii
731 2871 995 2932 scribunt,
1016 2865 1217 2932 Karou,
1241 2870 1351 2921 vid.
1368 2870 1501 2921 ibid.

410 2958 466 3005 p.
523 2940 622 2990 162
679 2955 829 3005 seqq.
899 2945 954 2989 et
1006 2940 1149 2989 eonf.
1210 2940 1499 3004 Forbiger:

413 3008 635 3060 Handb.
685 3007 738 3058 d.
789 3008 887 3058 alt.
927 3009 1124 3073 Geogr.
1178 3008 1255 3058 11.
1305 3024 1358 3072 p.
1399 3010 1496 3059 581

413 3093 474 3127 se

476 3093 694 3209 {pagna
711 3134 1074 3224 τετρακυκλοι
1096 3132 1402 3224 ἡμιόνειαι]
1434 3146 1502 3195 In

412 3216 557 3266 binis
590 3213 744 3264 libris
783 3215 963 3263 exstat
1012 3203 1306 3278 ἡμιόνεαι,
1355 3213 1500 3279 quod

414 3282 638 3337 restitui
657 3283 809 3333 iubet
829 3282 1065 3333 Bredov.
1094 3298 1147 3346 p.
1173 3281 1290 3345 156,
1318 3299 1505 3348 quam-

412 3356 497 3406 vis
540 3353 853 3405 Athenaeus
902 3356 958 3401 et
1007 3351 1361 3414 Eustathius,
1410 3353 1503 3418 qui

415 3424 729 3475 Herodotea
768 3421 1027 3484 afferunt,
1066 3421 1346 3486 vulgatam
1376 3423 1504 3472 reti-

412 3499 606 3557 neant,
659 3508 822 3557 quam
867 3492 1005 3540 satis
1046 3495 1233 3542 tuetur
1270 3496 1385 3541 tum
1423 3508 1507 3542 re·

413 3563 684 3629 liquorum
718 3562 981 3611 librorum
1018 3575 1348 3623 consensus,
1388 3565 1505 3611 tum

352 3684 358 3690 ,
414 3633 645 3683 aliorum
698 3632 1023 3695 scriptorum
1066 3646 1228 3693 usus,
1279 3634 1342 3680 ut
1391 3631 1503 3680 Ho-

415 3703 549 3752 meri
583 3701 782 3762 XXIV,
831 3699 957 3763 266,
997 3703 1052 3749 et
1099 3700 1239 3749 alius
1289 3704 1502 3764 poetae,

415 3776 477 3821 ut
514 3772 612 3822 Gr.
649 3773 858 3831 monet,
909 3769 1055 3833 apud
1092 3768 1352 3819 Philostr.
1392 3770 1503 3819 He-

415 3840 580 3889 roiec.
630 3855 683 3902 p.
726 3837 829 3889 693
875 3852 921 3888 s.
959 3854 1012 3902 p.
1059 3836 1128 3888 98
1177 3838 1502 3889 Boissonad.

418 3906 694 3971 (Orphiee.
734 3906 985 3971 fragmm.
1033 3922 1118 3958 nr.
1164 3907 1337 3958 XXX.
1374 3923 1502 3973 pag.

417 3975 521 4028 489
546 3976 844 4024 Hermann.
848 3973 889 4039 ).
937 3975 1175 4026 Dindorf
1194 3980 1248 4025 et
1280 3976 1507 4026 Dietseh

417 4046 751 4108 seripserunt
786 4034 1064 4106 ἡμιόνεαι.
1132 4035 1506 4108 τετρακυκλος

415 4116 658 4165 illustrat
700 4110 1001 4163 Blomfield.
1052 4113 1108 4161 iu
1145 4113 1388 4165 Glossar.
1435 4114 1506 4165 ad

415 4181 669 4247 Aeschyl.
700 4182 974 4232 Prometh.
1013 4180 1133 4244 735,
1170 4182 1261 4232 ubi
1290 4188 1505 4247 praeter

417 4257 663 4304 nostrum
685 4250 867 4302 locum
895 4255 949 4301 et
974 4252 1198 4301 Homeri
1223 4252 1281 4301 in
1301 4253 1503 4317 Odyss.

419 4321 643 4389 (rectius
690 4323 747 4375 in
794 4320 882 4374 Ili.
935 4320 1135 4385 XXIV,
1172 4321 1296 4385 324)
1339 4321 1507 4388 [prae-

1599 1140 1757 1204 cipue
1800 1139 2157 1204 Hippocratis
2214 1138 2392 1188 locum
2445 1139 2513 1190 de
2559 1140 2687 1190 Aer.

1601 1214 1656 1260 et
1690 1211 1795 1275 Aq.
1832 1208 1900 1261 93
1938 1207 2099 1259 affert
2136 1207 2203 1258 de
2249 1208 2470 1273 Scythis
2504 1224 2690 1260 noma-

1602 1278 1789 1342 dibus,
1883 1278 2043 1328 uibus
2108 1266 2318 1341 ἅμαξαι
2375 1278 2691 1330 tribuuntur

1601 1341 1665 1397 αἰ
1704 1317 1833 1428 μὲν
1846 1294 2138 1424 ιἐλάχισται
2183 1338 2685 1411 τετράκυκλοι,

1602 1410 1666 1466 αἴ
1696 1410 1762 1465 δὲ
1804 1406 2120 1478 ἕξάκυκλοι.
2157 1445 2228 1456 --
2263 1416 2329 1466 In
2376 1431 2530 1482 seqq.
2567 1433 2691 1467 eum

1602 1490 1834 1537 reeentt.
1884 1485 2151 1536 edidimus
2195 1475 2471 1549 ἄγγείοισι
2519 1475 2690 1550 ἄργυ-

1603 1554 1783 1620 ρέοισι
1817 1560 2030 1605 mutato
2051 1556 2340 1605 verborum
2365 1555 2582 1615 ordine;
2611 1557 2693 1605 ita

1602 1626 1750 1678 enim
1794 1625 1912 1675 bini
1968 1625 2230 1675 iubebant
2275 1624 2401 1673 libri
2452 1626 2690 1676 auctori

1601 1700 1798 1759 tasque
1832 1694 2101 1745 Athenaei
2135 1695 2219 1746 11.
2258 1710 2383 1758 pag.
2427 1695 2497 1744 45
2542 1695 2587 1745 Β
2637 1698 2694 1745 et

1603 1763 1883 1815 Eustathii
1920 1763 1989 1813 ad
2024 1763 2255 1827 Dionys.
2294 1763 2506 1828 Perieg.
2536 1764 2691 1826 1073,

1606 1834 1677 1883 ad
1713 1832 1915 1898 Odyss.
1952 1833 2050 1883 IV.
2088 1848 2141 1896 p.
2183 1831 2319 1883 1499
2356 1850 2401 1883 s.
2447 1832 2563 1895 173,
2600 1832 2690 1884 23.

1604 1903 1709 1953 His
1745 1903 1934 1953 invitis
1971 1902 2210 1953 BredoV.
2250 1917 2303 1965 p.
2357 1901 2458 1953 182
2506 1903 2695 1967 reponi

1603 1971 1722 2021 vult
1772 1962 2086 2036 ἄγγηΐοισιε
2154 1971 2299 2035 quod
2345 1971 2488 2022 idem
2535 1971 2695 2022 dede-

1603 2047 1732 2091 runt
1764 2041 2005 2091 Dindorf
2033 2045 2087 2089 et
2109 2039 2359 2091 Dietseh.
2380 2068 2448 2077 —
2470 2042 2537 2091 In
2574 2057 2697 2105 pro-

1603 2111 1746 2160 xime
1782 2126 1933 2175 seqq.
1966 2109 2163 2175 reliqui
2199 2124 2315 2172 οπη
2351 2125 2384 2159 a
2391 2109 2694 2187 plerisque

1604 2179 1758 2229 libris
1794 2179 2022 2229 allatum
2057 2195 2154 2243 pro
2194 2177 2344 2244 vulg.
2384 2194 2552 2242 οποι,
2602 2196 2693 2229 ue-

1604 2264 1710 2314 que
1757 2265 1877 2298 eum
1924 2248 2195 2300 Bredovio
2243 2248 2500 2314 rescripsi
2563 2264 2693 2312 οκη,

1605 2319 1752 2382 quod
1789 2322 2016 2368 reeentt.
2056 2316 2177 2368 edd.
2207 2317 2492 2378 exhibent;
2531 2318 2604 2367 ef.
2644 2319 2692 2380 1,

1607 2386 1707 2438 183
1745 2387 1930 2452 ibique
1965 2392 2103 2437 nott.
2179 2387 2287 2437 Sed
2337 2402 2458 2437 eum
2505 2388 2694 2438 eodem

1604 2456 1874 2508 Bredovio
1922 2472 1978 2521 p.
2040 2455 2144 2507 323
2209 2457 2428 2520 reposui
2486 2446 2693 2521 ἐλαύνῃ

1605 2542 1701 2590 pro
1734 2516 2027 2591 ἔλαύνῃσι,
2078 2540 2221 2590 quae
2268 2525 2444 2575 forma
2481 2527 2694 2590 poetica

1605 2596 1694 2644 hie
1735 2595 1792 2644 in
1829 2595 2095 2674 quosdam
2128 2593 2297 2644 libros
2323 2595 2558 2659 irrepsit.
2609 2596 2696 2644 De

1608 2664 1883 2715 adverbiis
1927 2678 2043 2727 οπη
2074 2666 2128 2713 et
2153 2676 2295 2711 οποι
2323 2663 2568 2714 confusis
2606 2665 2693 2714 Cr.

1606 2734 1797 2784 laudat
1831 2733 1933 2783 Ast
1968 2733 2039 2783 ad
2079 2732 2298 2782 Platon.
2340 2733 2524 2798 Symp.
2565 2749 2692 2798 pag.

1610 2803 1731 2854 196.
1790 2801 2117 2853 Boissonad.
2149 2801 2220 2852 ad
2244 2802 2566 2853 Philostrat.
2589 2804 2697 2853 He·

1605 2873 1740 2923 roie.
1776 2888 1905 2937 pag.
1945 2871 2068 2923 604.

1893 3042 2026 3094 Car.
2062 3041 2410 3093 CLXXXIX.

1676 3133 1888 3208 ἐγίνετο
1937 3134 2031 3194 ἐπὶ
2066 3136 2266 3210 Γύνδῃ
2305 3144 2562 3212 ποταμῷ]
2599 3147 2697 3196 ΔΙ)ο

1609 3214 1784 3279 Gynde
1831 3215 1996 3264 fluvio
2042 3214 2153 3265 vid.
2192 3214 2458 3268 Herodot.
2497 3217 2564 3278 V,
2610 3218 2695 3276 52,

1605 3283 1699 3334 ubi
1752 3298 1862 3333 una
1917 3299 2038 3334 eum
2096 3285 2271 3334 tribus
2323 3284 2450 3334 aliis
2515 3284 2696 3334 fluviis

1605 3352 1964 3403 traiieiendus
2022 3352 2221 3403 dieitur
2281 3353 2500 3417 Epheso
2556 3354 2699 3403 Susa

1605 3421 2096 3486 proficiscentibus.
2144 3422 2303 3473 Unde
2325 3437 2558 3487 magnae
2575 3439 2700 3473 exo-

1607 3491 1819 3541 riuntur
1856 3490 2209 3542 difficultates
2259 3493 2314 3540 in
2351 3492 2503 3541 fluvii
2535 3492 2698 3542 huius

1610 3561 1720 3610 situ
1755 3565 1923 3624 atque
1962 3577 2123 3611 eursu
2162 3560 2484 3612 definiendo.
2558 3562 2699 3611 Ren-

1606 3628 1753 3679 nelio
1782 3629 1999 3694 (Geogr.
2027 3630 2079 3681 d.
2120 3631 2326 3681 Herod.
2364 3647 2417 3694 p.
2452 3629 2572 3692 531,
2609 3631 2698 3681 cui

1606 3698 1972 3763 adstipulatur
2026 3699 2308 3749 Wheeler:
2372 3699 2701 3764 Geography

1608 3768 1669 3818 of
1698 3768 2056 3834 Herodot.‘p.
2094 3768 2220 3830 283)
2250 3769 2482 3818 alterum
2524 3768 2697 3819 altero

1607 3836 1728 3887 loeo
1766 3837 1991 3887 fluvium
2027 3839 2230 3889 Noster
2265 3838 2584 3903 designasse
2620 3838 2701 3887 vi-

1609 3905 1766 3955 detur
1803 3908 2048 3972 adeoque
2098 3906 2233 3957 duos
2280 3907 2526 3957 diversos
2574 3923 2701 3957 eon·

1609 3974 1818 4025 fudisse
1863 3976 2080 4027 fluvios.
2165 3977 2337 4038 Quem
2388 3976 2438 4026 si
2484 3976 2698 4039 audias,

1608 4044 1711 4094 hoe
1747 4044 1870 4095 loco
1907 4060 2027 4095 eum
2078 4044 2349 4095 intellexit
2384 4045 2698 4096 Herodotus

1607 4112 1858 4176 fluvium,
1899 4115 1992 4179 qui
2027 4129 2172 4165 nune
2191 4118 2422 4166 vocatur
2447 4114 2698 4177 Mendai,

1608 4182 1780 4233 altero
1815 4182 1937 4235 loeo
1977 4198 2130 4246 eum,
2182 4184 2277 4249 qui
2311 4183 2475 4234 hodie
2509 4182 2699 4249 appel-

1605 4252 1752 4303 latur
1771 4253 1946 4306 Diala.
1973 4252 2279 4303 Lareherus
2306 4251 2471 4314 (Tab.
2506 4269 2694 4318 geogr.

1608 4326 1650 4373 t.
1687 4322 1848 4374 VIII.
1889 4337 1945 4389 p.
1983 4322 2082 4373 231
2122 4322 2263 4390 seq.)
2300 4326 2533 4389 utroque
2573 4322 2694 4374 loco
