3109 5092
1249 362 1500 424 CLIO.
1547 364 1598 423 Ι.
1650 375 1768 427 110.
2516 368 2627 430 211

360 539 498 603 τῶν
531 531 826 622 οὐρέων,
869 540 1044 603 ἔνθα
1080 532 1197 615 τὰς
1241 535 1449 624 νόμας
1481 542 1621 605 τῶν
1659 541 1843 623 βοῶν
1879 535 2012 625 εἶχε
2055 529 2249 620 οὗτος
2276 539 2362 630 δὴ
2391 536 2427 611 ὁ
2469 549 2633 629 βου-

361 637 586 721 κόλος,
624 633 789 725 πρὸς
824 641 1041 725 βορέω
1079 664 1152 706 τε
1194 634 1446 727 ἀνέμου
1482 645 1621 709 τῶν
1649 636 2106 727 Ἀγβατάνων,
2158 645 2267 711 καὶ
2312 642 2477 732 πρὸς
2516 650 2637 713 τοῦ

361 739 610 810 πόντου
660 744 784 808 τοῦ
823 737 1173 822 Εὐξείνου.
1243 742 1452 831 ταύτῃ
1498 742 1627 830 μὲν
1665 740 1793 829 γὰρ
1833 737 1874 830 ἡ
1920 742 2195 832 Μηδικὴ
2241 746 2421 834 χώρη
2470 746 2636 834 πρὸς

359 848 767 930 Σασπείρων
810 839 1042 931 ὀρεινή
1085 841 1223 912 ἔστι
1267 845 1479 930 κάρτα
1517 847 1631 913 καὶ
1667 840 1895 933 ὑψηλή
1945 873 2016 914 τε
2054 849 2158 915 καὶ
2201 854 2385 935 ἴδῃσι
2421 870 2631 936 συνη·

357 944 588 1033 ρεφής.
641 940 683 1032 ἡ
725 943 800 1012 δὲ
848 943 1019 1033 ἄλλη
1057 944 1338 1035 Μηδικὴ
1381 947 1564 1035 χώρη
1616 944 1756 1016 ἐστὶ
1795 953 1971 1016 πᾶσα
2007 945 2270 1028 ἄπεδος.
2341 947 2486 1020 ἐπεὶ
2537 944 2636 1020 ὧν

355 1044 392 1117 ὁ
435 1047 761 1134 βουκόλος
800 1053 1065 1135 σπουδῇ
1105 1055 1319 1137 πολλῇ
1359 1050 1766 1137 καλεόμενος
1806 1047 2114 1135 ἀπίκετο,
2174 1048 2443 1138 ἔλεγε-ὅ
2469 1049 2630 1142 ’Ἁρ-

357 1176 566 1235 παγος
600 1149 791 1219 τάδε·
856 1150 1138 1220 Κελεύει
1176 1173 1251 1220 σε
1281 1148 1644 1240 Ἀστυάγης
1691 1149 1765 1220 τό
1796 1159 2068 1221 παιδίον
2102 1160 2297 1223 τοῦτο
2340 1155 2631 1242 λαβόντα

354 1264 582 1322 θεῖναι
620 1249 687 1330 ἐς
721 1248 795 1320 τό
841 1249 1249 1342 ἐρημότατον
1285 1259 1423 1323 ταῖν
1462 1251 1758 1343 οὐρέων,
1817 1250 1990 1334 ὅκως
2033 1249 2120 1322 ἂν
2159 1257 2431 1344 τάχιστα
2480 1263 2629 1326 δια-

356 1362 674 1442 φθαρείη.
755 1357 866 1424 καὶ
914 1355 1074 1425 τάδε
1125 1383 1225 1426 τοι
1274 1353 1586 1426 ἐκέλευσε
1640 1362 1892 1438 εἰπεῖν,
1960 1351 2046 1443 ἦν
2098 1355 2190 1445 μὴ
2232 1355 2631 1446 ἀποκτείνῃς

354 1454 548 1542 αὐτὸ,
604 1455 775 1526 ἀλλά
815 1485 944 1552 τεῳ
990 1455 1216 1550 τρόπω
1275 1461 1709 1548 περιποιήσῃ,
1768 1455 2034 1550 ὀλέθρῳ
2082 1465 2176 1552 τῷ
2222 1468 2512 1552 κακίστῳ
2555 1481 2631 1529 σε

1548 1625 1662 1674 104.
1702 1625 1933 1675 Variani:
1986 1625 2073 1674 hic
2118 1626 2172 1674 in
2227 1625 2347 1689 ipsa
2395 1626 2629 1674 nominis

1541 1693 1811 1757 scriptura
1844 1693 2087 1744 nonnihil
2123 1693 2273 1751 libri;
2327 1708 2435 1757 qua
2471 1693 2537 1742 de
2572 1709 2630 1742 re

1542 1761 1809 1826 quaedam
1834 1763 2045 1811 monuit
2072 1759 2487 1837 Wessel'ingius.

1610 1826 1705 1879 nal
1753 1826 1944 1895 ἴδησι
1997 1822 2341 1893 συνηρεφής]
2388 1827 2485 1892 ἴδη
2522 1831 2629 1878 He·

1537 1898 1733 1948 rodoto
1782 1904 1866 1948 est
1915 1901 2058 1947 silva.
2132 1899 2357 1946 Monent
2406 1898 2628 1960 Lexica,

1539 1967 1634 2015 ubi
1688 1967 1834 2017 laud.
1896 1966 1992 2026 IV,
2056 1966 2173 2015 109.
2234 1966 2354 2016 175.
2418 1966 2484 2029 V,
2538 1966 2625 2016 23.

355 1628 513 1673 catur
547 1624 667 1687 epa,
691 1628 752 1672 ut
782 1639 867 1672 me
889 1623 1108 1673 edocuit
1126 1621 1228 1673 Ad.
1250 1621 1440 1672 Holtz-

353 1708 547 1750 mann3
583 1694 657 1743 cf.
694 1693 860 1741 etiam
886 1691 1138 1742 Muenter
1162 1692 1438 1741 Versuche

354 1762 485 1810 iiber
524 1761 612 1811 die
644 1760 912 1810 keilf‘drm.
952 1760 1231 1810 Inschrift.
1277 1776 1332 1825 p.
1370 1759 1439 1810 69

353 1834 410 1879 et
441 1829 797 1879 Dieffenbach
833 1828 1043 1879 Celtica
1080 1830 1129 1880 I.
1165 1844 1218 1893 p.
1261 1829 1348 1880 36.
1391 1830 1437 1879 Ε

353 1899 707 1948 Sanscritana
769 1898 959 1962 lingua
1015 1914 1206 1948 vocem
1266 1897 1440 1962 repeti

352 1967 472 2016 vult
505 1969 645 2032 Aug.
676 1966 818 2018 Guil.
858 1982 890 2017 a
917 1965 1168 2028 Schlegel
1196 1966 1436 2017 Indisch.

354 2035 498 2085 Bibl.
537 2036 583 2085 1.
634 2052 687 2100 p.
728 2034 850 2085 323.
910 2036 1159 2098 Tanegui
1203 2034 1438 2088 Lesevre

351 2103 424 2153 ad
481 2105 682 2154 Iustini
741 2103 917 2154 locum
979 2104 1235 2166 affirmat,
1292 2104 1437 2167 apud
1532 2106 1736 2166 planus,
1775 2107 1836 2151 ut
1879 2092 2099 2159 ἄπεδος
2143 2100 2326 2167 χῶρος
2371 2102 2468 2164 ΙΧ,
2524 2103 2625 2154 102

1539 2035 1697 2096 VIII,
1765 2035 1882 2084 111.
1945 2034 2009 2083 In
2059 2049 2210 2099 seqq.
2272 2024 2486 2091 απεδος
2542 2039 2628 2085 est
2722 2075 2727 2079 .

349 2173 675 2236 Hyrcanius,
709 2188 849 2237 quae
885 2187 1017 2237 gens
1054 2173 1239 2223 Persis
1274 2172 1438 2221 fuerit

350 2241 588 2303 subdita,
619 2240 796 2291 adhuc
833 2256 1019 2291 canem
1053 2240 1240 2291 vocari
1273 2240 1429 2302 δραι·

352 2308 508 2370 Quod
523 2310 666 2360 unde
695 2308 788 2359 ille
813 2311 1051 2370 sciverit,
1076 2309 1321 2374 equidem
1345 2322 1435 2357 ne-

348 2379 492 2440 scio,
531 2393 630 2428 nec
674 2379 794 2443 ipsa
843 2379 947 2427 viri
1002 2378 1150 2427 docti
1194 2382 1326 2427 nota
1363 2376 1432 2425 ad

348 2461 539 2496 manus
576 2451 678 2508 est,
715 2462 877 2511 quam
906 2445 1078 2495 solum
1115 2461 1143 2495 e
1172 2443 1430 2495 Larcheri

347 2516 704 2565 adnotatione
735 2514 805 2565 ad
832 2515 885 2565 b.
915 2514 950 2564 l.
976 2514 1230 2578 cognovi.
1268 2515 1430 2563 Prae·

347 2590 497 2634 terea
508 2583 682 2634 Italus
700 2584 965 2647 interpres
991 2586 1268 2646 comparat
1293 2583 1430 2631 Rus-

345 2668 525 2702 sorum
561 2652 751 2704 Sabae.
792 2653 837 2702 A
863 2651 1243 2702 Grammaticis
1265 2649 1431 2700 Grae-

345 2723 424 2772 cis
473 2723 675 2770 citatur
735 2711 881 2779 σπὰξ
926 2724 988 2768 ut
1037 2719 1189 2768 canis
1232 2734 1428 2768 nomen

344 2789 488 2853 apud
532 2790 748 2840 Persas.
814 2786 900 2837 cf.
952 2788 1150 2837 Struve
1195 2788 1427 2851 Specim.

347 2859 574 2920 Quaest.
603 2858 649 2907 1.
689 2871 813 2920 pag.
857 2856 921 2905 14
954 2862 1069 2907 not.
1113 2856 1428 2906 Herodotus

345 2943 375 2976 e
411 2942 545 2976 voce
580 2925 794 2975 Medica
832 2939 878 2974 s.
904 2924 1143 2974 Zendica
1164 2926 1430 2976 Graecum

344 3009 538 3044 nomen
573 2986 787 3042 Σπακώ
822 2994 938 3042 sive
965 2985 1135 3041 Κυνώ
1166 2995 1227 3057 (a
1255 2987 1428 3055 κύων,

341 3062 512 3124 canis)
564 3062 632 3112 ad
680 3077 797 3111 eam
845 3063 1107 3111 rationem
1153 3062 1427 3123 formavit,

342 3146 453 3197 qua
471 3130 666 3182 Graeci
696 3131 914 3181 omnino
938 3130 1311 3181 huiuscemodi
1336 3147 1429 3180 no-

341 3202 491 3249 mina
523 3200 804 3250 muliebria
838 3200 1057 3264 propria
1101 3201 1157 3249 in
1215 3202 1261 3249 ὦ
1308 3215 1428 3250 exe-

343 3270 500 3318 untia
556 3270 790 3318 formare
838 3268 1041 3319 solent:
1109 3270 1177 3319 de
1232 3269 1428 3333 quibus

297 3369 304 3377 -
343 3337 650 3387 nominibus
737 3351 907 3401 nuper
986 3337 1206 3402 scripsit
1287 3338 1425 3387 Pist.

344 3406 669 3456 Tzschirner
719 3406 775 3454 in
835 3421 1161 3486 programm.
1222 3406 1430 3455 Vratis·

343 3473 663 3524 laviensiP.
688 3473 734 3524 1.
767 3473 920 3524 1851.
957 3466 1262 3538 ὖποόρεα,
1290 3489 1429 3539 quae

343 3542 614 3593 Herodoti
657 3542 832 3592 forma
876 3547 961 3592 est
982 3543 1143 3621 (vid.
1192 3542 1425 3593 Bredov.

339 3627 396 3675 p.
441 3607 587 3673 156.)
634 3626 729 3674 pro
772 3610 918 3675 vulg.
967 3600 1241 3673 ὖπιόρεια,
1290 3611 1430 3661 radi·

340 3694 427 3728 ees
475 3679 749 3744 significat
792 3682 1043 3741 montium,
1088 3684 1151 3728 ut
1198 3680 1302 3742 IV,
1340 3679 1426 3731 23.

343 3747 469 3809 VII,
510 3748 627 3799 129.
662 3747 758 3809 IX,
797 3747 880 3799 19.
920 3746 1007 3798 56.
1047 3747 1172 3808 VII,
1216 3717 1332 3798 199.

412 3808 591 3879 πρὸς
624 3812 987 3880 Σασπείρων]
1027 3815 1066 3864 i.
1106 3831 1154 3865 e.
1187 3815 1431 3879 Sasptres

339 3899 533 3947 versus,
564 3899 687 3947 eam,
721 3899 865 3950 quam
908 3883 1151 3947 Saspires
1194 3887 1427 3944 incolunt,

341 3961 531 4003 terram
563 3969 768 4010 versus;
804 3957 853 4003 in
897 3953 993 4003 der
1027 3953 1270 4018 Richtunq
1303 3921 1430 4004 nael}

343 4021 452 4071 dem
475 4022 655 4072 Laude
682 4023 778 4072 der
798 4021 1062 4085 Sta-spiren.
1101 4021 1225 4071 Alia
1258 4038 1431 4072 exem·

341 4089 434 4153 pla
471 4104 600 4139 usus
635 4089 940 4140 Herodotei
972 4089 1084 4139 vid.
1135 4090 1204 4140 ad
1250 4092 1295 4152 1,
1339 4091 1426 4140 81.

345 4158 423 4218 ΙΙ,
465 4158 580 4209 121.
621 4157 779 4219 Quod
816 4173 1027 4220 moneo,
1065 4174 1187 4208 cum
1208 4159 1297 4209 hic
1334 4160 1429 4208 mi-

341 4242 443 4277 nus
464 4232 722 4277 accurata
744 4226 997 4277 videatur
1017 4227 1431 4293 Schweighaeu-

341 4297 449 4345 seri
501 4296 704 4345 Latina
761 4296 1162 4360 interpretatio.
1218 4326 1288 4336 —
1344 4298 1428 4347 De

339 4361 603 4426 Saepirmn
658 4369 820 4429 gente
888 4364 1195 4415 monuimus
1255 4363 1325 4414 ad
1378 4365 1425 4427 Ι,

421 4463 754 4506 HERODOT.
805 4464 849 4506 1.

1539 2171 1663 2221 coll.
1701 2171 1799 2220 IV.
1843 2171 1929 2221 62.
1972 2171 2068 2230 lx,
2103 2173 2189 2221 25.
2222 2173 2410 2221 —De
2447 2165 2628 2229 ὅκως

1537 2254 1620 2288 αν
1653 2270 1721 2279 —-
1757 2208 2117 2304 διαφθαρείη
2158 2239 2269 2289 vid.
2322 2239 2392 2289 ad
2439 2241 2485 2302 Ι,
2534 2241 2623 2292 75.

1535 2306 1623 2358 99.
1688 2337 1758 2347 ——
1811 2308 1877 2357 In
1935 2324 2088 2373 seqq.
2140 2309 2420 2373 vulgatam
2467 2322 2623 2371 περι-

1533 2368 1749 2442 ποιήσῃ
1787 2378 1966 2427 reiicit
2008 2377 2241 2427 Bredowr.
2279 2393 2333 2442 p.
2372 2377 2468 2439 32,
2503 2393 2623 2427 cum

1534 2445 1771 2496 medium
1796 2445 2019 2496 verbum
2056 2445 2495 2508 περιποιεισθαι
2520 2445 2623 2495 hoc

1529 2528 1691 2564 sensu
1730 2513 1936 2577 (salvum
1975 2514 2276 2577 praestare)
2316 2514 2458 2578 apud
2493 2514 2623 2563 Dio-

1528 2597 1651 2632 nem
1670 2583 1915 2638 Cassium
1955 2582 2167 2632 demum
2202 2584 2518 2646 reperiatur,
2544 2584 2622 2631 in-

1530 2651 1704 2715 deque
1734 2652 1788 2699 in
1823 2652 2091 2712 activum,
2132 2650 2275 2715 quod
2308 2651 2622 2714 frequenter

1530 2719 1675 2784 apud
1707 2720 1965 2769 Nostrum
2001 2720 2074 2768 sit
2101 2719 2340 2780 obvium,
2381 2720 2453 2768 sit
2482 2735 2624 2768 com-

1530 2788 1871 2838 mutandum:
1922 2802 2091 2852 quare
2137 2787 2476 2837 scribendum
2525 2801 2619 2836 πε-

1534 2848 1857 2922 ριποιήσης,
1882 2857 2026 2921 quod
2045 2855 2288 2906 Dindors
2311 2861 2364 2906 et
2393 2857 2621 2907 Dietsch

1533 2931 1873 3006 receperunt.

1602 2986 1825 3058 ὀλέθρῳ
1869 2991 1947 3061 τῷ
1992 2991 2240 3059 κακίστῳ
2286 3007 2344 3042 σε
2390 2986 2621 3058 διαχρή-

1533 3061 1761 3129 σεσθαι]
1798 3065 2060 3114 Vertunt.
2109 3065 2362 3125 „pessimo
2395 3066 2536 3113 exitu
2573 3072 2622 3113 te

1521 3137 1820 3195 periturum.
1885 3133 1993 3183 Sed
2028 3132 2307 3197 quaeritur
2344 3125 2403 3181 σὲ
2441 3138 2621 3183 utrum

1531 3203 1606 3250 sit
1639 3201 1872 3252 subiecti
1902 3202 2251 3280 accusatiyus
2294 3217 2363 3251 an
2401 3202 2619 3251 obiecti.

1532 3270 1678 3321 Illud
1714 3271 1762 3320 si
1801 3286 2002 3333 sumas,
2043 3262 2456 3333 διαχρήσεσθαι
2502 3261 2619 3319 ὀλέ-

1531 3337 1660 3405 θρῳ
1709 3339 1894 3390 eodem
1949 3344 2110 3403 pacto
2155 3338 2414 3401 coniungi
2458 3354 2620 3403 posse

1531 3413 1715 3458 monet
1744 3407 2068 3485 Schweigh„
2088 3421 2248 3471 quam
2276 3406 2472 3467 1,167:
2505 3419 2619 3453 τοι-

1533 3468 1682 3542 ούτῳ
1708 3467 1866 3542 μόρῳ
1902 3471 2271 3538 διαχρᾶσθαι.
2299 3474 2405 3534 Qui
2437 3477 2619 3522 tamen

1529 3544 1684 3594 locus
1736 3559 1859 3594 mea
1920 3542 2195 3592 sententia
2256 3541 2433 3589 minus
2493 3545 2619 3605 apte

1532 3628 1654 3662 cum
1708 3616 1897 3662 nostro
1952 3613 2331 3674 componetur,
2388 3625 2618 3674 quocum

1533 3681 1706 3758 magis
1745 3680 2001 3729 convenit
2044 3677 2181 3727 alter
2229 3678 2382 3727 locus
2433 3678 2616 3738 1,24:

1531 3741 1783 3798 κελεύειν
1827 3739 1966 3804 τοὺς
2012 3743 2312 3808 πορθμέας
2357 3735 2397 3808 ἦ
2436 3737 2619 3795 αὐτὸν

1531 3812 1890 3880 διαχρᾶσθαί
1942 3829 2041 3878 μιν
2088 3810 2145 3877 (,,
2150 3830 2207 3864 se
2256 3817 2415 3877 ipsum
2465 3817 2619 3865 inter-

1523 3885 1699 3948 ficere‘
1706 3884 1764 3966 ι).
1835 3884 1977 3934 Nam
2021 3881 2163 3933 solet
2198 3883 2400 3933 Noster
2435 3883 2617 3934 verbis

1532 3950 1883 4018 διαχρασθαι
1931 3966 1976 4002 s.
2036 3948 2433 4016 καταχρᾶσθαι
2480 3952 2614 4017 (vid.

1533 4021 1604 4072 ad
1653 4022 1697 4084 1,
1742 4019 1837 4083 82)
1883 4021 2220 4083 interficiendi
2259 4021 2482 4073 notione
2526 4021 2618 4072 ad-

1526 4092 1751 4155 iungere
1763 4090 2135 4140 accusativum
2148 4104 2435 4154 personae3
2460 4107 2617 4156 quem

1528 4159 1641 4209 11.1.
1675 4160 1992 4223 pronomine
2017 4154 2075 4207 σὲ
2100 4159 2331 4208 indicari
2362 4160 2455 4209 vix
2488 4160 2618 4209 mihi

1530 4229 1770 4278 dubium.
1810 4228 1953 4277 Hinc
1992 4228 2223 4277 subiecti
2268 4230 2616 4278 accusativus
2667 4281 2677 4291 ‚

1529 4296 1599 4347 ad
1647 4296 1972 4346 infinitivum
2029 4301 2207 4346 mente
2260 4297 2616 4356 adiiciendus,

1530 4365 1622 4430 qui
1668 4363 1848 4415 nullus
1916 4363 2055 4414 alius
2111 4377 2231 4414 esse
2283 4369 2465 4429 potest
2511 4363 2618 4413 nisi

2113 4444 2188 4504 16
