3109 5092
1331 283 1583 347 OLIO.
1628 288 1680 348 I.
1728 297 2698 362 91·199

425 454 546 527 τὸν
573 455 930 540 δεσπότεα,
977 457 1088 525 καὶ
1116 463 1265 545 ἔσχε
1292 455 1416 549 τὴν
1444 455 1711 530 εκείνου
1702 462 1961 588 Ητιμὴν
1963 461 2168 537 οὐδέν
2212 474 2282 538 ol‘
2316 470 2692 562 προσήκου-

427 581 574 630 σαν.
643 561 1201 647 προθυμεομένου
1244 562 1318 630 δὲ
1355 559 1737 648 Λοξίεω,“
1698 593 1869 646 οκως
1918 561 2004 636 ἂν
2042 595 2209 638 κατα
2260 570 2415 653 τούς
2454 582 2696 659 παῖδας

427 691 584 743 τους
609 671 906 751 Κροίσου
943 663 1203 748 γένοιτο
1249 662 1322 733 τὸ
1362 672 1688 754 Σαρδίων
1725 668 1974 756 πάθος,
2017 673 2128 741 καὶ
2163 672 2254 763 μὴ
2296 673 2443 745 κατ’
2489 677 2697 749 αὐτὸν

433 775 759 854 Κροῖσον,
792 762 916 835 οὐκ
947 760 1082 845 οἷός
1116 793 1187 835 τε
1219 763 1483 854 ἐγένετο
1511 789 1929 859 παραγαγεῖν
1953 782 2206 866 μοίρας.
2253 800 2414 848 οσον
2444 781 2517 849 δὲ
2548 778 2691 851 ἐνέ-

430 877 658 940 δωκαν
687 858 919 954 αὗται,
960 865 1252 957 ἠνύσατο
1278 874 1391 940 καὶ
1419 869 1770 960 ἐχαρίσατό
1795 881 1877 944 οἰ.
1932 887 2084 965 τρία
2112 906 2241 970 γαρ
2269 880 2476 951 ἔτεα’
2450 911 2690 953 επανε-

428 973 666 1062 βάλετο
706 970 831 1061 τὴν
854 977 1178 1058 Σαρδίων
1222 969 1504 1044 ἅλωσιν
1569 978 1680 1047 καὶ
1723 983 1919 1049 τοῦτο
1958 977 2345 1053 ἐπιστάσθω
2381 993 2694 1074 Κροῖσος,

430 1104 519 1156 ως
546 1072 829 1165 ὕστὲρον
868 1089 1036 1144 τοῖσι
1078 1081 1252 1145 ἔτεσι
1291 1077 1584 1148 τούτοισι
1628 1075 1832 1162 ἁλοὺς
1859 1088 1975 1172 τῆς
2012 1092 2471 1176 πεπρωμένης.
2532 1090 2689 1159 δεύ-

425 1206 587 1268 τερα
614 1179 689 1248 δὲ
728 1173 989 1247 τούτων
1029 1183 1362 1271 καιομένω
1409 1178 1593 1278 αὐτῷ
1634 1185 1978 1272 ἐπήρκεσε.
2060 1187 2251 1258 Κατα
2292 1191 2366 1260 δὲ
2404 1190 2479 1261 τὸ
2521 1221 2689 1281 μαν-

424 1282 614 1372 τήῐον
637 1278 712 1352 τό
741 1278 1107 1368 γενόμενον
1133 1278 1259 1351 οὐκ
1296 1279 1523 1371 ὀρθῶς
1541 1252 1838 1376 ’Κροῖσος
1867 1293 2216 1380 μέμφεται.
2273 1294 2693 1385 προηγόρευε

425 1386 553 1475 γάρ
604 1388 672 1454 οί
709 1387 986 1472 Λοξίης,
1045 1378 1131 1473 ἢν
1166 1386 1605 1476 στρατεύηται
1645 1391 1753 1458 ἐπὶ
1790 1395 2085 1480 Πέρσας,
2142 1397 2442 1485 μεγάλην
2483 1397 2696 1489 ἀρχὴν

424 1485 631 1559 αὐτὸν
657 1487 1092 1572 καταλύσειν,
1134 1487 1254 1557 τὸν
1281 1490 1356 1558 δὲ
1385 1486 1549 1578 πρὸς
1577 1497 1786 1562 ταῦτα
1823 1502 2025 1584 χρῆν,
2067 1489 2144 1566 εὖ
2169 1502 2497 1586 μέλλοντα
2525 1509 2689 1590 βου-

423 1590 781 1674 λεύεσθαι,
836 1593 1230 1676 ἐπείρεσθαι
1270 1595 1657 1681 πέμψαντα,
1707 1596 1948 1687 κότερα
1997 1597 2123 1688 τὴν
2177 1603 2433 1671 ἑωυτοῦ
2484 1633 2526 1693 η
2569 1596 2695 1694 τὴν

425 1694 659 1782 Κύρου
701 1696 882 1780 λέγοι
923 1689 1153 1781 ἀρχήν.
1223 1722 1305 1763 ου
1346 1695 1708 1784 συλλαβων
1748 1700 1824 1768 δὲ
1863 1698 1938 1770 τὸ
1979 1702 2194 1791 ῥηθὲν
2236 1700 2387 1772 οὐδ’
2422 1707 2686 1775 ἐπανει·

424 1799 701 1889 ρόμενος
741 1792 996 1865 ἑωυτὸν
1025 1805 1243 1865 αἴτιον
1268 1794 1721 1886 ἀποφαινέτω.
1783 1831 1835 1870 ω
1863 1805 1981 1872 καὶ
2000 1802 2075 1873 τὸ
2113 1814 2505 1874 τελευταῖον
2527 1836 2687 1898 χρη-

420 1902 908 1993 στηριαζομένω
950 1896 1095 1967 εἷπε
1125 1925 1208 1968 τα
1247 1898 1394 1968 εἶπε
1428 1904 1670 1990 Λοξίης
1713 1906 1865 1993 περὶ
1907 1900 2226 1994 ημιόνου·
2294 1905 2456 1978 οὐδὲ
2495 1916 2692 1980 τοῦτο

419 2111 525 2173 ΙΙΙ,
566 2109 649 2160 14.
688 2108 773 2160 31.
814 2110 900 2159 54.
941 2110 1094 2158 Haec
1143 2124 1177 2158 a
1210 2108 1505 2159 wesselin-

419 2182 510 2246 gio
543 2180 650 2229 iam
682 2178 896 2243 prolata
924 2178 1199 2228 sufficiant
1226 2177 1294 2227 ad
1316 2178 1506 2228 lectio-

418 2266 542 2300 nem
568 2248 822 2305 tuendam
847 2252 902 2299 et
926 2247 1321 2297 illustrandam.
1361 2247 1502 2298 Add.

421 2319 624 2370 Herod.
671 2319 780 2380 vl,
831 2318 899 2369 65
947 2321 1003 2368 et
1050 2317 1121 2367 cf.
1171 2317 1407 2368 Bredov.
1446 2332 1502 2382 p.

417 2388 754 2536 {figite-‘Nos
716 2470 797 2505 αν
842 2486 914 2495 --
959 2451 1208 2519 γένοιτο]
1254 2455 1504 2505 Particu-

417 2527 526 2578 lam
559 2540 704 2582 cums
733 2524 942 2604 excipit
980 2524 1276 2589 optativus,
1312 2522 1504 2574 addita

418 2593 688 2662 particula
723 2609 812 2656 αν,
850 2609 1014 2658 qunrp
1051 2594 1283 2658 scriptor
1319 2593 1374 2642 id
1412 2592 1501 2642 de-

418 2666 626 2716 clarare
661 2663 821 2726 velit,
855 2663 1084 2713 Loxiam
1130 2678 1312 2712 secum
1346 2677 1502 2725 repu-

417 2741 567 2786 tasse
602 2733 677 2799 (s.
715 2732 1040 2797 studuisse),
1084 2747 1181 2796 quo
1215 2732 1358 2781 modo
1391 2731 1500 2794 effi-

413 2822 534 2856 cere
565 2812 765 2866 possec‚
799 2810 854 2851 ut
886 2801 1012 2851 haec
1042 2802 1307 2850 calamitas
1350 2800 1405 2848 in
1442 2799 1501 2849 fl-

414 2877 519 2925 lios
561 2872 750 2923 Croesi
793 2871 975 2936 potius
1018 2886 1179 2935 quam
1224 2869 1282 2918 in
1323 2869 1501 2933 ipsum

417 2946 676 2995 Croesum
711 2942 975 3003 incideret,
1017 2956 1062 2990 s.
1108 2939 1356 2989 brevius·
1403 2953 1499 3003 quo

415 3015 557 3064 modo
590 3013 714 3062 lzaec
735 3012 995 3060 calamitas
1027 3040 1099 3049 --
1128 3008 1350 3059 incidere
1379 3022 1500 3070 pos-

415 3091 512 3135 set.
553 3081 709 3131 Conf.
742 3094 906 3144 snpra
943 3078 987 3140 Ι,
1023 3079 1091 3129 75
1138 3077 1323 3143 ibique
1355 3080 1496 3126 nott.

486 3141 592 3200 οὐκ
628 3142 754 3207 οἶός
789 3163 847 3198 τε
894 3116 1109 3211 ἐγένετο
1149 3147 1500 3210 παραγαγεῖν

411 3217 641 3286 μοίρας]
674 3220 712 3269 i.
751 3233 800 3270 e.
843 3233 942 3267 non
973 3218 1049 3267 illi
1079 3218 1218 3266 licuit
1246 3217 1365 3279 sata
1398 3231 1500 3263 mu-

412 3301 548 3352 tare,
589 3304 755 3339 verum
790 3294 1023 3353 quantum
1057 3287 1148 3336 illa
1184 3287 1496 3346 remiserunt,

411 3362 469 3411 id
501 3360 672 3424 effecit
703 3359 869 3423 illique
902 3356 1220 3421 qratificatus
1246 3363 1337 3404 est.
1379 3321 1503 3409 οἷός

411 3444 489 3490 τε,
526 3427 672 3494 quod
707 3427 813 3476 duo
862 3424 1018 3475 codd.
1068 3424 1324 3484 afferunt,
1374 3438 1496 3472 cum

411 3515 520 3549 rec.
573 3496 696 3546 edd.
749 3495 927 3559 recepi
973 3495 1238 3559 probante
1283 3507 1497 3558 quoque

412 3566 624 3619 Geisler
656 3567 741 3615 De
784 3564 1008 3615 Graece.
1055 3579 1254 3613 nomm.
1300 3560 1494 3612 absoll.

412 3654 467 3703 p.
520 3635 605 3687 32.
667 3624 944 3698 παράγειν
993 3633 1208 3697 proprie
1262 3635 1418 3681 notat
1462 3646 1495 3679 a

410 3713 556 3757 reeca
601 3708 684 3755 via
730 3703 1005 3765 abducere,
1049 3705 1151 3754 alio
1207 3716 1302 3766 quo
1346 3699 1497 3751 sedu-

409 3791 546 3838 cere,
582 3773 815 3837 indeque
840 3779 1049 3822 nactur-e.
1091 3770 1248 3821 Conf.
1295 3771 1342 3833 Ι,
1373 3770 1492 3820 142.

409 3845 522 3895 Ubi
567 3844 624 3892 in
670 3842 1076 3907 praepositione
1123 3830 1304 3921 παρὰ,
1356 3853 1495 3903 quae

408 3914 579 3964 verbo
615 3912 803 3962 addita
839 3915 942 3973 est,
975 3910 1351 3975 cognoscimus
1386 3908 1496 3956 dis-

411 3982 676 4034 cessionis
733 3983 851 4032 sive
896 3979 1272 4030 translationis
1330 3978 1497 4042 signi-

412 4053 739 4113 ficationem,
794 4051 863 4100 de
912 4065 1022 4115 qua
1074 4047 1318 4112 exempla
1355 4051 1496 4096 ‘non-

410 4121 564 4172 nulla
596 4120 824 4187 protulit
861 4118 1105 4170 Fischer.
1156 4116 1226 4167 ad
1272 4116 1493 4166 Weller.

413 4191 517 4250 ΙΠ,
551 4190 606 4239 1).
605 4206 696 4270 p.
733 4191 838 4240 274
878 4188 1002 4239 coll.
1039 4186 1161 4238 273.

485 4256 562 4316 ὡς
595 4273 838 4322 υστερον
881 4261 1029 4308 τοῖσι
1065 4252 1209 4307 ἔτεσι
1247 4245 1497 4304 τούτοισι

409 4319 586 4385 ἁλοὺς
617 4326 719 4394 τῆς
752 4323 1150 4393 πεπρωμένης]
1207 4327 1242 4376 i.
1283 4341 1332 4375 e.
1368 4327 1498 4375 sciat

1608 2111 1851 2172 Croesus
1887 2125 1943 2162 se
1974 2110 2135 2163 tribus
2171 2121 2292 2176 post
2331 2117 2505 2177 annis,
2548 2134 2694 2183 quam

1599 2181 1719 2244 sata
1742 2180 2136 2245 destinaverant,
2160 2191 2354 2246 captum
2369 2201 2499 2236 esse.
2534 2188 2692 2238 Unde

1605 2254 1760 2314 patet
1820 2251 2120 2315 genitivum
2171 2250 2274 2316 τῆς
2316 2255 2692 2338 πεπρωμένης

1606 2320 1876 2383 pertinere
1929 2320 1999 2370 ad
2044 2323 2473 2386 comparativum
2530 2316 2690 2375 ν’στε-

1609 2402 1729 2451 ρον.
1759 2390 2099 2440 structuram
2121 2392 2397 2456 participii
2424 2410 2545 2444 cum
2568 2411 2689 2460 par-

1606 2457 1778 2507 ticula
1811 2448 1905 2538 ὥς,
1941 2458 2062 2510 loco
2099 2460 2252 2509 verbi
2298 2461 2439 2511 finiti
2477 2468 2532 2511 et
2569 2480 2689 2528 par·
2694 2459 2706 2472 ’

1604 2526 1804 2576 ticulae
1837 2519 1953 2589 ὅτι,
2002 2531 2127 2592 post
2168 2530 2338 2578 verba
2374 2530 2690 2582 declarandi

1606 2601 1660 2646 et
1708 2593 1979 2645 sentiendi
2019 2596 2156 2646 satis
2207 2598 2445 2662 expediit
2486 2601 2687 2652 Matth.

1606 2669 1656 2729 g.
1680 2663 1799 2714 569.
1831 2680 1957 2730 pag.
1984 2665 2119 2716 1123
2142 2681 2256 2732 seq.
2282 2696 2351 2707 —-
2368 2665 2580 2728 Λοξίας
2604 2675 2689 2720 est

1603 2730 1870 2799 Apollinis
1909 2749 2237 2798 cognomen,
2283 2737 2429 2801 quod
2467 2738 2536 2787 ad
2570 2754 2689 2790 ora-

1603 2803 1846 2854 culorum
1897 2818 2159 2867 responsa
2218 2811 2469 2857 contorta
2522 2812 2689 2875 atquo

1602 2872 1859 2936 ambigua
1907 2872 2137 2923 relatum
2192 2874 2409 2938 volunt,
2466 2876 2561 2927 alii
2613 2878 2683 2929 ad

1602 2943 1877 3006 obliquum
1913 2941 2043 2992 solis
2080 2958 2315 2995 cursum.
2378 2945 2535 2998 Conf.
2570 2949 2684 2998 Ma-

1602 3011 1749 3062 crob.
1788 3011 2007 3061 Saturn.
2054 3013 2098 3075 Ι,
2139 3012 2223 3075 17,
2270 3015 2459 3081 Eurip.
2501 3009 2681 3082 Iphig.

1602 3083 1769 3132 Taur.
1808 3080 1963 3132 1013.
2001 3081 2290 3132 Caeterum
2335 3086 2561 3151 respicit
2594 3086 2685 3137 hic

1600 3152 1800 3200 Noster
1834 3149 1904 3199 ad
1942 3166 2024 3212 ea,
2059 3166 2199 3217 quae
2236 3154 2280 3215 Ι,
2312 3153 2379 3204 53
2411 3170 2526 3221 seq.
2563 3171 2685 3206 nar-

1602 3224 1725 3269 rata
1765 3227 1909 3269 sunt.

1670 3281 1774 3338 τὸν
1807 3285 1869 3336 δὲ
1907 3277 2054 3364 πρὸς
2086 3284 2263 3336 ταῦτα
2283 3286 2444 3354 χρῆν,
2467 3277 2534 3339 εὖ
2559 3288 2684 3355 μέλ-

1597 3357 1770 3406 λοντα
1812 3347 2189 3424 βουλεύεσθαι
2232 3371 2284 3406 κ.
2329 3373 2376 3407 τ.
2424 3357 2498 3422 λ.]
2550 3359 2586 3408 i.
2633 3375 2682 3410 e.

1599 3443 1703 3478 eum
1734 3441 1855 3476 vero
1888 3427 1961 3474 ad
1993 3421 2254 3490 (propter)
2288 3427 2440 3488 haec,
2477 3430 2526 3475 si
2563 3427 2684 3476 bene

1597 3498 1858 3546 consulere
1889 3493 1987 3543 sien·
2016 3496 2268 3556 voluisset,
2304 3495 2573 3556 oportebat
2596 3497 2683 3545 de·

1597 3579 1694 3614 nuo
1756 3565 1953 3612 mittere
2015 3562 2332 3614 sciscitatum.
2399 3564 2482 3613 De
2535 3562 2682 3629 χρῆν

1598 3633 1741 3685 conf.
1777 3633 1823 3693 Ι,
1862 3629 1947 3682 39.

1664 3695 1791 3752 εἷπε
1824 3691 1894 3748 τὰ
1925 3689 2049 3748 εἷπε
2082 3693 2297 3762 Λοξίης
2338 3694 2469 3762 περὶ
2516 3690 2681 3780 ἡμιό-

1598 3770 1724 3852 νου]
1773 3770 1863 3821 Sic
1918 3768 2121 3819 Noster
2167 3767 2253 3830 ΙΙ,
2302 3768 2370 3821 50
2414 3766 2552 3833 λέγω
2606 3762 2680 3833 δὴ

1597 3832 1667 3890 τὰ
1710 3837 1932 3903 λέγουσι
1981 3840 2036 3886 et
2079 3835 2163 3898 11,
2211 3805 2281 3887 49
2327 3836 2555 3888 ποιεῦσι
2611 3834 2681 3890 τὰ

1596 3908 1823 3959 ποιεῦσι
1838 3897 2132 3968 Ελληνες,
2170 3922 2311 3971 quae
2344 3908 2467 3973 ipsa
2502 3910 2678 3960 citans

1597 3977 1993 4030 Valckenarius
2032 3975 2198 4024 scribi
2231 3977 2485 4029 tamenh.
2504 3977 2542 4030 l.
2569 3996 2680 4030 ma-

1596 4049 1732 4110 vult,
1772 4047 1943 4097 altero
1980 4037 2103 4093 εἷπε
2151 4046 2383 4096 omisso:
2435 4040 2505 4097 τὰ
2555 4041 2678 4098 εἷπε

1597 4115 1811 4182 Λοξίης
1860 4110 1990 4178 περὶ
2037 4105 2283 4179 ἡμιόνου
2328 4107 2466 4165 οὐδὲ
2507 4115 2677 4166 τοῦτο

1600 4183 1892 4252 συνέλαβε,
1939 4184 2020 4233 ita
2064 4188 2126 4234 ut
2177 4186 2348 4235 verba
2394 4186 2680 4250 sequentia

1597 4261 1747 4308 arcte
1785 4271 1906 4306 cum
1930 4253 2014 4302 his
2040 4258 2448 4315 connectantur,
2469 4254 2679 4304 eadem-

1599 4343 1701 4393 que
1724 4325 1954 4377 exsistat
1980 4322 2243 4373 orationis
2262 4328 2538 4374 structura
2559 4314 2681 4389 (οὖ-
