3109 5092
1113 347 1618 409 EUTERPE.
1665 346 1749 406 II.
1796 355 1883 410 30.
2516 337 2631 400 491

357 519 525 612 πρὸς
561 520 959 604 Αἰθιόπων,
1003 521 1116 590 καὶ
1156 522 1231 590 ἐν
1257 520 1581 611 Δάφνῃσι
1619 525 1770 612 τῇσι
1798 525 2220 609 Πηλουσίῃσι
2261 516 2430 608 ἄλλη
2472 516 2641 607 πρὸς

351 625 686 713 Ἀραβίων
741 651 814 693 τε
865 626 979 693 καὶ
1022 623 1308 712 Σύρων,
1369 626 1480 693 καὶ
1528 626 1604 693 ἐν
1653 626 1897 713 Μαρέῃ
1941 621 2105 711 πρὸς
2144 622 2401 711 Λιβύης
2445 621 2634 713 ἄλλη.

361 737 456 800 ἔτι
501 728 575 797 δὲ
621 723 732 797 ἐπ’
778 730 940 817 ἐμεῦ
984 729 1097 796 καὶ
1134 730 1459 816 Περσέων
1497 724 1664 797 κατὰ
1702 724 1911 796 ταύτά
1939 732 2014 795 αἱ
2047 729 2347 815 φυλακαὶ
2389 725 2636 815 ἔχουσι,

361 829 449 914 ὥς
485 832 598 900 καὶ
643 832 754 899 ἐπὶ
792 837 1235 920 Ψαμμητίχου
1271 822 1477 920 ἦσαν·
1536 833 1649 899 καὶ
1689 828 1818 918 γὰρ
1865 834 1939 900 ἐν
1976 827 2415 918 Ἐλεφαντίνῃ
2455 836 2633 920 Πέρ-

358 958 469 1006 σαι
529 935 939 1024 φρουρέουσι
992 936 1104 1004 καὶ
1154 937 1229 1004 ἐν
1277 932 1620 1022 Δάφνῃσι.
1716 932 1872 1013 τούς
1924 924 2023 1003 ὧν
2083 930 2168 1021 δὴ
2220 939 2637 1020 Αἰγυπτίους

359 1045 511 1127 τρία
559 1043 710 1106 ἔτεα
751 1036 1265 1128 φρουρήσαντας
1305 1034 1561 1128 ἀπέλυε
1609 1033 1835 1117 οὐδεὶς
1885 1044 2001 1125 τῆς
2036 1042 2371 1126 φρουρῆς·
2429 1042 2497 1107 οἰ
2538 1039 2635 1122 δὲ,

361 1140 893 1232 βουλευσάμενοι
932 1142 1043 1210 καὶ
1089 1146 1294 1234 κοινῷ
1335 1140 1514 1227 λόγω
1553 1141 1996 1229 χρησάμενοι,
2055 1139 2300 1219 πάντες
2340 1136 2472 1209 ἀπὸ
2517 1148 2638 1211 τοῦ

367 1251 810 1335 Ψαμμητίχου
854 1241 1298 1328 ἀποστάντες,
1356 1243 1558 1333 ἤϊσαν
1611 1247 1676 1325 ἐς
1718 1249 2114 1331 Αἰθιοπίην.
2211 1243 2642 1333 Ψαμμήτιχος

363 1350 439 1419 δὲ
483 1348 869 1435 πυθόμενος
913 1350 1175 1416 ἐδίωκε.
1274 1341 1363 1427 ως
1418 1347 1492 1416 δὲ
1552 1350 1908 1436 κατέλαβε,
1979 1348 2201 1415 ἐδέετο
2256 1344 2470 1416 πολλὰ
2530 1352 2635 1418 λε’-

362 1480 538 1540 γων,
584 1457 704 1520 καί
737 1471 949 1539 σφεας
988 1449 1196 1530 θεοὺς
1224 1449 1576 1543 πατρῴους
1617 1447 1976 1522 ἀπολιπεῖν
2021 1445 2146 1519 οὐκ
2175 1454 2250 1517 ἔα
2282 1451 2394 1518 καὶ
2437 1454 2641 1520 τέκνα

364 1557 474 1624 καὶ
517 1570 864 1642 γυναῖκας.
942 1558 1081 1622 τῶν
1138 1556 1219 1622 δέ
1251 1579 1404 1622 τινα
1447 1557 1707 1641 λέγεται
1763 1556 2073 1636 δείξαντα
2108 1549 2184 1621 τὸ
2236 1559 2496 1622 αἰδοῖον
2540 1562 2633 1623 εἰ-

282 1674 376 1731 117
392 1674 578 1742 πεῖν,
608 1663 781 1727 ἔνθα
810 1652 898 1725 ἄν
923 1661 1118 1725 τοῦτο
1146 1648 1210 1747 ᾖ,
1240 1660 1518 1726 ἔσεσθαι
1547 1654 1807 1726 αὐτοῖσι
1833 1659 2132 1725 ἐνθαῦτα
2157 1657 2268 1723 καὶ
2297 1660 2497 1724 τέκνα
2524 1660 2637 1726 καὶ

359 1777 702 1849 γυναῖκας.
770 1749 978 1829 Οὗτοι
1008 1762 1160 1828 ἐπεί
1182 1786 1252 1827 τε
1281 1761 1347 1840 ἐς
1377 1765 1750 1847 Αἰθιοπίην
1776 1757 2134 1840 ἀπίκοντο,
2166 1762 2434 1827 διδοῦσι
2467 1764 2633 1848 σφέ-

358 1892 436 1944 ας
465 1860 709 1943 αὐτοὺς
736 1868 827 1956 τῷ
858 1862 1218 1931 Αἰθιόπων
1248 1865 1532 1950 βασιλεῖ’.
1598 1857 1635 1931 ὃ
1663 1865 1745 1931 δέ
1766 1883 1978 1950 σφεας
2019 1866 2191 1953 τῷδε
2231 1857 2633 1952 ἀντιδωρέε-

438 2036 534 2089 καὶ
599 2029 658 2088 ἒν
713 2032 981 2103 Δάφνῃσι
1045 2035 1174 2103 τῇσι
1224 2034 1447 2104 Πηλου-

359 2108 533 2175 σίῃσι]
569 2108 818 2172 Daphnae
845 2108 1164 2166 Pelusiacae,
1201 2122 1339 2171 quae
1370 2109 1448 2157 in-

357 2181 442 2230 fra
494 2194 704 2245 quoque
761 2180 1123 2227 memorantur
1178 2175 1267 2236 11,
1327 2178 1444 2238 107,

359 2265 466 2300 non
489 2248 712 2298 multum
740 2245 970 2295 aberant
994 2262 1026 2294 a
1049 2244 1265 2294 Pelusio
1290 2247 1442 2309 urbe,

357 2318 644 2370 Pelusiaco
691 2315 856 2366 fluvio
904 2314 1187 2378 appositae
1228 2316 1300 2365 ad
1343 2316 1444 2366 Ae-

358 2392 582 2455 gyptum
627 2384 697 2434 ab
735 2388 1040 2436 exterarum
1085 2384 1328 2448 gentium
1364 2387 1443 2435 in-

358 2455 696 2508 cursionibus
752 2452 1057 2504 tutandam.
1139 2453 1203 2502 In
1258 2454 1443 2506 codice

357 2542 513 2577 sacro
562 2523 852 2590 aliquoties
902 2526 1191 2572 occurrunt
1231 2526 1444 2574 nomine

364 2596 622 2659 Taphnes.
666 2591 809 2658 quod
848 2591 916 2641 ab
952 2591 1213 2647 hodierno
1250 2595 1446 2657 Sarnus

355 2681 464 2716 non
498 2663 659 2713 valde
696 2660 919 2712 recedit.
992 2660 1151 2710 Conf.
1179 2662 1445 2714 Schlicht-

353 2736 523 2786 horst.
570 2732 607 2782 l.
656 2731 695 2781 l.
743 2747 795 2795 p.
849 2731 934 2782 75.
1021 2731 1274 2781 Mannert
1318 2733 1356 2784 l.
1403 2732 1441 2782 l.

353 2806 421 2866 X,
467 2804 509 2852 Ι.
549 2818 601 2866 p.
641 2800 744 2851 492
780 2816 896 2865 seq.
948 2800 1273 2851 Hartmann.
1309 2802 1444 2853 Erd-

351 2870 657 2924 heschreib.
703 2885 812 2920 von
854 2870 991 2934 Aeg.
1041 2885 1096 2933 p.
1130 2869 1254 2921 855.
1314 2873 1442 2921 Mox

353 2959 475 2993 cum
517 2940 791 3000 Bekkero‚
856 2953 1012 3003 quem
1067 2940 1270 2988 caeteri
1316 2940 1439 2992 edd.

354 3010 528 3062 secuti
558 3015 702 3090 suns,
732 3007 909 3058 delevi
936 3005 1218 3057 molestum
1241 3002 1302 3058 δὲ
1327 3009 1441 3060 vul·

352 3076 1062 3211 ggnpvoisdeaotfleerfflatffli
1088 3092 1441 3215 ἔῖῃὲηάφιιῗῃῗῐῗ

350 3249 422 3258 -
457 3209 668 3279 Σύρων
705 3221 855 3266 arcte
901 3230 1083 3265 secum
1121 3216 1439 3279 cohaerere;

351 3287 477 3339 Eltz
524 3288 580 3335 in
618 3286 841 3347 Quaest.
893 3284 1137 3360 Herodd.
1182 3286 1317 3338 fasc.
1359 3288 1434 3338 II.

353 3355 603 3418 (Jahrhb.
629 3356 681 3405 d.
703 3352 898 3405 Philol.
923 3371 974 3404 u.
993 3353 1230 3416 Paedag.
1246 3358 1358 3423 Sup
1396 3356 1435 3409 l.

351 3427 449 3476 Ix.
489 3440 616 3490 pag.
654 3424 777 3488 325)
817 3423 982 3473 scribi
1018 3423 1136 3473 vult
1165 3421 1303 3490 ἄλλη
1342 3374 1435 3490 ἔὴ,

350 3495 489 3562 quod
518 3493 646 3543 mihi
687 3507 856 3557 aeque
892 3492 1127 3543 alienum
1161 3495 1379 3545 videtur
1403 3511 1437 3545 a

349 3564 508 3614 huius
544 3562 650 3612 loci
689 3563 981 3614 sententia.
1038 3561 1170 3612 Cum
1197 3566 1436 3616 Gaisfor-

351 3634 439 3683 dio
462 3632 653 3696 scripsi
689 3623 958 3697 Ἀραβίων
997 3645 1060 3680 τε
1087 3629 1183 3682 καὶ
1207 3626 1434 3695 Σύρων,

348 3703 443 3752 ubi
485 3701 649 3766 vulgo
700 3701 854 3752 deest
899 3714 958 3749 τε
995 3706 1051 3752 et
1090 3719 1187 3767 pro
1226 3697 1436 3765 Σύρων

351 3771 728 3821 inveniebatur
765 3762 1093 3832 Ἀσσυρίων,
1150 3772 1292 3836 quod
1331 3787 1435 3821 me-

347 3841 450 3890 rito
471 3840 578 3890 iam
598 3840 955 3890 damnaverat
970 3839 1237 3891 Valcken.
1274 3841 1433 3891 Conf.

346 3909 579 3960 Bredov.
635 3927 690 3975 p.
727 3908 814 3959 71.
860 3938 924 3948 -—-
972 3911 1056 3959 De
1094 3909 1281 3959 Mareu
1319 3909 1433 3960 vid.

344 3983 485 4029 nott.
522 3978 594 4029 ad
632 3979 708 4037 11,
753 3979 836 4029 18.
873 4005 942 4015 ——
994 3979 1058 4027 In
1099 3978 1308 4029 verbis:
1357 3969 1435 4035 ὥς

344 4043 438 4097 καὶ
488 4037 580 4096 ἐπὶ
636 4045 997 4111 Ψαμμιτίχου
1043 4035 1192 4110 ἦσαν
1236 4049 1434 4098 Str-uve

346 4119 504 4182 Spec.
555 4116 792 4178 Quaest.·
828 4122 936 4166 etc.
983 4131 1110 4181 pag.
1156 4118 1224 4167 26
1273 4122 1434 4168 notat

343 4202 498 4237 usum
533 4185 836 4250 particulae
884 4177 960 4242 ὡς
1008 4186 1266 4236 rariorem
1307 4191 1434 4252 post

342 4270 720 4321 praegressum
757 4245 934 4303 ταύτὰ
970 4260 1024 4305 et
1059 4254 1279 4307 similia.
1352 4309 1358 4316 ,

409 4323 541 4387 τρία
582 4320 706 4373 ἔτεα
744 4314 1185 4387 φρουρήσαντας
1227 4316 1432 4375 ἀπέλυε

341 4408 393 4445 κ.
421 4409 465 4443 τ.
491 4391 563 4458 L]
598 4393 723 4444 Alia
753 4392 935 4458 prodit
957 4395 1231 4445 Diodorus
1253 4395 1309 4457 1,
1343 4395 1431 4456 67,

1551 2053 1781 2105 quocum
1837 2036 2122 2086 conferunt
2168 2033 2445 2088 Plutarch.
2496 2037 2638 2088 Mor.

1549 2125 1677 2174 pag.
1714 2109 1808 2159 601
1842 2108 1888 2157 Ε
1927 2111 1982 2155 et
2015 2105 2296 2155 Aristotel.
2332 2105 2492 2156 Rhet.
2528 2107 2636 2169 111,

1554 2179 1636 2228 16.
1673 2178 1795 2232 ,Tu
1828 2177 1940 2228 vid.
1990 2189 2127 2241 quae
2164 2174 2327 2238 paulo
2365 2180 2492 2225 ante
2532 2176 2639 2242 ipsi

1546 2248 1866 2297 monuimus.
1904 2276 1975 2285 -—
2028 2234 2134 2293 οὐκ
2181 2237 2246 2294 ἔα
2289 2249 2436 2295 recte
2475 2245 2638 2312 expli-

1546 2324 1639 2367 cat
1681 2315 1943 2367 Valcken.
1991 2314 2339 2372 dissuadebat,
2399 2314 2636 2366 dehorta-

1543 2387 1711 2437 batur.
1798 2385 1924 2436 Vid.
1981 2384 2096 2434 eius
2134 2388 2249 2434 not.
2302 2389 2359 2434 et
2396 2383 2460 2435 G.
2499 2385 2635 2435 Her-

1545 2472 1730 2508 mann.
1770 2454 1839 2504 ad
1874 2454 2060 2518 Viger.
2089 2469 2143 2518 p.
2168 2452 2290 2503 890.
2352 2453 2438 2503 cf.
2471 2469 2636 2520 supra

1546 2526 1626 2586 ΙΙ,
1667 2527 1749 2576 18.
1788 2525 1881 2584 IV,
1921 2524 2035 2575 164.
2073 2523 2138 2582 V,
2167 2521 2254 2573 36.
2326 2524 2409 2572 De
2444 2524 2638 2589 imper-

1546 2596 1681 2645 fecti
1739 2594 1940 2653 forma‚
2012 2591 2263 2656 neglecto
2322 2598 2634 2657 augmentO,

1546 2664 1730 2714 omnia
1768 2660 1991 2726 collegit
2021 2661 2256 2711 Bredov,
2294 2677 2347 2725 p.
2388 2662 2508 2712 302.

1617 2729 1732 2780 τῶν
1769 2729 1834 2779 δέ
1861 2746 1990 2779 τινα
2023 2727 2235 2793 λέγεται
2273 2727 2541 2791 δείξαντα
2572 2723 2634 2781 τὸ

1546 2797 1778 2851 αἰδοῖον
1825 2795 2011 2849 εἰπεῖν
2050 2813 2100 2847 κ.
2151 2813 2198 2848 τ.
2237 2797 2307 2865 λ.]
2366 2796 2637 2860 δείξαντα

1546 2872 1781 2922 Bredov.
1822 2887 1875 2935 p.
1911 2868 2010 2921 153
2046 2869 2235 2918 invitis
2272 2869 2430 2919 codd.
2461 2870 2518 2918 in
2545 2867 2634 2919 δέ-

1547 2938 1723 3002 ξαντα
1747 2939 1946 2991 mutari
1971 2938 2114 3000 vult,
2152 2943 2213 2988 ut
2241 2944 2501 2989 constans
2528 2939 2634 2989 sibi

1547 3011 1850 3076 reperiatur
1892 3007 2234 3070 Herodotus,
2283 3023 2439 3074 quem
2485 3014 2635 3059 utra—

1546 3097 1653 3145 que
1695 3079 1871 3129 forma
1918 3076 2011 3129 uti.
2048 3079 2292 3143 potuisse
2339 3094 2404 3128 ac
2442 3094 2637 3129 revera

1546 3152 1711 3200 etiam
1745 3165 1903 3199 nsum
1941 3164 2062 3198 esse
2098 3148 2384 3198 contende.
2446 3148 2634 3198 Simile

1545 3219 1802 3285 quiddam
1831 3217 1898 3267 de
1932 3217 2102 3267 nobili
2140 3233 2308 3267 uxore
2334 3216 2495 3281 Itala,
2534 3218 2636 3267 Ca-

1537 3289 1759 3338 tharina
1795 3288 2017 3348 Ssorza,
2067 3301 2207 3352 quae
2245 3287 2464 3336 domino
2501 3288 2632 3336 For-

1537 3357 1679 3408 lensi
1742 3360 1860 3406 erat
1912 3361 2112 3418 nupta,
2167 3371 2234 3405 ex
2280 3355 2628 3405 Machiavell.

1537 3428 1686 3476 Hist.
1723 3425 1969 3475 Florent.
2008 3424 2047 3476 l.
2084 3424 2239 3474 vm.
2280 3426 2488 3487 profert
2519 3425 2632 3474 Ita-

1537 3495 1625 3545 lus
1676 3497 1964 3557 interpres.
2046 3494 2132 3542 Ex
2179 3493 2513 3558 antiquitate
2560 3494 2631 3542 si-

1538 3564 1663 3613 mile
1702 3562 1829 3628 quid
1880 3566 2067 3612 narrat
2101 3562 2330 3612 Tacitus
2362 3563 2511 3612 Hist.
2551 3562 2628 3620 11,

1542 3633 1633 3683 13:
1673 3662 1743 3672 —
1804 3631 2045 3694 „femina
2090 3632 2291 3696 Ligus,
2336 3647 2474 3696 quae
2518 3630 2628 3681 filio

1539 3702 1755 3763 abdito,
1816 3716 1938 3751 cum
1982 3700 2143 3750 simul
2200 3701 2486 3765 pecuniam
2542 3717 2630 3750 oc-

1538 3771 1736 3822 cultari
1789 3769 1990 3820 milites
2043 3769 2405 3820 credidissent
2457 3785 2629 3834 eoque

1536 3849 1633 3905 per
1692 3840 1967 3891 cruciatus
2030 3840 2462 3905 interrogarent,
2535 3839 2630 3889 ubi

1534 3910 1706 3960 filium
1756 3909 2060 3972 occuleret,
2118 3917 2309 3960 uterum
2362 3910 2633 3958 ostendens

1535 3982 1702 4031 latere
1744 3980 2063 4044 respondit“
2110 3984 2217 4029 etc.
2290 3979 2373 4027 De
2418 3978 2627 4028 Lacae-

1535 4064 1609 4098 na
1662 4048 1881 4098 muliere
1935 4048 2135 4099 similia
2192 4046 2361 4098 tradit
2414 4047 2626 4097 Plutar-

1535 4118 1668 4168 chus
1706 4118 1870 4167 Morr.
1910 4118 1984 4168 11.
2027 4135 2079 4182 p.
2118 4119 2210 4168 241
2244 4117 2309 4177 B,
2346 4117 2439 4165 ubi
2477 4117 2625 4168 conf.

1534 4185 1924 4251 Wyttenbach.
1969 4186 2378 4236 Animadversa
2428 4186 2494 4235 T.
2546 4187 2624 4237 11.

1533 4271 1662 4320 pag.
1717 4254 1879 4314 1219;
1951 4255 2018 4304 de
2062 4257 2351 4306 Persarum
2409 4254 2625 4304 seminis

1535 4325 1682 4374 conf.
1727 4322 1952 4373 eundem
1992 4324 2342 4375 Plutarchum
2382 4324 2456 4374 11.
2496 4338 2622 4390 pag.
