3109 5092
448 337 531 398 50
1319 334 1853 396 HERODOTI

452 508 528 576 δὲ
575 506 876 595 χρήματα
924 504 1179 593 μεγάλα
1234 511 1524 592 θελῆσαι
1570 502 1787 573 ὀπίσω
1834 506 1901 583 ἐς
1940 503 2296 592 Κόρινθον
2336 499 2727 571 ἀπικέσθαι.

449 606 793 700 ὁρμᾶσθαι
818 610 943 696 μέν
968 634 1101 677 νυν
1129 610 1203 678 ἐκ
1244 605 1611 696 Τάραντος,
1642 605 2044 677 πιστεύοντα
2070 605 2147 674 δὲ
2175 602 2530 694 οὐδαμοῖσι
2558 610 2725 692 μᾶλ-

449 723 572 784 λον
610 706 653 801 ἦ
687 716 1115 800 Κορινθίοισι
1132 762 1151 795 ,
1208 711 1691 798 μισθώσασθαι
1728 720 1966 779 πλοῖον
2001 705 2275 797 ἀνδρῶν
2308 715 2727 799 Κορινθίων.

449 814 604 895 τούς
640 815 715 883 δὲ
756 817 831 883 ἐν
867 817 961 906 τῷ
997 812 1277 914 πελάγεϊ
1317 812 1824 902 ἐπιβουλεύειν,
1870 809 1990 880 τὸν
2031 809 2299 900 Ἀρίονα
2330 809 2735 899 ἐκβαλόντας

451 925 630 1007 ἔχειν
668 914 750 985 τὰ
782 915 1103 1004 χρήματα.
1165 914 1286 985 τὸν
1325 916 1401 987 δὲ
1436 918 1726 986 συνέντα
1758 919 1956 984 τοῦτο
1994 921 2349 983 λίσσεσθαι
2369 964 2388 997 ,
2433 912 2733 1002 χρήματα

450 1024 577 1111 μέν
601 1041 725 1109 σφι
758 1020 1106 1107 προϊέντα,
1154 1017 1380 1108 ψυχὴν
1426 1020 1501 1089 δὲ
1544 1017 2091 1111 παραιτεόμενον.
2165 1013 2292 1086 οὐκ
2328 1008 2427 1086 ὧν
2460 1015 2544 1103 δὴ
2584 1021 2729 1084 πείκ

449 1136 611 1194 θειν
658 1119 866 1192 αὐτὸν
897 1124 1192 1191 τούτοισι
1213 1144 1227 1157 ·
1296 1120 1465 1191 ἀλλὰ
1500 1120 1809 1191 κελεύειν
1851 1117 2009 1201 τοὺς
2055 1120 2402 1208 πορθμέας
2445 1114 2488 1207 ἢ
2527 1116 2736 1187 αὐτὸν

453 1230 866 1317 διαχρᾶσθαί
893 1253 1046 1313 μιν,
1094 1218 1183 1305 ὥς
1228 1219 1314 1293 ἄν
1345 1228 1561 1312 ταφῆς
1595 1227 1671 1294 ἐν
1708 1229 1796 1315 γῇ
1831 1221 2032 1311 τύχῃ,
2078 1217 2119 1310 ἢ
2158 1225 2462 1313 ἐκπηδᾷν
2509 1223 2573 1302 ές
2611 1218 2736 1309 τὴν

451 1329 811 1398 θάλασσαν
834 1324 961 1415 τὴν
988 1333 1324 1415 ταχίστην.
1391 1325 1847 1416 ἀπειληθέντα
1894 1325 1968 1394 δὲ
2003 1323 2123 1394 τὸν
2161 1321 2430 1415 Ἀρίονα
2465 1326 2530 1404 ἐς
2564 1321 2732 1392 ἄπο-

456 1439 615 1521 ρίην
652 1427 1229 1519 παραιτήσασθαι,
1277 1430 1511 1520 ἐπειδή
1549 1454 1672 1518 σφι
1707 1426 1883 1500 οὕτω
1928 1430 2186 1515 δοκέοι,
2235 1433 2572 1517 περιιδεῖν
2610 1423 2732 1496 αὐ-

454 1598 638 1662 Atque
679 1596 736 1645 in
769 1595 891 1660 ipsa
928 1594 1159 1646 Graecia
1195 1596 1283 1645 cui
1318 1596 1539 1662 ignotus
1640 1588 1897 1661 χρήματα
1944 1589 2050 1659 μέν
2088 1607 2191 1658 σφι
2241 1588 2536 1660 προϊέντα]
2588 1591 2740 1643 Wes-

452 1666 795 1749 Poncrates3
824 1664 1129 1715 Samiorum
1165 1670 1448 1730 tyrannus,
1485 1670 1541 1716 et
1642 1664 1895 1747 selingi0‚
1926 1665 2015 1715 cui
2045 1678 2302 1745 praesens
2329 1660 2597 1781 συνϊέιέἇῗ
2631 1678 2741 1780 ner}-

453 1752 549 1857 {¹2¹3
581 1731 956 1855 {fflssessssfflv
978 1740 1381 1869 fflmp‘ifssssffi
1404 1752 1541 1855 ἔὲἒὲ
1643 1752 1728 1869 ξίῗ
1754 1731 2739 1865 1322052211‘2’1222022‘1't22’effiss’sefiwghl

456 1874 728 1941 persequi,
776 1872 937 1922 huius
972 1871 1081 1923 loci
1126 1889 1236 1923 non
1278 1880 1382 1925 est.
1434 1874 1545 1925 Ad-
1644 1875 1786 1925 Nam
1819 1874 1952 1937 ipsa.
1974 1876 2276 1936 temporum
2301 1871 2444 1920 ratio
2480 1870 2739 1934 praeteri-

458 1948 642 1996 monet
687 1944 786 1995 Cr.
841 1956 1025 1992 eorum
1046 1980 1060 2006 ,
1111 1958 1251 2007 quae
1288 1942 1544 2009 leguntur
1644 1948 1760 1993 tum
1785 1942 2019 2007 flagitat,
2047 1947 2109 1990 ut
2134 1957 2262 1990 mox
2297 1955 2555 2005 praesens
2576 1944 2742 2022 προϊ-

456 2015 517 2064 in
550 2014 643 2063 Fr.
685 2009 957 2075 Schlegel.
1003 2011 1200 2062 Gesch.
1239 2014 1292 2063 d.
1342 2013 1544 2079 griech.
1651 2011 1802 2062 εντα.
1848 2012 2058 2061 Eodem
2106 2010 2220 2060 fere
2264 2025 2428 2060 sensu
2477 2015 2744 2073 προϊεναι

456 2084 619 2133 Poes.
656 2096 709 2144 p.
748 2080 869 2130 220.
899 2078 987 2144 [Τ.
1020 2081 1136 2134 111.
1204 2118 1218 2131 .
1254 2084 1358 2133 250
1385 2080 1549 2148 Opp.]
1651 2081 1798 2146 apud
1836 2080 2113 2145 Aristoph.
2150 2079 2294 2131 Nub.
2333 2078 2490 2130 1216.
2563 2079 2741 2129 Vocu-

1652 2150 1762 2200 lam
1799 2162 1930 2213 σφι,
1971 2165 2110 2214 quae
2147 2148 2312 2213 vulgo
2350 2153 2474 2213 post
2510 2144 2740 2211 προϊέν-

1652 2234 1722 2268 τα
1754 2219 2068 2282 legebatur‚
2106 2235 2229 2269 cnm
2267 2218 2445 2268 Schw.
2473 2221 2528 2267 et
2564 2214 2741 2268 Gaisf.

526 2142 819 2213 ὁρμᾶσθαι
855 2143 961 2211 μέν
1000 2163 1107 2198 νυν
1233 2143 1550 2216 Τάραντος]

456 2209 748 2283 ὁρμᾶσθαι
774 2216 865 2265 hic
902 2214 997 2281 'pro
1035 2214 1315 2280 μέλλειν
1349 2211 1379 2268 ὁ
1394 2217 1550 2284 ρμᾶ-

460 2286 629 2337 σθαι
686 2286 894 2335 dictum
946 2284 1067 2334 vult
1121 2285 1363 2352 stegen,
1422 2289 1551 2352 quia

462 2355 685 2407 omnino
730 2354 945 2417 saepius
990 2358 1234 2419 tempore
1278 2358 1555 2421 praesenti

460 2427 718 2477 consilium
740 2421 915 2472 solum
945 2422 1237 2475 indicetur.
1275 2426 1383 2475 Sed
1412 2427 1553 2476 hanc

461 2493 921 2560 significationem
969 2494 1026 2542 in
1076 2495 1195 2558 ipso
1242 2496 1409 2545 verbo
1442 2496 1553 2546 iam

461 2566 641 2615 inesse
675 2566 864 2612 notum
890 2566 992 2612 est.
1030 2564 1202 2614 Recte
1219 2563 1550 2631 Schweigh.:

457 2649 609 2698 „cum
649 2632 872 2683 Tarento
895 2632 1228 2697 profectum
1256 2638 1451 2685 esset.“

532 2694 670 2759 τοὺς
717 2696 781 2750 δὲ
829 2691 889 2750 ἐν
933 2699 1015 2769 τῷ
1059 2693 1291 2766 πελάγεϊ
1323 2694 1552 2771 ἐπιβου-

460 2764 650 2823 λεύειν
684 2786 738 2819 κ.
777 2785 825 2819 τ.
875 2769 948 2835 λ.]
999 2772 1228 2822 Sensum
1281 2772 1419 2823 bene
1465 2788 1553 2822 ex-

462 2840 664 2906 pressit
721 2839 1057 2905 Schweigh.:
1129 2850 1355 2905 „nautas
1412 2857 1551 2905 vere,

462 2925 570 2961 cum
615 2907 789 2973 (terra
833 2907 1052 2971 relicta,
1106 2914 1271 2974 portu
1319 2910 1555 2975 egressi)

458 2980 514 3026 in
549 2979 655 3025 alto
688 2979 787 3025 iam
822 2985 1015 3037 essene,
1050 2981 1305 3028 consiliam
1333 2983 1559 3043 αρίιαεεε

463 3046 529 3098 de
564 3044 758 3094 Arione
784 3046 1121 3107 proiiciendO,
1157 3062 1254 3110 quo
1286 3050 1446 3110 ipsius
1463 3063 1558 3112 pe-

462 3115 623 3164 ctmiis
640 3114 989 3175 potirentur.“
1033 3114 1192 3175 Quod
1219 3131 1411 3167 moneo
1435 3131 1560 3181 pro·

465 3186 586 3247 pter
609 3180 941 3231 Lai-cherum
980 3187 1035 3231 et
1071 3184 1119 3231 si
1155 3185 1247 3249 qui
1283 3184 1426 3236 forte
1451 3186 1555 3236 boc

466 3252 590 3301 loco
627 3249 938 3315 offendant,
988 3266 1221 3315 quocum
1257 3255 1448 3304 verba:
1484 3281 1555 3290 —

463 3310 505 3385 ἢ
552 3309 732 3368 αὐτὸν
775 3316 1135 3385 διαχρᾶσθαί
1180 3337 1307 3386 μιν,
1357 3312 1435 3380 ὥς
1480 3312 1554 3373 ἄν

465 3385 656 3452 ταφῆς
711 3377 772 3438 ἐν
819 3388 893 3455 γῇ
941 3378 1083 3454 τύχῃ
1128 3392 1306 3441 minus
1357 3385 1556 3443 conire-

465 3459 582 3510 nire
620 3462 840 3522 putent3
877 3464 969 3522 ut,
1008 3473 1149 3523 quae
1184 3461 1373 3511 Arioni
1412 3463 1555 3511 acci-

470 3528 686 3589 derint,
731 3544 841 3578 non
886 3529 944 3578 in
990 3527 1104 3577 alto
1151 3531 1315 3591 mari,
1366 3532 1460 3581 sed
1497 3533 1552 3581 in

468 3601 629 3662 portu
664 3597 962 3649 Tarentino
995 3597 1176 3649 aliae
1215 3599 1336 3650 loco
1373 3606 1553 3651 terrae

466 3667 712 3729 proximo
766 3668 1085 3719 acciderint.
1160 3670 1309 3732 Quos
1358 3671 1552 3723 merito

466 3748 578 3785 non
609 3734 826 3786 audivit
854 3736 1269 3801 WesselingiuS.
1306 3741 1555 3806 Namque

466 3806 672 3851 nautae
702 3804 921 3867 Adoni,
961 3805 1007 3854 si
1045 3821 1104 3854 se
1136 3806 1254 3870 ipsc
1286 3808 1559 3859 interfice-

467 3874 571 3933 ret,
607 3883 757 3933 spem
792 3872 987 3933 fecere,
1026 3874 1159 3935 fore,
1190 3882 1250 3925 ut
1283 3892 1380 3941 pro
1408 3893 1558 3928 more

469 3937 540 3991 ab
573 3938 737 4002 ipsis,
772 3939 844 3989 ad
882 3943 1082 3990 terram
1114 3944 1163 3991 si
1197 3945 1556 4011 appulissent,

469 4006 807 4071 sepeliretur.
845 4009 953 4071 Qui
990 4010 1131 4059 enim
1168 4027 1317 4063 mare
1353 4030 1556 4079 perme-

469 4081 628 4127 antes
664 4078 783 4127 vita
817 4076 1063 4128 defuncti
1097 4085 1271 4142 erant,
1318 4098 1412 4133 eos
1448 4099 1558 4133 non

470 4146 531 4197 in
565 4159 715 4195 mare
750 4148 1048 4210 proiectos,
1086 4148 1181 4199 sed
1219 4151 1275 4198 in
1308 4153 1558 4216 proxima

472 4229 692 4280 quaque
746 4220 894 4266 terra
946 4216 1188 4283 sepultos
1246 4235 1366 4271 esse
1424 4223 1563 4272 satis

478 4288 718 4334 constat.

540 4343 643 4401 τὸν
672 4344 739 4403 δὲ
770 4352 1009 4405 συνέντα
1039 4352 1210 4407 τοῦτο
1246 4353 1563 4422 λίσσεσθαι,

1651 2288 2062 2351 anteposuimus
2131 2287 2412 2337 meliorum
2483 2286 2742 2336 librorum

1653 2357 2007 2409 auctoritate.
2044 2387 2116 2396 ——-
2147 2358 2233 2406 De
2257 2353 2608 2420 διαχρᾶσθαι
2643 2356 2744 2421 (in-

1655 2424 1914 2489 terficere)
1946 2426 2092 2476 conf.
2134 2427 2180 2487 1,
2216 2426 2318 2477 110
2353 2425 2486 2490 ibiq.
2524 2430 2640 2475 not.

1721 2486 2112 2557 ἀπειληθέντα
2157 2487 2221 2544 δὲ
2268 2485 2374 2542 τὸν
2421 2485 2648 2557 Ἀρίονα
2691 2481 2747 2549 ἐς

1654 2553 1932 2628 ἀπορίην]
1967 2565 2006 2614 i.
2035 2579 2085 2614 e.
2110 2564 2390 2628 „Arionem
2422 2564 2495 2613 ad
2524 2564 2620 2613 leae
2655 2577 2746 2613 an-

1647 2635 1848 2697 gustias
1872 2649 1917 2684 S.
1946 2635 2019 2683 ad
2037 2633 2168 2683 hanc
2190 2635 2408 2696 inopiam
2431 2629 2748 2683 redactmnf‘

1656 2694 1974 2764 ἄπειλέω,
2011 2702 2097 2751 uti
2120 2694 2385 2765 ἀπείλλω,
2419 2702 2610 2752 eadem
2643 2701 2747 2766 pri-

1654 2772 1848 2821 mitiva
1880 2772 2122 2835 volvendi,
2157 2772 2412 2834 vertendi,
2452 2771 2578 2820 dein
2623 2786 2748 2820 com-

1651 2840 1893 2903 pellendi,
1930 2842 2198 2891 coercendi
2230 2839 2650 2905 significatione,
2689 2836 2750 2887 il—

1657 2910 2053 2973 lustraverunt,
2102 2914 2357 2959 monente
2402 2910 2512 2972 Cr„
2569 2907 2749 2959 Ruhn-

1659 2980 1789 3029 ken.
1828 2982 1995 3043 atque
2028 2979 2405 3028 Hemsterhus.
2440 2979 2513 3029 ad
2538 2977 2750 3027 Timaei

1660 3049 1796 3099 Lex.
1835 3046 2053 3097 Platon.
2091 3064 2143 3112 p.
2183 3047 2251 3099 69
2289 3063 2410 3112 sqq.
2457 3046 2747 3098 Heindorf.

1660 3117 1734 3167 ad
1769 3115 1989 3167 Platon.
2027 3114 2197 3182 Gorg''.
2240 3134 2294 3181 p.
2328 3116 2448 3166 259.

1733 3182 2016 3250 περιιδεῖν
2077 3178 2257 3235 αὐτὸν
2324 3175 2384 3233 ἐν
2443 3181 2515 3232 τ’
2576 3178 2749 3248 σκευῇ

1657 3246 1812 3319 πάσῃ
1867 3246 2075 3303 στάντα
2128 3246 2189 3304 ἐν
2244 3255 2394 3303 τοῖσι
2512 3251 2749 3314 ωλίοισι,

1657 3313 1864 3388 ἀεῖσαι]
1915 3325 1962 3373 Ε
2013 3322 2327 3374 melioribus
2381 3321 2543 3372 codd.
2597 3336 2750 3370 revo-

1659 3391 1783 3441 cavi
1822 3388 2105 3455 περιιδεῖν
2138 3407 2235 3457 pro
2267 3387 2594 3455 περιιδέειν,
2629 3406 2748 3454 pro-

1657 3461 1826 3511 hante
1877 3461 2111 3512 Bredov.
2162 3477 2214 3525 p.
2269 3461 2391 3512 326.
2446 3460 2532 3511 Cf.
2584 3459 2748 3509 etiam

1658 3530 1915 3580 Dindorf.
1958 3546 2012 3595 p.
2051 3530 2255 3580 XXIV.
2295 3534 2350 3579 et
2387 3528 2530 3578 infra
2571 3529 2618 3592 1,
2660 3528 2746 3578 32.

1658 3600 1745 3649 Ad
1782 3600 2244 3650 constructionem
2291 3597 2427 3660 loci,
2467 3598 2561 3646 ubi
2596 3612 2749 3663 prae-

1657 3673 1743 3718 ter
1778 3684 1980 3718 morem
2020 3667 2323 3718 infinitivus
2359 3668 2525 3717 verbo
2555 3681 2626 3716 πε
2666 3681 2748 3715 ιο-

1659 3735 1894 3801 ρᾶσθαι,
1919 3738 2063 3803 quod
2096 3738 2243 3787 idem
2266 3735 2414 3787 valet
2442 3742 2610 3802 atque
2657 3733 2747 3797 ἄν,

1657 3806 1879 3856 additus
1915 3812 2018 3870 est,
2052 3807 2199 3856 conf.
2232 3807 2503 3857 Kuehner.
2534 3806 2628 3856 Gr.
2655 3806 2748 3856 Gr.

1660 3878 1710 3938 §-
1736 3876 1858 3927 660.
1879 3881 1997 3927 not.
2026 3877 2074 3926 1.
2113 3875 2354 3927 Vocibus
2383 3866 2446 3924 ἐν
2468 3871 2541 3940 τῇ
2576 3870 2747 3939 σκευῇ

1660 3937 1817 4010 πάσῃ
1866 3960 2078 3995 omnem
2124 3944 2419 3996 solemnem
2466 3949 2750 4009 poetarum

1664 4016 1720 4063 et
1755 4013 2194 4065 citharoedorum
2248 4018 2498 4063 ornatum
2535 4014 2606 4064 ab
2644 4014 2751 4064 He·

1663 4084 1859 4134 rodoto
1896 4085 2124 4150 exprimi
2157 4088 2341 4134 monet
2370 4084 2490 4146 Cr„
2517 4084 2611 4147 qui
2639 4083 2753 4133 lau·

1664 4152 1762 4201 dat
1799 4154 2081 4218 Wyttenb.
2123 4154 2195 4203 ad
2232 4151 2512 4203 Plutarch.
2553 4150 2750 4202 Moral.

1664 4222 2074 4273 Animadverss.
2124 4224 2167 4286 1,
2214 4224 2265 4273 2.
2305 4238 2356 4286 p.
2407 4219 2527 4270 982.
2589 4221 2752 4269 Hem-

1666 4292 1902 4343 sterhus.
1939 4293 2011 4342 ad
2049 4291 2398 4343 Luciam-II.
2439 4305 2491 4351 p.
2530 4287 2626 4337 371
2666 4304 2750 4352 sq.

1669 4360 1756 4411 ed.
1792 4360 1914 4426 Bip.
1950 4361 2205 4426 Inprimis
2253 4374 2380 4411 vero
2426 4356 2515 4405 hic
2552 4355 2754 4406 stolam

2941 747 2968 767 0
