3109 5092
1100 342 1153 400 E
1175 342 1605 401 UTERPF..
1654 342 1739 400 II.
1786 348 1907 404 127.

2449 381 2459 390 ·
2526 340 2636 402 721

364 523 571 583 λίθου
601 518 1021 583 Αἰθιοπικοῦ
1061 521 1404 596 ποικίλου,
1445 513 1935 602 τεσσεράκοντα
1981 513 2192 593 πόδας
2235 509 2494 601 ὑποβὰς
2532 519 2648 602 τῆς

364 621 591 705 ἑτέρης
649 614 868 685 τώυτὸ
926 621 1253 704 μέγαθος,
1329 620 1655 705 ἐχομένην
1710 622 1825 704 τῆς
1881 617 2172 705 μεγάλης
2226 617 2643 705 οἰκοδόμησε.

363 724 588 790 ἑστᾶσι
635 721 711 789 δὲ
742 721 851 789 ἐπὶ
883 721 1100 808 λόφου
1132 726 1254 790 τοῦ
1293 717 1510 789 αὐτοῦ
1535 717 1944 810 ἀμφότεραι,
1987 720 2273 808 μάλιστα
2302 724 2370 800 ἐς
2401 719 2644 790 ἑκατὸν

363 824 574 903 πόδας
619 819 908 911 ὑψηλοῦ.
979 829 1375 911 βασιλεῦσαι
1406 824 1480 891 δὲ
1521 830 1757 910 ἔλεγον
1785 829 2111 913 Χεφρῆνα
2158 827 2223 905 ἓξ
2254 826 2364 892 καὶ
2398 824 2640 913 πεντή-

359 990 545 1056 telligo
589 990 656 1040 de
703 991 908 1050 ordine,
952 1005 1189 1055 compasse
1235 991 1454 1052 lapidum

361 1063 416 1110 111
461 1059 727 1110 aedificio.
800 1060 927 1109 vid.
967 1059 1025 1121 1,
1069 1059 1184 1110 179.
1257 1059 1453 1125 Itaque

360 1131 462 1180 hoc
496 1129 618 1180 loco
655 1130 724 1178 ad
764 1143 884 1178 eum
919 1128 1161 1193 lapidum
1208 1128 1452 1180 ordinem

360 1201 565 1262 refero,
590 1200 681 1264 qui
711 1198 1037 1262 crepidinem
1063 1197 1228 1260 (nunc
1251 1204 1453 1249 vocant

357 1269 568 1322 Soekel)
611 1267 905 1333 pyramidis
943 1267 1235 1318 exhibebat
1279 1274 1334 1318 et
1381 1268 1451 1320 ad

360 1339 502 1388 hanc
549 1340 725 1403 ipsam
763 1337 1098 1401 pertinebat:
1145 1337 1286 1388 hane
1322 1353 1450 1389 vero

361 1409 533 1472 ipsam
562 1406 890 1472 crepidinem
909 1407 1252 1473 Aethiopico,
1290 1423 1446 1473 quem

359 1478 559 1527 Noster
594 1477 757 1537 dicit,
797 1476 978 1540 lapide
1015 1477 1323 1527 confectam
1355 1478 1449 1527 ad-

361 1547 467 1596 huc
512 1561 795 1611 superesse
841 1546 1053 1595 invenit
1105 1547 1278 1610 Vyse;
1333 1546 1444 1596 vid.

357 1616 533 1667 Raoul
591 1616 857 1666 Rochette
919 1615 1150 1666 Journal
1203 1615 1256 1668 d.
1314 1616 1445 1666 Sav.

363 1687 515 1737 1844.
553 1702 606 1750 p.
651 1687 768 1745 162,
804 1685 1078 1734 Letronne
1115 1684 1250 1736 ibid.
1295 1685 1445 1736 1841.

358 1771 411 1819 p.
436 1754 557 1805 453.
579 1755 699 1816 460,
739 1753 964 1803 Recueil
995 1754 1089 1804 des
1117 1756 1293 1804 Inscr.
1324 1755 1451 1805 d'E-

357 1830 511 1889 gypt.
551 1823 624 1873 11.
655 1840 708 1888 p.
733 1823 852 1884 503,
893 1824 1113 1872 Bunsen
1139 1822 1212 1873 11.
1242 1838 1294 1886 p.
1331 1825 1445 1886 150,

356 1893 552 1944 Iacobs
587 1892 625 1944 l.
668 1893 704 1943 1.
744 1908 797 1958 p.
835 1893 922 1941 28.
1000 1893 1085 1942 De
1130 1892 1304 1954 lapide
1343 1893 1447 1942 Ae-

356 1964 569 2025 thiopico
605 1962 751 2012 conf.
789 1962 872 2023 11,
915 1960 984 2010 86
1034 1961 1165 2025 ibiq.
1214 1966 1356 2013 nott.
1393 1968 1448 2011 et

357 2032 501 2081 infra
537 2031 620 2093 11,
672 2031 790 2082 134.
833 2030 951 2080 176.
1034 2031 1138 2079 Vix
1175 2031 1316 2080 enim
1370 2030 1449 2080 di-

360 2116 546 2150 versus
577 2100 718 2165 lapis
753 2100 822 2149 ab
851 2114 933 2161 eo,
973 2101 1066 2164 qui
1104 2100 1159 2149 in
1181 2100 1449 2163 Mycerini

354 2168 631 2236 pyramide
685 2169 1073 2231 adhibebatur,
1129 2171 1445 2234 variegatus

357 2245 453 2290 aut
487 2239 810 2300 versicolor,
848 2254 1038 2303 nempe
1071 2239 1228 2304 nigro
1267 2239 1446 2289 colore

354 2310 411 2358 in
449 2309 668 2359 rubrum
703 2315 961 2372 vergente
995 2314 1091 2358 aut
1129 2308 1307 2357 rubris
1338 2324 1446 2358 ma-

355 2379 489 2429 culis
530 2378 821 2428 distinctus
858 2393 923 2427 ac
957 2378 1195 2427 fortasse
1241 2377 1308 2428 de
1350 2377 1444 2428 illo

355 2449 613 2513 Syenitae
646 2463 870 2513 genere,
905 2463 1062 2512 quem
1085 2450 1446 2511 pyropoecilon

356 2518 484 2567 olim
526 2522 780 2568 vocatum
822 2516 992 2566 fuisse
1032 2516 1236 2566 Plinius
1283 2518 1447 2566 refert

357 2588 429 2637 H.
459 2588 529 2638 N.
556 2588 703 2646 XVI,
740 2587 791 2650 8,
836 2586 915 2637 13.
988 2587 1141 2636 Haec
1178 2585 1448 2650 Schweig-

356 2656 546 2707 haeus.
583 2656 652 2705 ad
691 2656 765 2718 11,
806 2656 923 2714 134,
962 2656 1056 2704 ubi
1085 2655 1278 2704 laudat
1313 2656 1442 2705 Dio-

357 2724 473 2778 dor.
513 2725 558 2786 1,
600 2727 688 2775 64.
747 2725 1002 2774 Strabon.
1037 2723 1219 2774 XVII.
1251 2740 1305 2788 p.
1339 2725 1444 2774 808

360 2792 434 2860 [p.
466 2795 592 2845 1161
623 2794 682 2843 C.
710 2792 781 2857 D]
819 2798 874 2842 et
896 2793 1236 2843 Abd-Allatif
1259 2809 1311 2858 p.
1343 2794 1442 2844 173

356 2865 491 2928 ibiq.
523 2862 762 2927 Sylvest.
784 2863 851 2911 de
878 2862 1019 2925 Sacy
1047 2877 1169 2927 pag.
1202 2864 1304 2914 214
1327 2879 1440 2928 seq.

357 2934 447 2986 Gr.
487 2937 669 2983 monet
704 2947 800 2995 pro
838 2931 1018 2995 lapide
1041 2931 1252 2994 Syeniea
1286 2930 1442 2996 (Gra-

355 3003 445 3067 m't)
486 3001 731 3067 accipere
781 3001 970 3051 doctos
1009 3000 1196 3051 Gallos
1245 3002 1300 3051 in
1339 3003 1442 3051 De-

354 3072 541 3136 script.
580 3072 645 3121 de
691 3070 934 3135 l'Egypt.
983 3069 1156 3120 Theb.
1203 3071 1313 3121 vol.
1364 3071 1438 3121 11.

353 3158 405 3205 p.
445 3143 575 3202 142,
624 3157 724 3191 nec
768 3140 927 3190 aliter
977 3141 1092 3190 sere
1136 3141 1439 3191 Letronne.

354 3213 459 3262 Sur
506 3211 553 3261 le
608 3211 860 3260 tombeau
908 3210 1266 3275 d'Osymand.
1313 3212 1441 3276 (Pa-

353 3281 447 3330 ris.
491 3280 648 3340 1822)
695 3295 824 3343 pag.
870 3279 902 3328 3
940 3295 1091 3344 seqq.
1177 3281 1261 3329 Tu
1313 3279 1440 3331 add.

351 3350 497 3398 Hirt.
535 3347 570 3397 l.
612 3348 647 3397 1.
690 3365 741 3412 p.
782 3349 874 3409 12,
921 3349 1007 3397 cui
1042 3348 1185 3412 lapis
1223 3348 1442 3398 Aethio-

351 3418 505 3481 picus
542 3423 654 3466 est:
707 3418 802 3464 der
836 3417 1295 3480 roehyesprenkelte
1341 3419 1446 3465 mul

354 3486 702 3536 schwci'rzliclve
736 3485 927 3546 Syenit.
990 3485 1276 3549 Copiosam
1311 3501 1440 3534 vero

355 3555 418 3605 de
455 3554 538 3603 his
577 3553 998 3616 disputationem
1029 3553 1269 3601 instituit
1297 3553 1441 3602 Gail.

353 3626 410 3674 in
446 3621 609 3673 Mem.
660 3622 726 3671 ‹le
773 3621 986 3670 l'instit:
1039 3622 1194 3670 VIII.
1245 3638 1296 3684 p.
1345 3622 1441 3671 150

353 3710 501 3758 seqq.
563 3692 668 3754 Qui
698 3697 750 3740 et
786 3692 902 3755 ipse
937 3691 992 3739 in
1021 3690 1284 3740 Herodoti
1319 3691 1440 3740 loco

353 3762 732 3826 Aethiopicum
783 3759 1016 3824 lapidem
1070 3760 1266 3809 statuit
1320 3776 1440 3809 esse

355 3835 572 3888 Graan,-
626 3831 717 3896 qui
753 3846 874 3880 cum
912 3829 1124 3879 dicatur
1163 3828 1439 3890 ποικίλος,

356 3902 583 3964 indicari
629 3904 786 3965 putat
833 3898 1108 3964 peculiare
1156 3899 1318 3948 huius
1363 3897 1439 3947 la-

352 3970 493 4034 pidis
526 3985 724 4034 genus:
777 3984 887 4030 „nn
923 3967 1117 4033 espece
1155 3968 1220 4018 de
1257 3968 1441 4032 granit

352 4037 564 4088 nuance
600 4039 666 4088 de
702 4038 944 4088 diverses
990 4036 1237 4088 couleurs
1284 4041 1439 4087 natu-

351 4108 537 4169 renes,
597 4122 701 4157 une
749 4104 964 4156 variet&
1007 4108 1142 4157 dans
1190 4105 1267 4157 les
1314 4121 1439 4155 cou-

351 4178 495 4227 leurs
529 4177 596 4226 de
633 4175 687 4225 la
722 4177 978 4225 nature.“
1044 4179 1088 4226 A
1123 4191 1228 4240 quo
1266 4175 1438 4224 diver-

351 4262 470 4297 sum
506 4249 586 4297 ait
605 4244 832 4295 Diodori
854 4243 1031 4293 λίθον
1066 4241 1333 4294 ποικίλον
1370 4244 1437 4307 (Ι,

351 4315 472 4379 64);
523 4315 662 4364 hunc
699 4314 838 4364 enim
878 4329 1027 4365 esse:
1084 4329 1228 4376 „une
1265 4314 1439 4378 pierre

351 4385 574 4434 revetue
615 4384 682 4433 de
729 4382 980 4434 couleurs
1033 4383 1165 4434 dues
1214 4383 1248 4434 a
1293 4382 1438 4446 Part,

437 4486 780 4530 HERODOT·
829 4487 875 4527 1.

1556 1006 1663 1041 une
1716 988 1928 1041 variet&
1975 991 2110 1040 dans
2156 989 2235 1040 les
2284 990 2532 1041 couleurs
2579 990 2644 1040 de

1625 1119 2034 1208 τεσσεράκοντα
2070 1119 2256 1184 πόδας
2285 1117 2507 1193 ὑποβὰς
2544 1125 2646 1192 τῆς

1553 1189 1744 1264 ἑτέρης
1775 1188 1953 1247 τώυτὸ
1987 1194 2259 1263 μέγαθος]
2297 1198 2450 1249 Haec
2479 1199 2646 1248 verba

1553 1273 1704 1319 recte
1728 1269 1837 1317 iam
1860 1267 2128 1317 intellexit
2147 1267 2476 1332 Wesseling.
2502 1268 2644 1318 hunc

1553 1339 1611 1388 in
1643 1337 1884 1388 modum.
1934 1338 2276 1402 quadraginta
2308 1339 2468 1398 pedes
2502 1339 2643 1402 infra

1548 1412 1762 1460 alteriue
1803 1408 2176 1471 maqnituclinem
2211 1407 2482 1470 deyressus
2526 1422 2642 1456 eon—

1548 1480 1733 1541 tiyuam
1767 1491 1975 1541 maenae
2012 1473 2325 1541 (pyramidi)
2360 1479 2639 1528 exstruxit.

1547 1548 1626 1597 Et
1660 1548 1741 1597 ita
1785 1561 2001 1611 quoque
2042 1546 2257 1595 lacobs.
2296 1544 2333 1596 l.
2381 1545 2420 1596 l.
2456 1562 2511 1609 p.
2550 1547 2638 1596 28.

1550 1615 1622 1666 38
1659 1622 1715 1667 et
1748 1616 1948 1680 Negris
1984 1615 2055 1665 ad
2084 1615 2138 1666 11.
2167 1614 2203 1664 l.
2260 1615 2459 1665 Omisit
2490 1616 2643 1665 WVes·

1552 1685 1752 1750 seling.
1793 1700 1982 1734 vocem
2019 1676 2219 1746 τωυτὸ,
2259 1699 2423 1748 quam
2460 1690 2641 1734 tamen

1552 1771 1662 1804 non
1710 1755 1827 1804 sine
1873 1755 1931 1802 vi
1963 1753 2198 1818 quadam
2242 1753 2483 1803 additam
2519 1768 2642 1804 cen·

1552 1829 1638 1872 eet
1671 1821 1950 1885 Schwgh..
1988 1824 2123 1886 quod
2153 1823 2227 1871 ad
2258 1823 2464 1872 eandem
2500 1819 2561 1886 (i.
2589 1838 2638 1873 e.

1551 1891 1759 1957 parem)
1788 1891 2165 1955 myrtiludinem
2189 1899 2401 1953 spectat,
2426 1907 2522 1942 non
2545 1894 2643 1943 niet·

1550 1963 1893 2027 quadraginta
1934 1960 2152 2039 pedibus
2196 1961 2335 2024 infra
2383 1976 2490 2010 eam
2523 1961 2640 2010 eub-

1549 2033 1692 2081 stitit.
1776 2031 1882 2079 Pro
1938 2020 2187 2095 ὑποβὰς,
2249 2030 2393 2094 quod
2451 2045 2639 2079 omnes

1551 2105 1740 2151 tenent
1774 2099 1926 2160 111111,
1978 2099 2197 2149 Reizius
2234 2098 2460 2149 dederat
2498 2090 2638 2149 ὑπό-

1549 2167 1734 2236 βασιν,
1760 2136 2338 2234 801180101.ὑποβάσι;
2367 2168 2638 2234 Schweig-

1549 2240 1871 2300 haeuserus,
1912 2238 1957 2286 si
1996 2237 2125 2302 quid
2156 2238 2491 2317 mutandum,
2528 2254 2638 2288 ma·

1547 2308 1740 2359 luisset
1775 2276 2076 2373 ὑποβᾶσαν
2116 2304 2216 2370 τῆς
2245 2299 2461 2372 ἑτέρης,
2511 2309 2638 2371 inse·

1547 2382 1758 2436 rior-em,
1819 2378 2183 2440 depressiorem
2234 2379 2420 2430 altera
2516 2378 2635 2438 Quo

1549 2449 1667 2513 ipso
1691 2463 1797 2496 non
1831 2447 2005 2510 magis
2032 2460 2166 2510 opus
2195 2461 2357 2510 quam
2384 2461 2466 2508 eo,
2492 2446 2637 2511 quod

1542 2517 1786 2567 tentavit
1822 2517 2095 2566 Letronne
2142 2513 2499 2578 (Recherehes
2545 2531 2637 2566 sur

1547 2586 1627 2636 les
1670 2586 1940 2650 fragmens
1978 2583 2220 2633 dHeron
2253 2589 2357 2634 etc.
2394 2599 2449 2647 p.
2489 2584 2634 2648 187),

1546 2656 1637 2720 qui
1674 2654 1842 2704 verba
1886 2643 2292 2713 τεσσεράκοντα
2344 2649 2527 2709 πόδας
2565 2654 2636 2704 ad

1543 2723 1927 2773 antecedentia
1963 2720 2183 2771 trahens
2226 2722 2447 2787 scripsit
2490 2715 2634 2771 ὑπό-

1544 2790 1712 2859 βασιν
1751 2791 1990 2842 Reizium
2039 2794 2259 2839 secutus
2300 2806 2526 2856 eumque
2577 2792 2633 2841 in

1545 2862 1761 2913 modum
1808 2861 1943 2910 haec
1988 2859 2157 2909 verba
2206 2859 2435 2926 intelligi
2488 2860 2629 2911 vult.

1545 2929 1735 2996 ,Chep
1738 2931 1872 2981 hren
1930 2929 2247 2979 construisit
2300 2930 2351 2980 le
2403 2931 2634 2995 premier

1545 2948 1735 3067 &tagep
1751 3017 1815 3051 en
1852 2999 2064 3050 marbre
2099 2998 2407 3065 d’Ethiopie
2453 3000 2520 3052 de
2556 3001 2633 3051 di-

1544 3087 1729 3123 verses
1761 3070 2009 3121 couleurs
2050 3066 2218 3134 jusqu
2222 3068 2274 3118 'a
2308 3069 2361 3121 la
2403 3070 2633 3121 hauteur

1545 3143 1613 3192 de
1650 3140 1719 3190 40
1740 3140 1893 3205 pieds
1929 3143 1983 3190 et
2003 3137 2064 3188 fit
2091 3138 2145 3188 la
2178 3139 2310 3190 base
2336 3139 2632 3191 inferieure

1545 3210 1613 3276 e'g
1615 3210 1704 3260 ale
1748 3211 1781 3260 a
1835 3209 1971 3259 celle
2018 3208 2085 3259 de
2132 3208 2187 3258 la
2229 3210 2435 3274 grande
2474 3225 2631 3275 pyra-

1545 3281 1706 3341 mide,
1746 3278 1855 3329 ala
1890 3277 2069 3342 quelle
2100 3284 2184 3327 est
2208 3277 2525 3342 contigudst‘
2565 3279 2629 3328 In

1545 3365 1653 3414 qua
1676 3348 2140 3411 interpretatione,
2180 3347 2290 3396 alia
2309 3353 2371 3397 ut
2397 3353 2629 3402 taceam,

1543 3418 1664 3482 quis
1688 3431 1890 3481 quaeso
1915 3416 2084 3465 verba
2101 3407 2509 3476 τεσσεράκοντα
2528 3407 2630 3463 πό-

1541 3485 1648 3541 δας
1685 3485 1931 3548 accipere
1956 3482 2157 3547 poterit
2181 3483 2247 3532 de
2271 3483 2431 3532 basi'
2415 3499 2471 3531 111
2499 3498 2631 3546 qua-

1543 3554 1800 3617 draginta
1826 3552 2019 3615 pedum
2045 3551 2385 3601 altitudinem
2412 3551 2627 3612 educta,

1540 3622 1838 3685 eademque
1883 3622 2031 3670 simili
2073 3619 2296 3669 alterius
2334 3620 2629 3684 pyramidis

1542 3691 1690 3750 basi;
1728 3689 1794 3739 (le
1819 3705 1925 3753 quo
1950 3687 2152 3737 nullum
2179 3689 2265 3738 hic
2288 3688 2490 3754 legitur
2512 3705 2629 3738 ver-

1542 3762 1697 3818 bum,
1746 3773 1865 3808 cum
1904 3749 2179 3821 ἐχομένην
2226 3773 2335 3807 11011
2372 3758 2441 3807 ad
2486 3758 2629 3808 simi-

1538 3796 1823 3880 litudinem
1862 3827 2150 3892 pertineat,
2187 3826 2283 3877 sed
2307 3827 2377 3877 ad
2412 3827 2522 3878 loei
2552 3828 2629 3876 vi-

1539 3899 1849 3957 ciuitatem3
1888 3897 1959 3946 cf.
1998 3895 2156 3946 modo
2184 3896 2388 3948 Herod.
2423 3897 2468 3960 1,
2508 3898 2626 3948 120.

1548 3965 1960 4028 134.1v,·169.

1610 4029 1846 4101 μάλιστα
1890 4028 1945 4091 ἐς
1990 4023 2193 4083 ἑκατὸν
2240 4027 2426 4092 πόδας
2473 4023 2626 4098 ὑψη-

1540 4104 1663 4171 λοῦ]
1712 4105 1779 4155 Ι11
1815 4105 1935 4169 ipsa
1973 4118 2247 4168 mensura,
2296 4120 2459 4170 quam
2507 4120 2628 4169 pro-

1542 4175 1680 4224 didit
1706 4174 2045 4235 Herodotus‚
2082 4173 2226 4223 hand
2262 4175 2397 4224 satis
2434 4188 2628 4225 conve-

1542 4244 1626 4294 nit
1673 4246 1814 4293 inter
1859 4243 2208 4295 recentiores.
2289 4245 2468 4309 Atque
2503 4242 2628 4293 Nie-

1540 4313 1768 4368 buhrius
1818 4312 2117 4362 astrolabio
2168 4328 2386 4362 mensus
2438 4310 2628 4362 collem

1541 4382 1754 4434 invenit
1797 4380 1970 4432 altum
2021 4387 2236 4431 centum
2278 4379 2631 4446 septuaginta

2163 4461 2245 4522 46
