3109 5092
470 343 595 404 280

1345 338 1878 400 HERODOTI

470 544 633 597 νους
671 519 747 585 ἐν
787 519 946 604 τιμῇ
988 512 1262 600 ἄγονται
1281 565 1299 598 ,
1356 518 1735 603 νομίζοντες
1784 510 2077 591 ἑωυτοὺς
2119 509 2295 581 εἶναι
2351 507 2742 601 ἀνθρώπων

471 624 705 713 μακρῷ
731 614 813 687 τὰ
838 617 1055 686 πάντα
1081 613 1428 705 ἀρίστους,
1468 614 1627 697 τοὺς
1666 616 1741 686 δὲ
1772 613 2016 695 ἄλλους
2056 611 2223 684 κατὰ
2250 612 2456 701 λόγον
2480 613 2602 685 τὸν
2627 625 2736 685 λε-

471 722 761 813 γόμενον
800 725 916 810 τῆς
957 716 1196 809 ἀρετῆς
1234 715 1668 805 ἀντέχεσθαι,
1711 717 1868 799 τούς
1913 718 1987 787 δὲ
2033 717 2371 788 ἑκαστάτω
2400 721 2828 799 οἰκέονταςσδ

468 824 600 896 ἀπὸ
641 828 914 894 ἑωυτῶν
961 830 1319 900 κακίστους
1361 819 1555 889 εἶναι.
1631 818 1773 890 Ἐπὶ
1817 822 1893 890 δὲ
1938 821 2208 911 Μήδων
2248 816 2592 909 ἀρχόντων
2632 823 2742 891 καὶ

469 921 634 1019 ἦρχε
689 925 772 996 τὰ
824 933 1031 996 ἔθνεα
1080 922 1426 1012 ἀλλήλων,
1494 923 1947 994 συναπάντων
1985 925 2110 1015 μὲν
2154 928 2388 1012 Μῆδοι
2443 926 2555 993 καὶ
2605 930 2743 993 των

471 1031 748 1119 ἄγχιστα
794 1028 1159 1099 οἰκεόντων
1199 1032 1428 1114 σφίσι,
1481 1014 1667 1094 οὗτοι
1710 1025 1788 1093 δὲ
1825 1028 1935 1095 καὶ
1973 1033 2111 1096 τῶν
2153 1021 2509 1116 ὁμούρων,
2563 1031 2634 1096 οἰ
2666 1028 2742 1096 δὲ

472 1137 649 1225 μάλα
686 1137 824 1201 των
864 1133 1219 1220 ἐχομένων.
1293 1125 1461 1197 κατὰ
1502 1125 1623 1196 τὸν
1660 1123 1869 1195 αὐτὸν
1910 1130 1984 1197 δὲ
2028 1129 2230 1217 λόγον
2258 1131 2370 1198 καὶ
2396 1134 2467 1198 οἰ
2485 1131 2742 1219 Πέρσαι

470 1241 741 1326 τιμῶσι·
785 1237 1145 1324 προέβαινε
1185 1229 1314 1320 γὰρ
1356 1228 1440 1318 δὴ
1471 1228 1544 1300 τὸ
1577 1236 1776 1309 ἔθνος
1803 1226 2009 1317 ἄρχον
2035 1258 2107 1300 τε
2136 1234 2247 1301 καὶ
2276 1235 2739 1320 ἐπιτροπεῦον.

344 1335 750 1417 135Ξεινικά
793 1337 868 1406 δὲ
909 1335 1154 1424 νόμαια
1191 1336 1449 1424 Πέρσαι
1500 1341 1884 1422 προσίενται
1922 1329 2192 1421 ἀνδρῶν
2245 1334 2547 1421 μάλιστα.
2631 1337 2743 1404 καὶ

479 1440 607 1529 γὰρ
654 1439 738 1530 δὴ
776 1438 901 1528 τὴν
941 1436 1266 1526 Μηδικὴν
1323 1440 1608 1524 ἐσθῆτα,
1664 1441 2059 1523 νομίσαντες
2108 1440 2220 1523 τῆς
2260 1439 2530 1506 ἑωυτῶν
2571 1437 2745 1507 εἶναι

474 1550 727 1613 καλλίω
746 1594 765 1628 ,
797 1545 1155 1630 φορέουσι,
1186 1541 1295 1611 καὶ
1327 1535 1394 1619 ἐς
1421 1537 1578 1619 τοὺς
1607 1539 1937 1626 πολέμους
1972 1535 2128 1617 τούς
2158 1541 2574 1625 Αἰγυπτίους
2601 1540 2741 1610 θώ-

472 1761 541 1796 ac
558 1748 807 1810 potestas
839 1741 1081 1792 indicare
1117 1743 1351 1804 poterat.
1406 1740 1562 1802 Quae

472 1815 656 1866 omnia
697 1812 843 1864 haud
886 1811 1190 1890 perspexit,
1247 1809 1341 1887 qui
1388 1824 1563 1873 nuper

472 1885 642 1935 verba
687 1874 829 1932 κατὰ
863 1895 965 1930 τον
1010 1871 1193 1929 αὐτὸν
1243 1877 1307 1927 λο
1349 1892 1416 1926 ον
1464 1872 1563 1926 καὶ

473 1955 674 2020 (eadem
707 1955 906 2002 racione
942 1946 1118 2014 atque)
1158 1940 1218 1996 οἷ
1240 1945 1300 1995 Π
1327 1960 1455 2012 ρσαι
1481 1963 1562 1996 τι-

471 2020 646 2087 μαῖσι,
709 2022 884 2071 eiecta
920 2019 1119 2069 vocula
1168 2012 1261 2080 δὲ,
1319 2017 1564 2082 proxime

471 2091 808 2155 praegressis
848 2088 1015 2139 adiici
1058 2085 1293 2150 indeque
1339 2101 1565 2150 sequen-

471 2162 554 2210 tia
610 2155 912 2225 προέβαινε
970 2148 1075 2218 γὰρ
1133 2149 1206 2218 δὴ
1267 2146 1330 2203 τὸ
1387 2151 1565 2211 ἑθνος

471 2219 653 2291 ἄρχον
697 2241 753 2275 τε
789 2222 883 2274 καὶ
924 2216 1304 2285 ἐπιτροπεῦον
1352 2223 1419 2274 de
1451 2224 1564 2273 Me-

474 2297 559 2346 dis
586 2294 820 2359 intelligi
842 2292 1017 2344 voluit
1041 2291 1411 2356 (Koenighoffz
1450 2293 1566 2342 Cri-

473 2366 587 2415 tica
632 2370 688 2414 et
735 2363 1020 2428 exegetica.
1067 2361 1270 2423 altera,
1331 2361 1389 2410 in
1443 2378 1565 2426 pro-

474 2437 762 2500 grammat.
801 2432 1109 2483 Trevirens.
1151 2430 1280 2481 anni
1314 2430 1468 2482 1854.
1505 2447 1560 2496 p.

471 2503 696 2568 7—12)‚
744 2502 914 2552 totius
960 2500 1069 2551 loci
1111 2501 1388 2551 sententia
1439 2517 1566 2551 con-

470 2573 596 2623 fusa
634 2589 700 2623 ac
737 2572 1072 2637 perturbata.

538 2637 840 2708 προέβαινε
877 2632 983 2706 γὰρ
1020 2630 1093 2704 δὴ
1145 2632 1209 2688 τὸ
1248 2632 1425 2696 ἔθνος
1460 2629 1562 2701 ἅρ-

467 2727 574 2777 χον
622 2726 684 2760 τε
717 2708 812 2761 καὶ
849 2701 1247 2774 ἐπιτροπεῦον]
1297 2710 1454 2759 Haec
1489 2708 1561 2758 ad

467 2783 668 2832 Persas
707 2781 899 2832 referri
949 2786 1097 2830 recte
1142 2779 1251 2828 iam
1293 2777 1562 2842 Schweig-

468 2851 715 2900 haeuser.
753 2849 1043 2899 intellexit.
1105 2850 1209 2898 Est
1244 2848 1386 2896 enim
1423 2847 1562 2896 haec

469 2918 644 2967 nostri
671 2918 956 2982 scriptoris
992 2917 1292 2968 sententia:
1334 2916 1560 2978 „eodem

471 2986 584 3036 fere
618 2986 805 3048 modo,
844 3002 950 3051 quo
985 2985 1203 3046 Medos,
1254 2984 1396 3034 hanc
1431 3000 1562 3049 quo-

474 3070 578 3119 que
608 3052 944 3119 (Persarum)
975 3059 1190 3120 gentem
1218 3068 1563 3118 progressam

472 3139 593 3174 esse
628 3123 947 3187 imperando
996 3129 1050 3172 et
1085 3126 1418 3187 potestatem
1454 3123 1563 3172 sibi

469 3193 811 3243 commissam
860 3192 1220 3243 exercend0.“
1296 3193 1450 3252 Quae
1495 3208 1561 3242 eo

469 3262 725 3323 redeunt,
779 3266 842 3312 ut
877 3262 1084 3312 Persici
1122 3260 1335 3324 imperii
1368 3261 1561 3311 similis

470 3330 856 3397 propemodum
902 3333 1356 3380 commonstretur
1392 3330 1562 3380 fuisse

471 3400 673 3462 forma,
724 3400 916 3450 similis
958 3400 1072 3451 fere
1116 3400 1352 3449 ambitus
1391 3406 1445 3449 et
1481 3416 1564 3449 re-

473 3469 678 3534 gnandi
714 3485 761 3521 s.
792 3469 1210 3522 administrandi
1245 3468 1560 3533 provincias

473 3539 642 3602 ratio,
680 3554 821 3603 quae
859 3544 1022 3588 antea
1043 3539 1322 3589 Medorum
1359 3538 1558 3589 suerat.

469 3606 629 3657 Unde
664 3614 790 3671 apte
827 3609 932 3658 hoc
974 3608 1096 3658 loco
1133 3623 1263 3657 usus
1301 3612 1387 3657 est
1420 3609 1562 3657 Hee-

471 3677 652 3726 renius
683 3677 874 3738 (Ideen
895 3677 941 3740 1,
970 3677 1019 3727 1.
1045 3692 1171 3741 pag.
1201 3676 1325 3740 142)
1362 3676 1430 3727 de
1464 3677 1562 3726 im-

469 3746 606 3809 perii
640 3746 842 3796 Medici
887 3746 1062 3796 forma
1098 3761 1164 3795 ac
1205 3746 1467 3810 regimine
1502 3746 1559 3796 in

469 3814 746 3864 Persicum
784 3815 909 3864 dein
942 3815 1209 3865 translato
1247 3815 1509 3866 scribens.

796 3983 929 4033 Cu.
968 3983 1232 4034 CXXXV.

537 4074 775 4138 Ξεινικὰ
809 4078 872 4132 δὲ
907 4076 1114 4148 νόμαια
1147 4079 1360 4148 Πέρσαι
1383 4099 1562 4147 προσ-

470 4152 648 4203 ιἐνται
694 4143 925 4216 ἀνδρῶν
977 4144 1239 4219 μάλιστα]
1294 4155 1448 4203 Haec
1498 4157 1559 4204 iu

470 4220 923 4286 disceptationem
1016 4221 1239 4271 vocavit
1317 4223 1553 4274 Heeren.

472 4291 660 4359 (ideen
712 4294 817 4340 etc.
871 4289 923 4351 Ι,
968 4290 1016 4339 l.
1068 4306 1118 4354 p.
1169 4289 1299 4352 408)
1346 4291 1402 4339 in
1438 4292 1558 4340 uni-

469 4374 687 4412 versum
741 4358 1063 4424 admonens,
1122 4363 1312 4425 gentes
1371 4374 1555 4411 noma—

1664 1737 1789 1800 des,
1826 1753 1968 1803 quae
1989 1754 2097 1788 non
2121 1736 2340 1788 sedibus
2376 1739 2498 1789 fixis
2531 1745 2750 1792 tenean-

1663 1813 1753 1858 tur
1786 1821 1854 1857 ac
1897 1807 2273 1873 voluptatibus
2325 1813 2539 1859 tantum
2583 1811 2752 1861 vitae·

1664 1892 1771 1942 que
1819 1877 2029 1927 deliciis
2083 1877 2362 1942 capiendis
2415 1879 2486 1928 ad
2539 1879 2752 1943 expedi-

1664 1948 1842 1997 tiones
1901 1946 2129 1996 bellicas
2188 1947 2564 2010 impellantur,
2625 1963 2753 2013 prae

1667 2017 1863 2066 ceteris
1900 2016 1970 2065 ad
2006 2031 2212 2066 morum
2248 2018 2601 2067 mutationem
2630 2033 2754 2082 pro-

1667 2085 1836 2135 clives
1874 2101 1996 2135 esse
2031 2086 2406 2150 victorumque
2437 2087 2751 2151 populorum

1667 2155 1940 2216 instituta,
1962 2153 2129 2218 leges,
2154 2155 2377 2205 vivendi
2400 2171 2570 2220 genus
2595 2156 2754 2206 adeo·

1668 2239 1770 2289 que
1830 2223 2097 2273 luxuriam
2153 2223 2530 2275 lubentissime
2581 2225 2755 2275 adsci-

1669 2309 1838 2343 scere.
1910 2294 1977 2343 Id
2015 2294 2158 2358 quod
2194 2294 2440 2358 inprimis
2470 2295 2538 2345 de
2569 2296 2753 2345 Persis

1667 2362 1876 2422 valere,
1926 2378 2151 2427 quorum
2190 2364 2364 2413 omnis
2402 2364 2614 2429 imperii
2649 2365 2756 2414 for-

1668 2448 1757 2482 ma
1786 2433 2040 2497 vitaeque
2084 2433 2226 2482 ratio
2263 2438 2377 2483 tum
2417 2449 2601 2498 regum
2641 2439 2754 2483 tum

1667 2502 2001 2566 privatorum
2052 2501 2120 2551 ad
2158 2502 2439 2553 Medorum
2486 2503 2752 2553 victorum

1663 2571 1928 2620 rationem
1964 2571 2307 2621 conformata
2342 2573 2525 2634 fuerit,
2564 2573 2618 2622 in
2643 2573 2753 2622 sin-

1663 2640 1806 2703 gulis
1855 2646 2114 2690 accurate
2162 2648 2592 2692 commonstrare
2638 2646 2753 2692 stu-

1662 2709 1782 2759 duit
1816 2709 1902 2758 vir
1940 2709 2132 2760 doctus
2169 2710 2205 2760 l.
2245 2709 2282 2761 l.

1733 2773 1827 2827 καὶ
1866 2770 1972 2842 γὰρ
2017 2771 2092 2842 δὴ
2127 2771 2233 2843 τὴν
2265 2771 2544 2843 Μηδικὴν
2581 2770 2755 2844 eaor}-

1660 2863 1730 2897 τα
1765 2878 1837 2887 -
1871 2842 2169 2912 φορέουσι]
2219 2849 2469 2899 Pertinet
2510 2849 2615 2900 hoc
2661 2865 2755 2914 po·

1662 2918 1931 2968 tissimum
1966 2918 2037 2967 ad
2063 2916 2261 2967 stolam
2292 2918 2441 2968 illam
2460 2918 2750 2981 Medicam,

1662 3001 1822 3051 quam
1859 2990 2082 3037 auctore
2110 2986 2253 3051 Cyro
2287 2989 2484 3038 Persas
2520 3002 2554 3036 a
2576 2987 2753 3038 Medis

1662 3054 1967 3105 adscivisse
2028 3056 2233 3117 ferunt,
2309 3057 2585 3121 pertinent
2649 3056 2754 3106 huc

1662 3125 1807 3175 aliae
1842 3125 2075 3174 vestitus
2126 3130 2336 3190 partes,
2389 3141 2526 3191 quas
2571 3125 2755 3190 singu·

1662 3195 1746 3244 las
1774 3195 2026 3258 persequi
2058 3194 2280 3258 longum
2313 3200 2415 3246 est.
2482 3196 2753 3245 Testimo-

1663 3264 1757 3313 nia
1783 3264 2065 3328 praebebit
2086 3265 2331 3314 Brisson.
2361 3264 2428 3314 de
2453 3279 2570 3330 reg.
2596 3266 2749 3315 Pers.

1666 3333 1897 3397 princip.
1936 3334 1983 3393 Ι,
2022 3333 2108 3383 56.
2149 3334 2228 3396 11,
2269 3334 2369 3384 18ss
2404 3349 2556 3398 seqq.
2595 3334 2751 3384 Wes-

1663 3402 1857 3466 seling.
1921 3401 1991 3451 ad
2043 3402 2271 3453 Diodor.
2326 3402 2496 3454 Sicul.
2548 3403 2638 3464 11,
2690 3403 2749 3452 6:

1665 3471 1883 3535 „Atque
1906 3470 2121 3521 Medico
2158 3472 2483 3522 vestimento
2518 3488 2627 3522 non
2664 3487 2752 3522 so·

1662 3539 1769 3590 lum
1816 3538 1993 3590 induti
2042 3543 2384 3605 reperiuntur
2426 3540 2635 3605 figurae
2695 3541 2750 3589 in

1662 3609 2024 3659 monumentis
2046 3610 2501 3675 Persepolitanis,
2526 3610 2582 3659 id
2605 3609 2751 3674 quod

1662 3679 1798 3728 satis
1837 3683 2082 3738 constat,
2128 3695 2315 3729 verum
2358 3680 2524 3728 etiam
2566 3680 2625 3728 in
2655 3678 2750 3742 hy-

1661 3747 1850 3811 pogeis
1868 3747 2161 3799 Thebaicis
2197 3749 2331 3799 etin
2368 3747 2633 3812 sepulcris
2671 3763 2750 3796 re-

1661 3832 1814 3880 gum,
1862 3816 1956 3865 ubi
2000 3822 2185 3868 tamen
2238 3817 2445 3881 captivi
2490 3817 2571 3866 sic
2604 3815 2751 3867 exhi-

1659 3885 1877 3936 bentur.
1945 3884 2071 3937 vid.
2113 3887 2333 3938 Costaz.
2382 3888 2437 3935 in
2473 3885 2747 3949 Descript.

1662 3953 1729 4003 de
1762 3954 2021 4019 l'Egypte
2055 3955 2197 4006 Voll.
2234 3956 2313 4007 11.
2361 3972 2414 4020 p.
2453 3956 2555 4007 405
2590 3954 2746 4019 seq.“

1664 4022 1758 4073 Cr.

1728 4082 1863 4147 τούς
1897 4084 2240 4154 Αἰγυπτίους
2290 4082 2585 4156 θώρηκας]
2622 4090 2750 4139 Per-

1658 4173 1840 4209 sarum
1883 4159 2115 4220 lorioas‚
2160 4174 2295 4223 quas
2345 4160 2413 4209 ab
2460 4158 2746 4223 Aegyptiis

1658 4233 1865 4278 sumtas
1886 4243 2007 4278 esse
2024 4227 2113 4277 hic
2133 4227 2381 4292 legimus,
2398 4228 2662 4278 describit
2681 4241 2747 4276 ex

1657 4302 1901 4347 veterum
1941 4296 2268 4346 testimoniis
2294 4296 2606 4346 Brissonius
2646 4295 2683 4345 l.
2707 4294 2745 4345 l.

1654 4366 1762 4430 ΙΙΙ,
1792 4367 1875 4417 12.
1926 4366 2172 4416 Fuerunt
2190 4365 2319 4417 illae
2345 4365 2563 4431 quidem
2588 4378 2751 4430 squa-
