3109 5092
15 3951 30 4040 -ι,

1179 302 1679 364 EUTERPE.
1726 303 1812 363 ΙΙ.
1857 311 1947 367 46.
2586 306 2711 367 535

345 492 443 547 126
456 480 552 544 ἔτι
580 474 656 544 δὲ
693 476 816 543 ἕνα
845 473 1040 545 ἐόντα
1065 472 1185 545 τὸν
1200 470 1527 566 Ἡρακλέα
1566 479 1677 547 καὶ
1706 483 1804 546 ἔτι
1839 474 2246 568 ἄνθρωπον,
2290 474 2380 560 ὥς
2407 478 2493 569 δή
2519 501 2708 568 φασι,

429 585 563 658 κῶς
591 576 804 665 φύσιν
832 583 966 666 ἔχει
997 576 1245 659 πολλὰς
1271 579 1602 669 μυριάδας
1639 586 1999 670 φονεῦσαι;
2045 583 2180 651 Καὶ
2209 584 2362 671 περὶ
2390 583 2516 670 μὲν
2549 582 2705 653 τού-

431 710 570 752 των
597 686 890 751 τοσαῦτα
915 676 1077 769 ἡμῖν
1108 688 1409 770 εἰποῦσι,
1458 687 1571 754 καὶ
1600 682 1780 775 παρὰ
1810 691 1949 755 τῶν
1974 691 2164 754 θεῶν
2200 688 2312 755 καὶ
2350 684 2528 775 παρὰ
2569 692 2707 755 τῶν

429 782 675 874 ἥρω’ων
722 782 1035 873 εὐμένεια
1075 796 1200 874 εἴη.

594 885 722 968 Τὰς
750 888 827 956 δὲ
856 886 940 978 δὴ
968 887 1160 975 αἶγας
1187 891 1300 958 καὶ
1326 887 1482 970 τούς
1509 889 1798 979 τράγους
1824 895 2043 960 τῶνδε
2074 895 2301 960 εἵνεκα
2341 887 2424 960 οὐ
2451 891 2699 960 θύουσι
2717 901 2797 962 46

430 997 829 1079 Αἰγυπτίων
870 997 939 1061 οἱ
979 995 1340 1081 εἰρημένοι.
1410 991 1531 1064 τὸν
1559 1000 1758 1065 Πᾶνα
1796 998 1936 1064 τῶν
1966 991 2140 1065 ὀκτώ
2178 998 2365 1064 θεῶν
2406 1001 2701 1082 λογίζον-

426 1121 535 1163 ται
579 1094 754 1164 εἷναι
807 1100 877 1186 οζ
907 1097 1321 1185 Μενδήσιον
1388 1095 1543 1177 τούς
1595 1098 1672 1167 δὲ
1723 1094 1895 1169 ὀκτώ
1945 1095 2151 1178 θεοὺς
2204 1096 2481 1177 τούτους
2536 1124 2698 1187 προ-

426 1312 529 1348 vos
556 1297 869 1347 combustos
896 1314 1044 1361 esse,
1078 1300 1398 1363 praesertim
1423 1299 1518 1349 ho-

429 1367 601 1416 mines
656 1368 970 1431 peregrinos
1026 1383 1090 1418 ac
1145 1369 1255 1420 rufi
1299 1367 1514 1430 coloris,

429 1436 608 1500 plures
637 1436 862 1486 tradunt
882 1439 1195 1573 scriptoreps,
1219 1439 1371 1489 Sext.
1392 1440 1519 1488 Em-

428 1506 585 1569 piric.
625 1505 817 1570 Pyrrh.
846 1507 954 1568 111,
981 1508 1103 1558 221.
1173 1507 1515 1560 ‚173Bekk.

427 1576 655 1625 Diodor.
699 1575 753 1636 Ι,
790 1574 883 1636 88,
928 1577 1215 1627 Plutarch·
1263 1579 1346 1627 De
1381 1577 1515 1626 Isid.

429 1649 483 1694 et
504 1644 648 1694 Osir.
675 1659 796 1710 cap.
824 1646 909 1697 73.
934 1663 986 1710 p.
1014 1647 1119 1696 380
1145 1649 1208 1697 Β.
1247 1646 1515 1711 Porphyr.

429 1715 496 1764 de
533 1713 735 1763 abstin.
776 1715 865 1776 11,
905 1717 1001 1777 55,
1050 1717 1143 1781 qui
1177 1721 1402 1781 uterque
1446 1715 1516 1765 ad

425 1783 810 1834 Manethonem
881 1789 1146 1849 provocat
1212 1791 1515 1846 auctorem3

429 1852 557 1916 quid
593 1852 738 1917 quod
761 1852 1046 1903 Seleucum
1073 1854 1297 1904 tradunt
1322 1855 1517 1904 librum

425 1922 713 2001 scripsisse
749 1918 880 1984 περὶ
899 1919 1002 1986 τῆς
1023 1914 1154 1987 παρ’
1183 1918 1516 1986 Αἰγυπτίοις

347 2051 355 2058 .
421 1982 949 2053 ἀνθρωποθυσίας,
1003 1996 1146 2042 teste
1182 1992 1379 2043 Athen.
1415 1993 1512 2042 IV.

426 2077 480 2125 p.
508 2061 607 2111 172
633 2061 704 2109 D.
757 2060 865 2110 Sed
900 2065 1113 2111 mature
1146 2062 1254 2111 iarn
1292 2078 1516 2112 saevum

426 2144 630 2179 morem
660 2130 909 2192 desiisse,
931 2146 1091 2194 quem
1115 2136 1254 2182 teste
1275 2131 1516 2195 Porphy-

417 2199 505 2248 rio
531 2199 570 2249 1.
600 2198 638 2248 l.
673 2200 964 2263 abrogavit
983 2200 1228 2261 Amasis,
1268 2202 1376 2251 nisi
1403 2202 1512 2251 iam

424 2273 589 2318 antea
623 2268 677 2316 id
704 2269 907 2319 factum
945 2285 1067 2319 esse
1090 2271 1308 2320 credere
1336 2268 1511 2332 malis,

422 2338 700 2388 declarare
740 2337 873 2387 mibi
900 2339 1158 2389 videntur
1188 2340 1307 2403 ipsa
1331 2340 1514 2404 Aegy-

420 2408 657 2472 ptiorum
683 2412 1057 2471 monumenta,
1090 2424 1120 2458 e
1138 2409 1332 2473 quibus
1361 2408 1511 2458 nulla

419 2476 600 2527 adhuc
642 2476 999 2527 innotuerunt
1047 2484 1198 2528 certa
1230 2478 1506 2528 hominum

417 2547 475 2595 in
512 2546 649 2611 ipsis
687 2547 861 2596 sacris
899 2546 1120 2597 deorum
1157 2548 1216 2596 in
1252 2547 1506 2598 honorem

419 2620 782 2666 mactatorum
803 2616 1058 2682 vestigia,
1078 2632 1200 2667 cum
1225 2632 1381 2667 nemo
1403 2616 1510 2667 huc

420 2685 669 2736 retulerit
705 2686 851 2736 viros
901 2686 1088 2737 hostes
1123 2691 1220 2737 aut
1257 2686 1507 2750 captivos

421 2756 493 2805 ad
544 2753 868 2820 supplicium
920 2755 1114 2806 ductos
1162 2760 1259 2805 aut
1312 2771 1346 2805 a
1381 2771 1511 2821 rege

419 2825 629 2875 victore
663 2839 854 2875 caesos
889 2826 946 2874 in
983 2826 1101 2891 ipsa
1138 2840 1341 2889 pugna,
1381 2840 1510 2890 qua-

418 2892 499 2943 les
536 2909 690 2944 sane
716 2894 774 2943 in
817 2893 927 2943 illis
967 2895 1327 2947 monumentis
1382 2911 1510 2944 con-

417 2964 741 3029 spiciuntur.
812 2963 933 3014 Vid.
975 2951 1309 3014 Wilkinsoss:
1356 2963 1510 3014 Man-

419 3048 545 3083 ners
599 3036 705 3083 etc.
767 3047 879 3084 sec.
939 3048 1046 3083 ser.
1097 3034 1178 3083 11.
1227 3049 1356 3097 pag.
1402 3032 1502 3084 341

421 3119 573 3168 seqq.
611 3106 666 3152 et
701 3101 774 3153 cf.
819 3102 1059 3167 Par-they
1110 3102 1176 3152 ad
1227 3101 1507 3153 Plutarch.

416 3173 455 3224 l.
491 3172 529 3223 l.
580 3189 633 3237 p.
667 3173 768 3222 272
817 3187 965 3235 seq.,
1022 3171 1305 3236 Ghillany:
1357 3172 1510 3222 Men-

417 3241 740 3306 schenopfer
778 3240 831 3290 d.
871 3241 1040 3292 Hebr.
1077 3257 1206 3307 pag.
1231 3240 1377 3304 623„
1414 3242 1508 3306 qui

418 3310 682 3362 Herodoti
707 3310 924 3375 quidem
946 3314 1128 3362 aetate
1151 3316 1318 3376 atque
1342 3311 1507 3362 etiam

416 3385 581 3430 antea
617 3379 833 3445 publice
867 3379 1020 3430 nulla
1061 3380 1300 3431 humana
1343 3381 1509 3431 sacri-

418 3450 544 3500 ficia
580 3450 683 3499 diis
732 3448 919 3500 oblata
969 3464 1091 3502 esse
1136 3455 1199 3501 ut
1238 3451 1506 3513 concedit,

418 3521 499 3569 ita
544 3518 684 3569 clam
731 3521 899 3583 atque
944 3519 1159 3570 occulto
1205 3519 1505 3584 Aegyptios

419 3588 621 3639 talibus
683 3587 967 3638 sacrificiis
1012 3604 1122 3638 non
1172 3588 1505 3638 abstinuisse

417 3658 650 3722 probare
685 3657 887 3709 studet.
963 3657 1072 3708 Sed
1114 3657 1252 3708 haec
1297 3658 1365 3708 ab
1394 3659 1504 3709 He-

419 3726 611 3778 rodoto
651 3726 833 3777 aliena
867 3731 1012 3778 sunt.

486 3794 600 3854 κῶς
638 3787 816 3859 φύσιν
854 3790 989 3860 ἔχει]
1027 3796 1181 3845 Haec
1217 3795 1299 3844 ita
1327 3793 1507 3844 reddit

417 3866 648 3931 Vigerus
697 3865 765 3915 de
812 3866 1083 3916 Idiotism.
1123 3880 1180 3929 p.
1218 3866 1320 3914 255
1357 3880 1504 3928 seq.:

417 3935 654 4000 quomodo
687 3937 951 3986 verisbnile
984 3936 1066 3985 sit.
1137 3933 1325 3983 Malim
1361 3935 1507 3999 equi-

419 4005 567 4054 dem:
638 4005 879 4068 quomodo
936 4011 1316 4054 consentaneam
1388 4003 1504 4053 sive

411 4073 677 4136 probabile
709 4076 800 4136 sit,
838 4090 958 4124 cum
989 4072 1046 4123 id
1076 4073 1390 4123 Herodotus
1425 4073 1504 4122 in-

416 4143 601 4194 dicare
645 4143 808 4205 velit,
860 4143 1005 4206 quod
1048 4158 1143 4207 per
1190 4157 1371 4192 rerum
1411 4158 1506 4191 na-

415 4217 594 4261 turam
627 4211 743 4263 fieri
778 4213 1001 4262 minime
1021 4212 1278 4276 potuerit.
1342 4212 1501 4261 Conf.

414 4281 634 4332 Platon.
675 4283 743 4332 de
766 4281 997 4345 Republ.
1037 4281 1105 4332 V.
1142 4296 1269 4346 pag.
1296 4281 1400 4332 473
1435 4281 1501 4331 A.

414 4351 540 4401 VII.
603 4367 657 4416 p.
695 4351 800 4402 489
831 4351 900 4402 Β.
948 4349 1162 4404 Aelian.
1209 4351 1281 4401 N.
1319 4351 1385 4401 Α.
1424 4350 1501 4413 ΙΙ,

1621 1298 1716 1362 28,
1748 1298 1843 1349 ubi
1866 1298 2133 1349 Herodoti
2155 1314 2265 1349 non
2290 1298 2569 1348 immemor
2598 1298 2706 1348 fuit

1620 1368 1840 1420 Iacobs.

1689 1433 1787 1487 καὶ
1821 1427 1992 1517 παρὰ
2014 1431 2128 1485 τῶν
2166 1432 2324 1485 θεῶν
2344 1465 2415 1474 —-
2444 1425 2704 1516 εὐμένεια

1620 1504 1733 1572 εἴη]
1786 1508 1894 1558 Pro
1930 1497 2191 1586 εὐμένεια
2239 1504 2346 1555 duo
2382 1504 2508 1554 libri
2543 1499 2703 1567 εὐμε-

1621 1574 1746 1640 νὲα,
1787 1576 1931 1641 quod
1962 1576 2020 1624 in
2057 1567 2293 1640 εὖμενέη
2337 1572 2421 1638 (ut
2455 1574 2706 1624 substan-

1618 1647 1794 1696 tivum
1829 1645 2081 1695 nimirum
2126 1643 2220 1708 sit)
2268 1643 2321 1692 h.
2361 1642 2400 1692 l.
2437 1647 2706 1693 mutatum

1618 1714 1793 1766 voluit
1838 1716 2013 1764 Koen.
2066 1714 2135 1763 ad
2183 1714 2406 1776 Gregor.
2458 1712 2702 1763 Corinth.

1620 1785 1687 1836 de
1747 1784 1876 1834 dial.
1938 1784 2059 1833 Ion.
2129 1781 2180 1844 ξ.
2240 1782 2338 1842 41,
2410 1780 2704 1831 accedente

1618 1854 1837 1905 Schaef.
1884 1869 1938 1917 p.
1978 1853 2076 1902 521
2118 1851 2251 1902 ibid.
2291 1850 2705 1915 Schweighaeu-

1617 1939 1739 1975 sero
1793 1924 1896 2003 (in
1912 1922 2046 1973 Lex.
2094 1919 2298 1970 Herod.
2348 1935 2394 1969 s.
2430 1919 2509 1986 ν.)
2561 1935 2705 1970 nunc

1615 1994 1798 2059 placet
1834 1981 2097 2053 εὖμενέα,
2136 1989 2307 2055 quod,
2355 1993 2417 2038 ut
2450 1993 2700 2039 neutrum

1616 2060 1826 2129 plurale
1865 2060 2011 2111 idem
2038 2058 2228 2109 valeat
2274 2063 2436 2123 atque
2472 2049 2507 2122 ἡ
2546 2050 2702 2122 εὐμέ-

1618 2147 1767 2194 νεια,
1820 2130 1924 2181 hoc
1975 2129 2099 2179 loco
2140 2144 2333 2178 vereor
2375 2131 2438 2178 ut
2480 2128 2704 2193 probari

1617 2169 1810 2267 possit.
1892 2199 2026 2250 Inde
2075 2199 2277 2248 retinui
2322 2188 2582 2262 εὐμένεια
2640 2198 2702 2261 (a

1614 2273 1850 2322 Bredov.
1865 2286 1920 2335 p.
1942 2269 2041 2319 186
2059 2273 2113 2318 et
2128 2266 2409 2317 Dietschio
2433 2271 2702 2317 mutatum

1612 2342 1672 2391 in
1710 2331 2030 2404 εὖμενείη),
2091 2337 2236 2401 quod
2282 2337 2338 2386 in
2382 2336 2549 2386 simili
2594 2337 2702 2386 for-

1615 2411 1761 2461 mula
1814 2411 1871 2459 in
1919 2406 2201 2457 Heliodor.
2255 2406 2546 2472 Aethiopp.
2596 2407 2697 2457 IX.

1610 2497 1664 2545 p.
1702 2481 1807 2531 424
1852 2477 2154 2537 invenitur,
2201 2476 2295 2525 ubi
2342 2475 2570 2526 denotat
2613 2492 2697 2524 ve-

1608 2552 1769 2609 niam,
1826 2547 2198 2610 indulgentiam.
2280 2546 2421 2594 Eam
2477 2561 2606 2594 vero
2661 2544 2736 2593 a'

1609 2619 1714 2668 diis
1754 2631 1926 2680 aeque
1971 2619 2135 2679 atque
2177 2613 2433 2664 heroibus
2469 2614 2573 2664 sibi
2609 2629 2698 2680 pe-

1607 2689 1677 2737 tit
1706 2686 2045 2746 Herodotus,
2086 2686 2147 2732 ut
2182 2683 2271 2748 qui
2305 2682 2371 2733 de
2396 2682 2556 2731 rebus
2591 2681 2697 2732 dis-

1606 2757 1866 2819 seruerit,
1927 2768 2061 2819 quas
2107 2757 2336 2816 tangere
2390 2751 2546 2801 nefas
2602 2751 2693 2813 sit,

1609 2843 1729 2878 cum
1752 2825 1822 2876 ad
1841 2837 2070 2874 arcanas
2093 2821 2386 2886 religiones
2406 2836 2472 2870 ac
2496 2826 2694 2885 myste-

1606 2898 1810 2947 riorum
1837 2893 2141 2944 doctrinam
2163 2891 2490 2955 pertineant.
2530 2890 2689 2941 Conf.

1608 2981 1772 3031 supra
1795 2964 1871 3026 11,
1896 2966 1948 3014 4.
2003 2959 2220 3012 Similes
2257 2960 2521 3012 formulae
2550 2961 2694 3025 apud

1608 3038 1866 3087 Nostrum
1910 3032 2203 3096 aliquoties
2240 3032 2580 3097 reperiuntur
2615 3032 2691 3094 ΙΙ,

1609 3106 1697 3157 46.
1736 3105 1822 3156 47.
1862 3104 1929 3154 48
1965 3101 2058 3152 fin.

1963 3273 2095 3324 Cn.
2135 3270 2338 3322 XLVI.

1632 3419 1641 3428 ,
1679 3368 1748 3426 οὗ
1782 3367 2002 3426 θύουσι
2027 3369 2352 3438 Αἰγυπτίων
2378 3364 2438 3420 οῖ
2470 3367 2694 3436 εἰρημέ-

1604 3445 1727 3512 νοι]
1794 3445 2103 3495 Mendesios
2174 3441 2464 3506 inselligit,
2542 3442 2688 3491 conf.

1604 3517 1970 3635 ΠτιξέΠᾶνα
2004 3579 2117 3632 τῶν
2154 3569 2301 3630 ὀκτώ
2337 3575 2496 3626 θεῶν
2537 3575 2689 3641 λογί-

1604 3652 1795 3715 ζονται
1843 3646 1990 3702 εἶναι
2048 3646 2108 3701 οἱ
2139 3639 2486 3711 Μενδήσιοι]
2548 3647 2688 3697 Octo

1606 3724 1764 3791 primi
1799 3723 2004 3773 ordinis
2029 3721 2158 3770 deos
2184 3716 2575 3781 Aegyptiorum
2610 3721 2690 3766 at-

1605 3794 1827 3860 tigimus
1864 3792 1934 3842 ad
1970 3791 2058 3851 ΙΙ,
2091 3788 2179 3850 43,
2229 3786 2523 3851 attigitque
2575 3801 2692 3836 eos-

1608 3864 1729 3914 dem
1783 3878 1995 3927 quoque
2043 3860 2192 3910 Theo
2246 3857 2576 3922 Smyrnaeus
2632 3856 2691 3905 in

1610 3935 1805 3998 fragm.
1843 3932 1909 3982 de
1950 3929 2219 3980 arithmet.
2253 3932 2309 3977 et
2338 3926 2531 3975 music.
2560 3941 2688 3991 pag.

1613 4002 1709 4053 164
1764 4001 1849 4052 ed.
1905 3998 2166 4060 Buliald„
2233 4012 2391 4061 quem
2431 3996 2694 4046 excitavit

1608 4071 1803 4124 Roeth.
1825 4069 2018 4122 Gesch.
2053 4069 2105 4120 d.
2127 4066 2445 4131 Philosoph.
2474 4066 2522 4116 I.
2550 4070 2690 4115 nott.

1608 4158 1662 4206 p.
1688 4140 1782 4202 64,
1816 4141 1908 4205 qui
1937 4144 2110 4189 totum
2138 4138 2280 4188 hunc
2309 4136 2375 4187 de
2399 4136 2693 4200 Aegyptio-

1608 4226 1722 4261 rum
1776 4209 1995 4260 deorum
2041 4209 2322 4259 ordinibus
2356 4206 2535 4256 locum
2572 4210 2694 4269 post

1608 4279 1848 4330 Hirtium
1895 4278 2187 4343 (Abhandl.
2237 4277 2290 4327 d.
2330 4274 2474 4326 Berl.
2513 4273 2691 4324 Akad.

1611 4350 1766 4400 1820.
1833 4366 1889 4415 p.
1948 4350 2048 4400 120
2101 4346 2308 4413 seqq.),
2372 4344 2693 4394 Creuzerum
