3109 5092
463 360 580 419 244
1329 360 1866 421 HERODOTI

461 560 532 601 τε
583 531 668 622 δὴ
718 530 864 601 κατ’
919 528 1082 602 ὁδὸν
1127 533 1564 623 πυνθάνομαι
1609 533 1728 604 τὸν
1781 534 1997 603 πάντα
2048 533 2249 621 λόγον
2298 535 2738 624 θεράποντος,

461 633 533 715 ὃς
570 637 682 725 ἐμὲ
721 638 1137 725 προπέμπων
1185 641 1309 718 ἔξω
1356 638 1584 718 πόλιος
1630 643 1993 726 ἐνεχείρισε
2027 635 2101 706 τὸ
2135 641 2415 726 βρέφος·
2486 634 2577 717 ὡς
2609 637 2740 726 ἄρα

463 738 838 827 Μανδάνης
881 767 952 807 τε
1000 750 1103 826 εἴη
1146 756 1301 820 παῖς
1345 746 1460 829 τῆς
1492 740 1872 826 Ἀστυάγεω
1908 738 2247 828 θυγατρὸς
2294 744 2406 810 καὶ
2452 741 2735 829 Καμβύ-

462 865 596 911 σεω
644 848 764 912 τοῦ
815 842 1082 931 Κύρου,
1140 851 1262 912 καί
1303 873 1423 931 μιν
1473 844 1839 931 Ἀστυάγης
1890 846 2263 912 ἐντέλλεται
2324 842 2735 913 ἀποκτεῖναι.

330 951 599 1015 112νῦν
631 974 702 1014 τε
736 943 853 1014 ὅδε
891 949 1048 1014 ἐστί.
1113 943 1288 1035 ’Ἅμα
1326 947 1401 1015 δὲ
1436 953 1646 1017 ταῦτα
1679 956 1867 1033 ἔλεγε
1899 942 1935 1014 ὁ
1976 946 2337 1033 βουκόλος,
2384 948 2497 1014 καὶ
2538 950 2733 1016 ἐκκα-

462 1049 678 1130 λύψας
726 1047 1148 1118 ἀπεδείκνυε.
1230 1045 1271 1138 ἡ
1329 1050 1436 1135 δὲ,
1501 1048 1591 1130 ως
1651 1052 1791 1120 εἶδε
1847 1048 1921 1118 τὸ
1968 1055 2242 1118 παιδίον
2287 1053 2456 1138 μέγα
2507 1077 2579 1118 τε
2624 1052 2738 1119 καὶ

462 1150 718 1232 εὐειδὲς
755 1151 899 1238 ἐὰν,
949 1151 1338 1237 δακρύσασα
1376 1156 1487 1222 καὶ
1525 1157 1864 1243 λαβομένη
1898 1158 2035 1221 τῶν
2070 1153 2423 1240 γουνάτων
2456 1159 2578 1222 τοῦ
2613 1151 2733 1223 άν-

462 1254 651 1343 δρὸς,
691 1263 917 1344 ἔχρῃζε
953 1261 1245 1344 μηδεμιῇ
1286 1259 1484 1346 τέχνῃ
1521 1261 1833 1327 ἐκθεῖναί
1873 1284 2010 1345 μιν.
2079 1251 2114 1324 ὁ
2150 1256 2224 1324 δὲ
2261 1252 2387 1325 οὐκ
2431 1261 2561 1345 ἔφη
2599 1253 2736 1336 οἷός

361 1377 368 1383 “
459 1386 530 1426 τε
567 1358 738 1428 εἶναι
782 1357 999 1436 ἄλλως
1039 1355 1210 1426 αὐτα
1253 1364 1540 1429 ποιέειν·
1607 1359 2070 1449 ἐπιφοιτήσειν
2113 1357 2241 1448 γάρ
2277 1359 2738 1439 κατασκόπους

461 1465 527 1543 ἐξ
580 1458 916 1551 Ἀρπάγου
975 1463 1466 1549 ἐποψομένους·
1541 1461 1960 1533 ἀπολέεσθαί
2002 1489 2075 1530 τε
2126 1462 2440 1544 κάκιστα,
2512 1458 2598 1551 ἢν
2645 1463 2736 1551 μή

459 1587 634 1652 σφεα
679 1564 944 1653 ποιήσῃ.
1002 1558 1090 1644 ὥς
1131 1565 1206 1662 (ξε
1240 1562 1363 1633 οὐκ
1410 1571 1648 1635 ἔπειθε
1684 1565 1812 1655 ἄρα
1855 1564 1974 1634 τὸν
2014 1563 2264 1655 ἄνδρα,
2305 1564 2589 1655 δεύτερα
2624 1567 2733 1635 λέ-

460 1695 562 1754 γει
598 1663 640 1754 ἡ
674 1665 846 1756 γυνὴ
883 1666 1073 1735 τάδε·
1135 1664 1313 1736 Ἐπεὶ
1358 1676 1596 1738 τοίνυν
1629 1666 1711 1739 οὐ
1748 1668 2049 1756 δύναμαί
2081 1689 2157 1738 σε
2189 1677 2460 1738 πείθειν
2487 1666 2577 1757 μὴ
2622 1671 2731 1737 ἐκ-

458 1783 723 1850 θεῖναι,
771 1768 856 1839 σὺ
903 1770 978 1838 δὲ
1025 1760 1158 1839 ὦδε
1196 1777 1511 1860 ποίησον,
1568 1778 1631 1840 εἰ
1667 1771 1752 1861 δὴ
1785 1771 1960 1841 πᾶσά
2002 1798 2078 1857 γε
2123 1769 2382 1858 ἀνάγκη
2429 1768 2735 1859 ὀφθῆναι

460 1877 883 1962 ἐκκείμενον·
938 1877 1173 1942 τέτοκα
1213 1872 1339 1962 γὰρ
1392 1876 1501 1945 καὶ
1540 1873 1709 1962 ἐγώ,
1767 1879 2002 1943 τέτοκα
2052 1874 2125 1942 δὲ
2172 1873 2483 1954 τεθνεός·
2537 1879 2735 1942 τοῦτο

457 1978 582 2064 μὲν
617 1979 847 2066 φέρων
881 1977 1166 2062 πρόθες,
1203 1976 1321 2046 τὸν
1357 1977 1432 2046 δὲ
1460 1983 1575 2066 τῆς
1602 1976 1996 2063 Ἀστυάγεος
2032 1974 2369 2066 θυγατρὸς
2405 1982 2613 2045 παῖδα
2647 1971 2735 2055 ὥς

460 2083 526 2162 ἐξ
565 2075 792 2169 ἡμέων
836 2079 1030 2147 ἐόντα
1070 2083 1455 2168 τρέφωμεν·
1525 2083 1637 2149 καὶ
1685 2076 1862 2148 οὕτω
1912 2077 2068 2147 ου”τε
2110 2077 2195 2147 σύ
2242 2075 2531 2148 ἁλώσεαι
2580 2077 2729 2146 άδι-

459 2185 636 2251 κέων
675 2179 829 2262 τους
872 2181 1228 2266 δεσπότας,
1287 2180 1443 2252 οὔτε
1485 2178 1647 2270 ἡμῖν
1702 2187 1921 2262 κακῶς
1965 2184 2471 2270 βεβουλευμένα
2528 2187 2730 2249 ἔσται.

459 2405 563 2454 que
599 2390 777 2439 ubivis
805 2379 1127 2452 Ἀστυάγεος
1154 2391 1544 2441 restituendum
1649 2389 1706 2438 id
1743 2389 1961 2454 quidem
1999 2388 2234 2455 reliquos
2279 2388 2549 2440 Herodoti
2583 2388 2733 2438 locos

459 2473 578 2508 esse
626 2458 850 2508 iudicat.
906 2457 1169 2537 Equidem
1207 2460 1546 2509 Herodotum
1649 2473 1683 2507 a
1722 2459 1852 2508 viris
1911 2459 2089 2508 doctis
2136 2459 2333 2509 allatos
2378 2458 2732 2524 perlustranti

458 2532 688 2592 utraque
702 2529 876 2577 forma
899 2517 1228 2592 (Ἀστυάγεα)
1250 2534 1304 2577 et
1327 2520 1544 2578 Ἀστυά-
1645 2526 1792 2577 haud
1827 2529 2188 2578 necessarium
2225 2527 2516 2578 videbitur.

459 2597 608 2661 γεος)
673 2613 793 2647 esse
863 2611 1016 2646 usum
1085 2598 1541 2648 existimaverim.

458 2682 625 2748 quere
654 2683 776 2716 mox
809 2666 1002 2730 reliqui
1033 2655 1372 2730 Ἀστυάγεος,
1399 2667 1542 2732 quod

455 2736 644 2785 invitis
681 2736 832 2784 libris
860 2740 1086 2785 recentt.
1117 2735 1238 2785 edd.
1265 2741 1542 2786 mutarunt

458 2805 511 2852 in
542 2795 866 2869 Ἂστυάγεω.
907 2804 1062 2866 0121,
1103 2806 1220 2855 114.
1263 2807 1379 2857 115.
1419 2806 1538 2857 116.

463 2872 737 2923 119.123.
783 2874 903 2924 124.

527 2939 635 2989 νῦν
671 2956 728 2990 τε
779 2930 880 2990 οδε
919 2930 1056 3005 ἐστί]
1099 2929 1197 2989 οδε
1235 2944 1427 2991 merito
1461 2959 1541 2992 re-

457 3013 624 3058 eentt.
691 3010 848 3060 editt.
902 3015 1221 3072 receperunt
1285 3026 1314 3058 e
1368 3010 1539 3061 libris,

456 3078 634 3143 Vulgo
679 3068 815 3140 ὦδε,
870 3083 931 3127 ut
973 3078 1027 3126 in
1074 3078 1353 3128 Sancrofti
1402 3079 1539 3130 libro

458 3151 656 3196 exstat.
703 3149 852 3197 Bene
907 3146 1191 3197 Larcher.·
1252 3149 1372 3208 „Le
1416 3151 1545 3199 troici

455 3225 536 3266 eet
572 3217 812 3279 enfant.“
860 3217 946 3266 Tu
982 3217 1055 3265 ef.
1097 3216 1144 3277 I,
1184 3216 1300 3268 115.
1349 3218 1413 3280 V,
1451 3220 1537 3268 92.

457 3289 509 3348 §-
558 3287 609 3348 5,
662 3292 718 3337 et
763 3301 904 3352 quae
948 3285 1056 3336 alia
1101 3285 1259 3336 affert
1305 3286 1536 3338 BredOV.

455 3371 509 3420 p.
549 3355 636 3407 43.

821 3459 955 3510 ΟΑΡ.
995 3458 1169 3508 CXII.

510 3549 646 3627 Αμα
685 3558 748 3611 δὲ
782 3558 960 3610 ταῦτα
996 3554 1141 3624 ἔλεγε
1176 3548 1206 3609 ὁ
1244 3551 1537 3625 βουκόλος,

454 3626 549 3678 καὶ
598 3662 668 3670 -
718 3622 1073 3693 ἀπεδείκνυε]
1137 3629 1538 3694 Exspectabas.

452 3714 570 3761 αμα
604 3693 666 3748 δὲ
704 3716 751 3748 τ.
791 3697 1034 3762 λέγων,
1073 3700 1226 3748 euius
1267 3698 1541 3763 participii

451 3767 574 3816 loeo
622 3768 824 3818 Noster
867 3767 1021 3832 ponit
1050 3767 1272 3816 verbum
1309 3767 1539 3830 finitum,

454 3835 599 3898 quod
635 3851 729 3900 per
765 3835 1088 3900 particulam
1126 3831 1221 3884 καὶ
1269 3836 1541 3900 sequenti-

454 3903 556 3951 bus
592 3905 854 3954 annectit.
893 3905 1016 3954 vid.
1051 3904 1305 3953 Kuehner
1325 3905 1418 3955 Gr.
1445 3904 1537 3954 Gr.

459 3973 510 4030 §-
551 3972 670 4032 720,
706 3975 738 4021 2
775 3979 828 4021 et
865 3971 1134 4020 Matthiae
1168 3975 1218 4033 §-
1259 3974 1380 4021 565.
1420 3977 1537 4023 not.

456 4038 506 4088 3.
562 4054 688 4103 pag.
757 4040 893 4090 1114
943 4038 1064 4089 coll.
1127 4043 1177 4100 §-
1240 4041 1361 4091 620.
1409 4056 1534 4104 pag.

461 4108 611 4168 1257,
646 4107 740 4171 qui
773 4108 919 4171 quod
962 4108 1016 4156 in
1055 4106 1369 4157 Herodoteo
1415 4109 1536 4158 loeo

452 4174 727 4226 laudando
764 4181 888 4239 post
922 4168 986 4223 δὲ
1017 4174 1314 4240 adscripsit
1348 4189 1403 4224 τε
1440 4193 1535 4227 un-

453 4246 533 4295 cis
589 4244 857 4295 inclusum
906 4248 961 4293 et
1006 4259 1075 4309 ap
1115 4245 1256 4294 osito
1307 4245 1534 4294 interro-

451 4313 619 4379 gandi
675 4314 864 4377 signo,
920 4327 1025 4378 quo
1101 4327 1179 4375 μα
1223 4326 1290 4362 τε
1334 4342 1404 4351 -
1438 4309 1533 4363 καὶ

452 4381 645 4432 melius
679 4382 733 4432 h.
775 4382 811 4432 l.
861 4379 968 4447 legi
1010 4381 1349 4432 indicaturus
1395 4387 1529 4445 erat,

1715 2590 1905 2662 ἔχρῃζε
1948 2594 2199 2663 μηδεμιῇ
2240 2595 2429 2664 τέχνῃ]
2474 2599 2512 2649 i.
2551 2613 2600 2648 e.
2646 2611 2732 2646 ve-

1642 2664 1919 2727 hementer,
1971 2670 2119 2716 etiam
2159 2674 2310 2731 aeque
2355 2670 2501 2716 etiam
2553 2666 2735 2730 (mari-

1644 2737 1781 2798 tum)
1818 2734 2059 2798 rogabat,
2105 2751 2167 2784 ne
2208 2737 2472 2798 puerulum
2513 2749 2734 2812 expone-

1642 2810 1740 2853 ret.
1791 2801 2087 2853 Admonuit
2137 2803 2203 2853 de
2257 2804 2530 2854 locutione
2576 2796 2731 2868 πάσῃ

1641 2869 1810 2936 τέχνῃ
1856 2887 1922 2921 ac
1967 2870 2233 2921 similibus
2279 2872 2605 2938 Wesseling.
2658 2871 2730 2920 ad

1644 2939 2238 3018 Sophocl.Aiae.7-13
2278 2940 2366 2993 ed.
2400 2942 2519 2996 Erf.

1713 3004 1767 3057 εἰ
1799 3002 1873 3072 δὴ
1911 3002 2066 3059 πᾶσά
2113 3024 2171 3073 γε
2207 3002 2448 3076 ἀνάγκη]
2487 3012 2577 3061 Sic
2620 3010 2730 3073 ple-

1644 3078 1797 3143 rique
1820 3077 1966 3129 libri.
2004 3080 2050 3130 A
2075 3078 2319 3129 Medieeo
2350 3080 2567 3145 alioque
2590 3079 2729 3128 libro

1644 3147 1801 3196 abest
1849 3147 2117 3211 particula
2163 3162 2247 3212 γε,
2296 3149 2471 3199 eiecta
2522 3148 2730 3198 indea

1644 3215 1944 3278 Gronovio,
2003 3217 2147 3282 quod
2205 3219 2457 3281 probavit
2515 3218 2731 3266 XVesse-

1642 3283 1797 3349 ling„
1834 3285 1972 3335 alios
2007 3285 2158 3336 locos
2195 3292 2249 3336 et
2284 3287 2474 3338 Nostri
2514 3286 2608 3350 (11,
2642 3288 2726 3336 22.

1644 3353 1730 3404 35.
1778 3354 1874 3414 IV,
1931 3354 2045 3406 179.
2101 3357 2168 3418 V,
2217 3355 2328 3420 32.)
2390 3361 2446 3406 et
2482 3354 2730 3405 'aliorum

1642 3424 1967 3487 scriptorum
2004 3424 2351 3486 collaudans,
2402 3425 2496 3475 ubi
2530 3426 2587 3473 in
2627 3424 2729 3473 hae

1640 3492 1917 3542 locutione
1960 3492 2300 3544 desideratur
2344 3493 2616 3558 particula
2649 3507 2727 3558 γε.

1643 3562 1818 3622 Quam
1868 3565 2050 3610 tamen
2106 3567 2293 3612 nostro
2340 3561 2463 3613 loeo
2514 3561 2732 3627 aptissi-

1645 3645 1785 3679 mam
1829 3629 2095 3694 bonisque
2124 3630 2279 3680 libris
2302 3629 2572 3682 firmatam
2607 3647 2727 3680 cum

1642 3702 1869 3748 recentt.
1912 3700 2066 3748 editt.
2106 3700 2399 3749 restituere
2433 3716 2543 3751 non
2579 3699 2731 3749 dubi-

1643 3766 1900 3817 tavimus,
1939 3767 2099 3817 Conf.
2140 3769 2415 3833 Hartung.
2462 3768 2635 3819 Lehre
2673 3768 2725 3818 d.

1640 3835 1853 3886 Partik.
1903 3836 1949 3886 I.
2012 3852 2065 3900 p.
2113 3835 2234 3887 300.
2288 3863 2354 3872 —
2404 3837 2490 3887 Ad
2541 3852 2730 3886 vocem

1641 3897 1705 3952 δὲ
1742 3903 1821 3964 (in
1858 3905 2037 3955 verbis
2087 3896 2155 3954 σὺ
2199 3899 2261 3954 δὲ
2307 3891 2419 3954 ὦδε
2454 3901 2732 3969 ποίησον)

1638 3973 1796 4022 initio
1820 3972 2123 4037 apodoseos
2139 3978 2265 4037 post
2289 3988 2584 4037 pronomen
2608 3988 2729 4023 eum

1641 4041 1698 4090 vi
1744 4041 1981 4106 quadam
2028 4044 2264 4107 positam
2310 4042 2458 4092 cons.
2506 4042 2614 4105 III,
2661 4041 2731 4091 68

1639 4108 1763 4159 coll.
1811 4108 1878 4159 37
1928 4117 1981 4160 et
2029 4113 2370 4192 potissimum
2413 4112 2479 4172 V,
2524 4109 2613 4162 40.
2661 4141 2731 4150 -—-

1637 4178 1700 4228 In
1750 4177 1856 4228 fine
1904 4195 2026 4244 cap.
2074 4171 2303 4230 ἀπολέει
2357 4179 2477 4244 (pro
2527 4172 2729 4228 ἀπολέ-

1636 4247 1744 4308 σει)
1775 4251 1925 4298 recte
1960 4264 2103 4299 nunc
2141 4265 2171 4299 e
2215 4247 2531 4299 melioribus
2568 4247 2727 4297 codd.

1634 4321 1936 4434 τοοὲιῖὃιιως
1974 4317 2130 4382 plura
2163 4316 2273 4368 vid.
2313 4316 2459 4381 apud
2496 4315 2726 4366 Bredov.

1629 4398 1683 4448 p.
1833 4420 1846 4435 .
