3109 5092
477 374 602 438 258

1335 369 1884 432 HERODOTI

480 548 561 619 τά
586 553 656 618 οἰ
678 545 923 617 ἐδόκεε.
984 542 1380 634 ἀπορράψας
1406 544 1482 613 δὲ
1505 549 1628 613 τοῦ
1656 549 1868 630 λαγοῦ
1896 540 2020 631 τὴν
2046 546 2334 632 γαστέρα
2366 545 2479 612 καὶ
2509 547 2749 611 δίκτυα

484 648 678 735 δούς,
709 646 824 717 ἅτε
850 653 1189 737 θηρευτῇ,
1220 652 1359 716 τῶν
1384 650 1703 716 οἰκετέων
1730 652 1822 739 τῷ
1851 644 2220 739 πιστοτάτῳ
2240 698 2257 729 ,
2303 641 2651 716 ἀπέστειλε
2683 640 2750 721 ἐς

482 752 638 833 τοὺς
669 754 968 839 Πέρσας,
1012 748 1476 840 ἐντειλάμενός
1520 755 1589 818 οἱ
1625 747 1757 819 ἀπὸ
1797 749 2133 836 γλώσσης,
2176 747 2451 819 διδόντα
2478 745 2599 817 τὸν
2630 757 2748 816 λα-

484 853 611 942 γὸν
653 852 862 946 Κύρῳ
907 851 1243 938 ἐπειπεῖν,
1305 851 1689 942 αὐτοχειρίῃ
1738 881 1857 940 μιν
1902 858 2185 938 διελεῖν,
2240 854 2353 921 καὶ
2393 854 2650 941 μηδένα
2690 853 2758 917 οἱ

584 963 612 978 u
904 961 932 975 ⁴-
1616 962 1641 975 ·
1941 953 1956 976 x
2025 947 2051 976 τ
2135 953 2152 978 2
2469 951 2485 977 2
2554 961 2570 981 a
2736 973 2749 987 ,

352 966 468 1027 124
483 985 696 1031 ,ταυτα
737 983 1040 1026 ποιευντι
1083 971 1416 1044 παρεῖναι.
1501 963 1724 1024 Ταυτα
1764 956 1839 1025 δὲ
1880 962 1963 1045 δη
1999 984 2098 1026 ων
2127 956 2432 1025 επιτελέα
2460 980 2719 1040 εγινετο

479 1063 590 1132 καὶ
641 1055 677 1129 ὁ
715 1064 944 1147 Κῦρος
987 1056 1397 1147 παραλαβών
1437 1055 1559 1127 τὸν
1615 1057 1823 1144 λαγὸν
1873 1056 2203 1147 ἀνέσχισε.
2290 1052 2515 1149 εὑρών
2562 1055 2637 1125 δὲ
2678 1051 2754 1123 ἐν

479 1160 661 1255 αὐτῷ
700 1159 775 1229 τὸ
816 1168 1084 1250 βιβλίον
1125 1158 1353 1247 ἐνεὸν,
1415 1158 1647 1248 λαβών
1688 1158 2057 1248 ἐπελέγετο.

2160 1159 2242 1230 τὰ
2283 1167 2324 1230 δ
2328 1162 2359 1231 ὲ
2400 1159 2754 1250 γράμματα

479 1271 670 1351 ἔλεγε
699 1263 858 1333 τάδε
878 1285 893 1300 ·
943 1255 1025 1331 Ὦ
1056 1279 1178 1332 παῖ
1204 1263 1586 1353 Καμβύσεω
1605 1315 1623 1348 ,
1665 1264 1740 1333 σὲ
1780 1261 1908 1352 γὰρ
1936 1266 2089 1334 θεοὶ
2117 1260 2478 1352 ἐπορέωσι·
2518 1260 2602 1332 ού
2628 1259 2755 1348 γὰρ

494 1364 584 1435 ἄν
627 1393 779 1435 κοτε
822 1363 889 1445 ἐς
935 1365 1507 1453 τοσοῦτον·τύχης
1561 1363 1825 1435 ἀπίκευ.

1926 1364 2012 1434 σύ
2058 1371 2190 1435 νῦν
2226 1363 2593 1453 Ἀστυάγεα
2636 1361 2757 1432 τὸν

482 1474 792 1539 σεωυτοῦ
831 1470 1045 1556 φονέα
1081 1474 1281 1537 τίσαι.
1370 1466 1537 1537 κατὰ
1579 1469 1705 1557 μὲν
1741 1467 1868 1556 γὰρ
1914 1466 2040 1557 τὴν
2076 1467 2321 1539 τούτου
2365 1472 2759 1558 προθυμίην

485 1634 566 1683 ita
602 1632 801 1682 indidit
837 1631 1137 1684 libellum.“
1186 1633 1275 1683 Ita
1299 1649 1408 1682 non
1436 1648 1573 1696 opus

484 1702 666 1766 legere
721 1694 810 1750 ἀπ
824 1715 854 1749 ο
870 1716 901 1750 τ
914 1714 940 1750 ε
956 1700 1016 1750 l).
1032 1717 1069 1750 α
1083 1718 1126 1759 ς.
1201 1698 1573 1767 μηχανᾶσθαι

485 1770 791 1836 Schweigh.
812 1770 1075 1822 reddidit:
1100 1773 1283 1821 callide
1303 1773 1571 1821 instruere.

2009 1669 2142 1720 Car.
2179 1668 2424 1720 CXXIV.

1746 1778 1996 1835 ἐπιτελέα
2022 1779 2260 1852 ἐγίνετο]
2297 1787 2456 1839 Conf.
2484 1801 2651 1850 supra
2687 1784 2757 1835 ad

485 1869 553 1878 —
598 1839 734 1889 Mihi
778 1840 947 1889 totius
1004 1839 1112 1890 loci
1161 1840 1299 1890 haec
1357 1840 1575 1889 videtur
1675 1856 1962 1916 1‚117‚—
2000 1857 2153 1917 Quae
2189 1862 2487 1921 sequuntur
2510 1853 2757 1919 Har-pagi

485 1923 606 1958 esse
626 1909 924 1958 sententia:
966 1909 1298 1974 „Harpagus
1330 1924 1441 1957 rem
1465 1907 1575 1958 cal—

1675 1923 1867 1974 literae
1904 1924 1975 1975 ad
2003 1925 2203 1989 Cyrum
2240 1926 2477 1990 scriptae
2510 1939 2756 1989 quaeque

483 1976 590 2027 lide
638 1979 1004 2042 excogitatam
1050 1979 1133 2027 ita
1187 1978 1456 2039 instituit,
1512 1982 1576 2027 ut
1676 1994 1893 2044 omnino
1930 1993 2018 2042 hic
2058 1994 2123 2044 (10
2169 1994 2269 2043 tali
2299 1994 2579 2044 literarum
2616 2008 2758 2042 com-

486 2046 634 2109 capti
682 2045 881 2109 leporis
939 2053 1184 2096 ventrem
1237 2047 1572 2096 discinderet

485 2129 662 2178 neque
709 2130 840 2163 vero
888 2114 1132 2179 (leporis)
1186 2114 1326 2178 pilos
1375 2114 1573 2163 evelle-

484 2187 599 2244 ret,
650 2183 747 2232 sed
787 2183 1015 2247 leporis,
1081 2183 1257 2247 qualis
1316 2187 1458 2245 erat,
1513 2182 1573 2230 in

485 2254 730 2300 ventrem
764 2251 1006 2301 libellum
1053 2252 1290 2314 inderet,
1338 2252 1396 2301 in
1444 2266 1572 2314 que,

485 2333 624 2382 quae
647 2320 753 2383 ipsi
780 2319 1111 2381 viderentur,
1149 2321 1357 2383 scripta
1388 2325 1570 2380 erant3

484 2391 631 2446 tum,
688 2402 874 2437 rursus
921 2393 1151 2438 consuto
1197 2387 1397 2452 leporis
1444 2404 1573 2438 ven-

485 2459 599 2516 tre,
645 2455 886 2521 leporem
928 2455 1043 2521 (qui
1079 2458 1160 2506 ita
1195 2471 1383 2507 recens
1421 2459 1573 2522 capti

482 2522 686 2587 leporis
741 2525 977 2589 speciem
1040 2526 1348 2590 praeberet)
1403 2533 1573 2591 atque

486 2594 624 2643 retia
679 2593 909 2643 tradidit
967 2609 1244 2646 servorum
1306 2596 1570 2646 fidissimo

484 2667 747 2728 tanquam
781 2665 1032 2713 venatori
1069 2680 1187 2715 eum
1228 2680 1295 2714 ue
1331 2665 1402 2715 ad
1438 2667 1573 2714 Per-

488 2746 579 2781 sas
617 2731 881 2782 dimisit.“
952 2733 1161 2784 Vocula
1235 2728 1260 2782 ὲ
1294 2734 1351 2784 in
1387 2733 1569 2784 verbis

486 2791 569 2856 ὥς
603 2794 676 2848 δὲ
712 2793 825 2864 εἶχε
851 2802 1071 2864 respicit
1101 2803 1171 2852 ad
1199 2804 1441 2868 proxime
1477 2817 1585 2851 an-.

488 2867 798 2917 tecedentia
821 2882 851 2916 ο
866 2859 1033 2917 ύδὲν
1056 2866 1356 2932 ἀποτίλαςς
1396 2873 1572 2935 ipsam

487 2934 818 2985 locutionem
856 2927 934 2993 ὦς
972 2929 1089 3001 εἶχε
1123 2938 1402 2989 illustrant
1426 2939 1574 2987 simi-

487 3002 567 3051 les
602 3004 790 3053 Nostri
838 3003 946 3053 loci
989 3006 1043 3068 1,
1082 3007 1167 3055 24.
1207 3007 1292 3058 61.
1346 3008 1465 3057 114.
1502 3008 1571 3069 V,

488 3070 578 3120 64.
615 3072 711 3133 VI,
757 3072 841 3122 17.
875 3073 1033 3136 VIII,
1070 3074 1138 3123 62
1177 3076 1301 3125 coll.
1335 3075 1430 3136 VI,
1471 3076 1572 3126 116

489 3137 671 3202 ibique
717 3144 858 3189 nott.
897 3167 963 3176 —
1016 3138 1237 3206 βιβλίον
1281 3144 1428 3207 apud
1464 3145 1573 3193 He-

487 3205 739 3256 rodotum
790 3223 1000 3271 semper
1045 3210 1222 3259 librum
1266 3226 1311 3260 s.
1360 3212 1573 3261 libellum

488 3275 802 3339 significare
856 3281 1005 3325 recte
1068 3279 1276 3329 monuit
1334 3280 1569 3331 BredOV.

487 3358 541 3407 p.
581 3345 649 3396 42
683 3344 769 3393 his
806 3344 987 3394 allatis
1024 3344 1161 3396 locis
1196 3347 1250 3410 Ι,
1287 3349 1406 3399 124.
1446 3350 1568 3402 125.

485 3412 595 3475 ΙΙΙ,
633 3415 719 3463 42.
751 3411 838 3462 43.
885 3414 999 3464 128.
1025 3414 1092 3476 V,
1122 3416 1186 3464 14
1212 3422 1377 3481 atque
1408 3418 1573 3467 etiam

485 3481 592 3543 VI,
631 3484 684 3531 4.
733 3482 903 3544 VIII,
953 3482 1066 3533 128.
1148 3484 1377 3546 Mone0,
1427 3487 1573 3550 quod

492 3548 599 3599 duo
635 3549 792 3600 codd.
843 3551 895 3600 h.
936 3550 972 3601 l.
1016 3551 1248 3601 afferunt
1301 3548 1573 3618 βυβλίον,

491 3618 813 3668 confusione
848 3619 991 3668 haud
1027 3621 1375 3684 infrequenti.
1402 3649 1473 3659 —
1507 3622 1574 3671 In

494 3700 646 3751 seqq.
661 3687 990 3737 locutionem
1015 3680 1130 3737 ἀπὸ
1158 3683 1409 3753 γλώσσης
1441 3687 1499 3752 (i.
1524 3705 1574 3740 e.

490 3770 634 3818 voce,
674 3770 869 3819 corant,
920 3771 1028 3806 non
1064 3757 1292 3822 scripto)
1337 3758 1473 3807 satis
1512 3757 1576 3807 il-

487 3820 747 3873 lustravit
782 3823 1085 3877 Blomfield.
1121 3826 1175 3874 in
1211 3825 1452 3877 Glossar.
1501 3826 1575 3875 ad

489 3890 759 3969 AeschyL,
781 3892 1098 3957 Agamemn.
1138 3894 1259 3946 186.
1342 3894 1428 3944 Ad
1464 3895 1574 3944 for-

490 3972 633 4006 mam
687 3960 1044 4025 αυτοχειρίῃ,
1110 3961 1166 4009 in
1220 3977 1329 4027 qua
1380 3963 1574 4026 optimi

488 4024 649 4076 oodd.
697 4028 1044 4091 conspirant,
1106 4029 1177 4078 cf.
1224 4030 1454 4082 BredoV.

494 4094 580 4143 77.
638 4094 900 4144 Extrema
924 4095 1091 4146 verba
1124 4111 1245 4146 cum
1269 4097 1573 4164 Schweigh.

486 4161 569 4210 sic
603 4166 816 4212 vertere
850 4163 1006 4213 licet:
1052 4180 1297 4226 „necesse
1331 4182 1471 4227 esse,
1518 4177 1577 4218 ue

485 4233 568 4280 ille
597 4245 694 4280 sua
727 4247 874 4281 manu
911 4247 1016 4283 eum
1047 4231 1329 4298 (leporem)
1366 4245 1573 4287 exerue-

481 4305 607 4394 ret,⁴
628 4312 787 4364 neque
822 4303 1078 4366 quisquam
1105 4300 1198 4351 Ιιοο
1224 4303 1440 4366 facienti
1479 4305 1574 4355 ad-

477 4369 585 4417 υἰέ

1672 2063 1871 2112 mercio
1931 2063 2248 2124 traduntur,
2315 2063 2463 2113 haud
2516 2064 2629 2112 scio
2685 2077 2753 2110 an

1673 2131 1807 2180 talia
1842 2132 1979 2193 sint,
2034 2130 2219 2195 qualia
2266 2131 2323 2180 in
2365 2132 2471 2182 hac
2515 2136 2636 2180 tota
2688 2131 2755 2179 de

1674 2200 1817 2263 Cyro
1861 2202 2177 2250 narratione
2227 2202 2337 2250 iam
2392 2215 2557 2264 supra
2617 2199 2753 2264 (vid.

1675 2269 1743 2318 ad
1780 2284 1902 2333 cap.
1941 2269 2027 2318 95.
2075 2267 2190 2324 118.
2230 2269 2354 2332 120)
2395 2270 2755 2318 indicavimus

1675 2337 1865 2400 obvia,
1906 2339 1975 2388 ad
2005 2338 2335 2388 Graecorum
2369 2353 2544 2388 mores
2580 2344 2635 2387 et
2669 2352 2756 2386 ra-

1673 2408 1850 2456 tiones
1889 2409 2192 2471 composita
2229 2423 2520 2472 eorumque
2554 2408 2608 2455 in
2634 2421 2755 2471 gra·

1674 2476 1807 2524 tiam
1830 2476 1898 2525 ad
1922 2477 2221 2527 orationem
2245 2476 2680 2541 amplificandam
2701 2479 2758 2524 et

1672 2544 2036 2594 exornandam
2101 2545 2357 2596 confictaz
2422 2544 2759 2611 quandoqui-

1672 2613 1794 2662 dem
1846 2614 1938 2662 vix
1985 2617 2270 2679 quisquam
2318 2617 2448 2678 erit,
2506 2616 2599 2678 qui
2651 2612 2757 2661 sibi

1670 2682 2000 2747 persuadeat
2034 2683 2307 2734 scribendi
2337 2689 2535 2745 artem,
2575 2681 2759 2745 cogni-

1618 2801 1623 2806 .
1673 2756 1786 2800 tam
1824 2752 1975 2801 illam
2011 2752 2227 2816 quidem
2250 2753 2354 2802 hac
2384 2757 2565 2803 aetate
2592 2754 2756 2815 atque

1670 2819 1755 2868 his
1793 2822 2078 2884 gentibus,
2132 2826 2194 2870 ut
2234 2822 2615 2886 inscriptiones
2664 2834 2757 2867 cu-

1672 2893 1866 2939 neatae
1903 2889 2118 2950 docent,
2159 2890 2228 2939 ad
2249 2889 2619 2940 huiuscemodi
2649 2888 2759 2951 epi-

1672 2957 1836 3006 stolia
1861 2974 1982 3007 esse
2006 2957 2321 3010 adhibitam.
2371 2959 2758 3022 Relinquamus

1671 3026 1842 3089 igitur
1893 3027 2029 3076 haec
2080 3027 2390 3089 Herodot0,
2446 3028 2563 3093 qui,
2618 3039 2758 3090 quae

1675 3094 1740 3143 de
1766 3095 2009 3160 Harpagi
2048 3095 2172 3145 dolo
2209 3095 2415 3145 tradita
2450 3098 2756 3158 acceperat,

1674 3179 1794 3212 eum
1843 3164 1899 3213 in
1960 3164 2177 3213 modum
2233 3167 2515 3214 exornavit
2575 3170 2632 3214 et
2688 3162 2759 3211 ad

1674 3232 2001 3282 Graecorum
2040 3234 2249 3281 animos
2285 3233 2605 3283 detinendos
2635 3246 2759 3281 con-

1676 3300 1960 3351 formavit:
1999 3302 2114 3350 veri
2150 3305 2332 3352 tamen
2370 3303 2498 3367 quid
2531 3302 2756 3351 subesse

1671 3369 1729 3417 in
1778 3369 1882 3418 hac
1942 3374 2061 3419 tota
2110 3372 2450 3434 narratione,
2511 3370 2757 3436 equidem

1673 3438 1891 3488 minime
1926 3439 2258 3503 negaverim.

1731 3542 1799 3604 ’.Ω
1843 3559 1955 3605 παῖ
1985 3547 2330 3622 Καμβύσεω,
2377 3552 2438 3606 σὲ
2470 3547 2576 3620 γὰρ
2626 3550 2757 3604 θεοὶ

1674 3612 1967 3691 ἔπορέωσι]
2023 3626 2108 3675 De
2151 3641 2255 3675 usu
2302 3624 2607 3691 particulae
2652 3616 2758 3687 γὰρ

1675 3704 1803 3738 vere
1840 3694 2048 3743 causali
2083 3694 2318 3745 vidimus
2347 3694 2417 3744 ad
2440 3695 2485 3756 1,
2516 3693 2569 3744 8.
2629 3693 2762 3744 Sen-

1676 3758 1903 3809 tentiam
1945 3764 2026 3811 sic
2076 3762 2292 3827 supplet
2336 3765 2634 3813 Hermann.
2689 3760 2761 3809 ad

1674 3826 1860 3890 Viger.
1907 3844 1961 3893 p.
1992 3830 2139 3913 829ε
2202 3840 2306 3926 ,3te‘
2341 3833 2465 3881 enim
2509 3834 2757 3912 alloquor,

1674 3900 2262 4016 sssslazgffiaessfficegt.
2269 3901 2607 4033 Pagreggtsps
2617 3898 2763 4024 ‚2³:⁴23

1512 4048 1567 4096 p.
1672 4033 1938 4090 ulciscere3
1973 4042 2022 4085 te
2056 4038 2181 4085 enim
2216 4035 2289 4085 dii
2316 4037 2590 4099 respiciunt
2622 4032 2680 4099 (i.
2709 4051 2758 4085 e.

1677 4102 1794 4165 quia
1827 4102 1918 4153 tibi
1962 4104 2036 4154 dii
2071 4104 2335 4168 savene);“
2381 4119 2543 4170 quam
2595 4105 2761 4153 ratio-

1676 4184 1798 4218 nem
1844 4185 2059 4236 quoque
2107 4176 2326 4223 secutus
2374 4177 2459 4222 est
2494 4172 2762 4223 Matthiae

1675 4238 1911 4289 Gramm.
1938 4240 2100 4302 Gr.§.
2121 4241 2242 4291 615.
2273 4258 2324 4305 p.
2357 4241 2509 4306 1242,
2534 4243 2626 4291 ubi
2649 4240 2760 4290 vid.

1674 4304 1832 4356 Conf.
1869 4306 2033 4372 paulo
2071 4313 2237 4358 antea
2281 4309 2338 4371 1,
2381 4311 2498 4360 121.
2538 4339 2609 4349 -
2652 4310 2761 4359 Pro

1670 4364 1944 4438 ἐπορέωσι
1991 4373 2226 4428 Bredov.
2285 4389 2341 4441 p.
2395 4375 2498 4429 385
2555 4375 2764 4427 mavult
