3109 5092
425 297 551 361 602

1288 298 1821 362 HERODOTI

430 478 502 547 δὲ
540 472 754 558 nim-og
784 474 956 546 εἶναι
974 527 992 561 ,
1039 474 1157 547 τὸν
1186 480 1257 544 οἰ
1272 471 1592 562 Ἕλληνες
1620 483 1831 544 Λίνον
1854 470 2345 563 οὐνομάζοντες’
2369 468 2700 541 ἀείδουσι.

429 578 595 651 ὥστε
625 577 838 650 πολλὰ
862 580 987 668 μὲν
1011 582 1120 650 καὶ
1148 577 1316 648 ἄλλα
1346 575 1865 666 ἀποθωυμάζειν
1892 596 1975 666 με
2002 582 2141 647 τῶν
2166 579 2322 666 περὶ
2344 586 2703 664 “Atrium-ov

430 685 718 769 ἐόντων,
765 687 840 753 ἑν
867 684 938 751 δὲ
975 680 1061 771 δὴ
1089 685 1200 755 καὶ
1226 680 1345 752 τὸν
1379 689 1592 752 Λίνον
1622 677 1873 752 ὁκόθεν
1904 688 2150 769 ἔλαβον
2170 703 2185 717 ·
2237 688 2595 769 φαίνονται
2622 680 2697 749 δὲ

428 786 541 857 ἀεί
584 814 732 857 κοτε
771 792 1011 857 τοῦτον
1060 783 1419 866 ἀείδοντες.
1501 792 1639 855 ἔστι
1689 786 1761 855 δὲ
1808 786 2212 871 Αἰγυπτιστὶ
2259 781 2295 856 ὁ
2330 790 2538 864 Λίνος
2576 810 2701 852 κα-

430 892 748 981 λεύμενος
765 893 1122 979 Μανέρως.
1199 895 1458 977 ἔφασαν
1486 893 1568 959 δέ
1590 917 1708 978 μιν
1739 888 2097 975 Αἰγύπτιοι
2125 894 2244 957 τοῦ
2274 888 2544 976 πρώτου
2573 895 2697 976 βα-

431 1097 467 1145 ἰ.
508 1111 556 1145 e.
606 1109 703 1158 pro
748 1093 964 1143 diver-sie
994 1092 1224 1158 gentibus
1271 1094 1516 1142 diversam!

431 1159 1514 1312 mit-‘13335²32335⁸pss⁰332212⁵ss⁶5ss

430 1295 573 1351 κατὰ
612 1303 896 1365 attigimus
935 1302 1002 1351 ad
1039 1301 1241 1364 1‚196.
1316 1301 1400 1351 Ad
1434 1316 1516 1349 ar·

429 1376 739 1437 gumentum
768 1371 913 1421 cons.
925 1340 1294 1421 Heck’eruml.
1326 1370 1362 1421 l.
1378 1368 1516 1421 alias

431 1442 742 1491 afferentem
775 1440 1188 1521 appellationem

503 1505 845 1573 συμφέρεται
882 1503 946 1559 δὲ
979 1501 1160 1565 ωυτὸς
1190 1501 1401 1574 εἷναι]“
1387 1526 1422 1559 1.
1463 1525 1510 1560 e.

433 1583 662 1645 congruit
707 1595 827 1629 vero
883 1582 986 1639 ita,
1049 1588 1107 1629 ut
1152 1580 1278 1629 idem
1322 1581 1407 1630 ille
1448 1581 1518 1629 εἰι

429 1648 650 1713 (Linus)
687 1653 793 1700 etc.
865 1649 948 1698 Ad
992 1651 1320 1699 structuram
1369 1648 1513 1699 conf.

432 1721 478 1783 Ι,
520 1720 585 1770 13
622 1719 805 1783 ibique
842 1723 1008 1780 nott.;
1060 1719 1126 1768 de
1170 1719 1336 1769 verbo
1383 1731 1517 1781 σιμ-

432 1786 717 1853 φέρεσθαι
775 1787 852 1851 ΙΙ,
900 1788 988 1839 80.
1086 1789 1241 1867 Quod
1290 1804 1419 1838 vero
1461 1789 1518 1836 in

431 1859 534 1909 hac
585 1863 862 1908 structura
908 1864 1034 1923 post
1078 1849 1259 1914 ὥυτὸς
1300 1858 1517 1923 aliaque

432 1928 673 1979 eiusdem
711 1929 924 1993 generis
961 1927 1087 1978 addi
1120 1928 1262 1978 solet
1306 1923 1428 1988 καὶ,
1465 1926 1519 1976 id

432 1999 536 2049 hoc
571 1998 692 2048 loco
731 1998 911 2047 omitti
945 2003 999 2047 et
1042 1997 1268 2062 simplex
1307 2003 1520 2046 tantum

435 2067 565 2132 poni
599 2082 893 2132 pronomen
928 2067 1029 2131 (cf.
1065 2069 1132 2129 V,
1173 2068 1260 2117 88.
1298 2067 1425 2128 VII,
1464 2064 1518 2130 6)

436 2137 693 2187 observat
738 2136 936 2185 Struve
983 2136 1518 2215 Spec.1.Quaest.

436 2205 503 2255 de
540 2204 759 2254 dialect.
799 2205 1002 2255 Herod.
1035 2222 1089 2269 p.
1112 2206 1199 2255 26.
1250 2206 1356 2254 Pro
1391 2195 1522 2284 ovo-

435 2266 701 2350 μα’ζοντες
730 2273 854 2324 dedi
877 2289 997 2323 cum
1023 2279 1250 2323 recentt.
1278 2275 1400 2325 edd.
1425 2265 1522 2323 οὗ-

440 2334 805 2475 νοῖέζέἶτὲς
817 2348 913 2460 alell
947 2343 1049 2460 τιιξν
1076 2344 1331 2460 7ΛἹι’“νον
1309 2399 1524 2459 ὁκόθεν

440 2477 668 2548 ἔλαβον]
704 2481 859 2544 Quod
896 2481 1046 2531 hisce
1079 2480 1245 2545 vulgo
1284 2478 1525 2529 adnecti-

440 2556 529 2602 tur
576 2551 902 2601 vocabulum
949 2565 1204 2614 τουνομα
1254 2550 1526 2598 omnibus-

441 2637 545 2686 que
570 2622 623 2672 in
650 2621 802 2670 libris
825 2621 1044 2686 scriptis
1068 2624 1371 2685 comparet,
1409 2620 1525 2668 iure

440 2707 586 2741 nunc
615 2692 851 2756 priorum
895 2692 1160 2742 editorum
1194 2690 1400 2739 monitu
1437 2687 1526 2737 de-

441 2761 609 2811 letum
655 2762 906 2811 est.1n
971 2760 1080 2810 alia
1131 2774 1352 2824 prorsus
1405 2758 1523 2807 abit

440 2829 721 2880 Benedict.
761 2832 937 2894 (Actt.
986 2831 1174 2879 semin.
1215 2844 1327 2907 reg.
1368 2828 1524 2891 Lips.

444 2900 518 2948 11.
545 2915 600 2962 p.
626 2898 776 2959 288),
819 2900 910 2963 qui
942 2914 1128 2948 vocem
1167 2911 1418 2955 τουνομα
1453 2896 1525 2945 ad

444 2982 674 3031 sequens
726 2965 1032 3045 φαίνονται
1076 2966 1299 3016 trahens
1347 2964 1525 3015 locum

444 3036 522 3085 sic
569 3034 678 3097 legi
725 3035 868 3084 vult.
918 3025 1172 3114 voj'tvogm
1220 3033 1529 3096 φαίνονται

439 3095 537 3152 ἀεί
574 3117 701 3151 κοτε
743 3117 911 3151 τουτο
962 3095 1269 3159 ἀείδοντες.
1356 3104 1527 3221 {uem

441 3174 561 3223 iure
597 3187 753 3223 neruo
797 3177 882 3222 est
924 3177 1163 3222 secutus.
1237 3174 1319 3221 De
1397 3188 1427 3219 ν
1463 3165 1527 3220 δὲ

445 3233 517 3306 δὴ
555 3237 650 3291 καὶ
688 3242 835 3294 conf.
884 3242 930 3305 Ι,
985 3241 1096 3293 185.
1144 3242 1222 3303 ΙΙ,
1270 3241 1357 3291 43.
1395 3242 1526 3303 VII,

515 3376 628 3430 ἔστι
665 3373 728 3430 δὲ
773 3372 1102 3443 Αἰγυπτιστὶ
1149 3368 1178 3427 ὁ
1217 3376 1392 3435 Λίνος
1429 3393 1528 3427 κα-

443 3443 711 3515 λεύμενος
770 3445 1072 3515 Μανὲοως]
1139 3449 1528 3513 Aegyptiorum

445 3520 599 3581 Lini,
647 3519 740 3585 qui
770 3520 1023 3569 Maneros
1060 3518 1298 3577 dicatur,
1349 3518 1530 3567 memi-

446 3590 528 3639 nit
562 3588 842 3640 Plutarch.
885 3588 949 3638 ‹le
993 3588 1068 3639 Is,
1111 3592 1165 3636 et
1215 3588 1356 3637 Osir.
1408 3602 1527 3653 cap.

450 3661 534 3710 17.
585 3674 709 3723 pag.
750 3657 851 3707 357
897 3657 988 3707 fin.
1031 3656 1146 3721 (ubi
1187 3658 1272 3706 Cr.
1321 3654 1531 3705 consuli

448 3726 568 3777 vult
601 3727 988 3792 Wyttenbach.
1040 3731 1153 3776 not.
1202 3741 1327 3790 pag.
1382 3724 1528 3789 103).

449 3796 776 3846 Phoenicum
813 3796 961 3860 regis
992 3795 1159 3845 filium
1197 3795 1368 3844 fuisse
1403 3795 1534 3843 scri-

453 3865 564 3924 bit,
620 3866 710 3929 qui
754 3865 915 3924 Isidi,
978 3865 1160 3914 mariti
1203 3864 1409 3913 obitum
1453 3863 1534 3912 lu·

454 3933 603 3999 genti
634 3933 879 3994 adstans,
916 3932 1034 3996 ipse
1057 3949 1186 3996 prae
1212 3933 1396 3983 dolore
1423 3932 1536 3983 obi-

453 4002 585 4061 erit3
631 4001 774 4050 unde
821 4002 928 4050 iam
975 4017 1068 4065 per
1115 4016 1324 4051 omnem
1361 4003 1538 4067 Aegy-

452 4076 604 4136 ptum
640 4084 857 4120 carmen
890 4068 1066 4118 audiri
1098 4068 1352 4133 lugubre,
1391 4071 1537 4134 quod

455 4142 707 4190 Maneros
747 4136 1065 4202 appelletur.
1149 4139 1259 4189 Alii
1291 4144 1539 4191 astrono-

455 4210 595 4259 miae
612 4206 946 4270 aliarumque
971 4205 1375 4271 disciplinarum
1402 4210 1537 4273 peri-

454 4285 568 4330 tum
606 4276 862 4326 dicebant
894 4276 1161 4327 iuvenem.
1235 4277 1340 4328 Sed
1371 4282 1536 4329 tesse-

455 4347 584 4398 rarii
618 4346 743 4412 quid
779 4346 837 4396 in
858 4344 946 4395 hie
977 4345 1186 4408 inesse,
1223 4347 1315 4396 vix
1336 4362 1536 4411 negan—

1620 1090 1766 1152 dum,
1801 1089 1886 1140 vel
1923 1091 1970 1139 ai
2010 1089 2242 1139 nominis
2277 1091 2542 1141 rationem
2586 1105 2706 1154 per-

1620 1162 1878 1226 spexeris,
1944 1161 2123 1223 Atque
2140 1164 2359 1209 auctore
2384 1158 2703 1208 Iablonskio

1620 1246 1773 1280 voce.
1805 1233 2064 1293 Aegyptt.
2093 1245 2144 1293 p.
2180 1231 2277 1279 128
2304 1244 2455 1292 seqq.
2519 1228 2706 1278 Mane-

1620 1316 1709 1349 roe
1756 1299 1963 1349 indicat
1991 1300 2149 1362 filium
2193 1304 2289 1349 aut
2332 1299 2548 1348 sobolem
2584 1299 2703 1347 Me-

1619 1374 1699 1421 m‘s
1732 1369 1791 1427 (i.
1834 1384 1882 1419 e.
1927 1368 2183 1429 aeterni),
2230 1369 2321 1432 qui
2362 1383 2457 1417 rex
2500 1368 2711 1432 primus

1620 1441 1674 1488 in
1703 1440 1953 1504 Aegypto
1989 1450 2248 1501 regnasse
2275 1438 2465 1487 fertur.
2524 1438 2709 1498 Quare

1621 1512 1775 1571 sunt,
1829 1509 1922 1573 qui
1955 1507 2147 1558 malint
2185 1507 2361 1572 ipsum
2397 1506 2711 1571 intelligere

1619 1580 1827 1629 Horum
1855 1579 1972 1627 sive
2002 1577 2273 1627 Osiridem
2294 1591 2617 1641 carmenque
2640 1575 2713 1626 de
2787 1615 2792 1619 .

1622 1648 1736 1698 eius
1783 1648 1915 1697 fatie
1964 1647 2245 1708 tristibus,
2297 1646 2478 1707 obitu,
2528 1645 2707 1710 sepul-

1620 1723 1772 1778 tura,
1812 1717 1934 1766 aliis
1969 1717 2073 1765 huc
2111 1715 2512 1780 spectantibus,
2562 1714 2709 1781 quod

1621 1789 1675 1836 in
1712 1786 1928 1851 lugubri
1952 1786 2185 1836 Osiridis
2213 1786 2355 1835 festo
2377 1801 2473 1849 per
2497 1800 2709 1835 omnem

1621 1858 1927 1921 Aegyptum
1942 1857 2066 1905 cani
2080 1856 2300 1905 solitum
2320 1855 2506 1905 fuerit.
2544 1854 2706 1905 Conf.

1624 1927 1876 1976 Creuzer.
1915 1925 2159 1989 symbol.
2197 1926 2273 1975 11.
2322 1941 2375 1989 p.
2418 1926 2519 1976 172
2556 1939 2708 1990 seqq.

1630 1997 1727 2046 189
1764 2010 1898 2059 seq„
1946 1996 2039 2059 qui
2074 1995 2162 2044 hic
2196 1992 2442 2059 inprimis
2476 1994 2711 2044 conferri

1625 2063 1769 2116 vult:
1808 2064 2046 2114 Iomard.
2095 2066 2151 2114 in
2185 2064 2459 2128 Descript.
2501 2064 2566 2113 de
2601 2063 2713 2113 l’E-

1625 2140 1793 2200 gypte
1828 2134 1951 2184 livr.
1987 2133 2073 2183 111
2112 2134 2336 2197 Antiqq.
2377 2131 2537 2182 mem.
2578 2137 2622 2183 t.
2661 2134 2709 2183 1.

1624 2221 1677 2269 p.
1716 2204 1838 2254 368.
1898 2202 2072 2265 Quale
2108 2219 2324 2252 carmen
2360 2219 2393 2252 a
2428 2206 2714 2253 cantatore

1624 2289 1809 2357 caere,
1862 2287 2018 2337 quem
2065 2277 2189 2322 atra
2231 2278 2383 2322 veste
2430 2271 2713 2322 inductum

1622 2346 1681 2393 in
1726 2342 2021 2392 Thebaicis
2079 2342 2441 2392 monumentis
2498 2357 2715 2405 reprae-

1626 2416 1899 2462 sentatum
1923 2412 2307 2476 conspicimus,
2334 2411 2555 2461 recitari
2572 2411 2711 2460 idem

1626 2481 1936 2544 auspicatur
1959 2480 2208 2531 Creuzer.
2236 2481 2293 2530 in
2313 2481 2578 2545 Epistolis
2603 2481 2717 2530 Ho-

1628 2566 1784 2600 merr.
1840 2566 1965 2614 pag.
2018 2551 2137 2601 171.
2221 2552 2405 2614 Ipsum
2462 2551 2714 2600 iuvenem

1635 2620 1946 2669 Manerotem
1980 2619 2033 2668 in
2064 2620 2424 2669 monumentis
2458 2620 2717 2683 Aegypti-

1628 2691 1674 2738 is
1716 2694 2181 2753 repraesentatum
2232 2689 2511 2738 existimat
2556 2687 2716 2739 Toel·

1624 2759 1752 2808 ken.
1787 2760 1841 2808 in
1879 2758 2133 2808 Minutoli
2176 2759 2336 2808 Reise
2374 2763 2479 2808 etc.
2518 2774 2572 2823 p.
2619 2758 2715 2807 15ss

1626 2843 1742 2890 seq.
1816 2827 2051 2877 Disserit
2086 2843 2300 2892 quoque
2331 2826 2398 2877 de
2431 2829 2717 2877 Manerote

1626 2896 1957 2947 NVilkinson.
2004 2898 2262 2947 Mannera
2308 2902 2414 2949 etc.
2457 2897 2535 2947 11.
2587 2912 2713 2961 pag.

1629 2968 1735 3017 250
1771 2981 1888 3030 seq.
1939 2968 2075 3016 certi
2124 2966 2251 3030 quid
2308 2981 2417 3015 non
2465 2966 2714 3017 afferens.

1629 3036 1863 3099 Propius
1911 3035 1980 3084 ad
2026 3050 2211 3085 verum
2261 3037 2499 3085 accessit
2531 3036 2719 3087 Roael-

1629 3104 1729 3154 lini
1760 3105 2120 3163 (Monumenti
2158 3106 2222 3154 P.
2268 3105 2348 3155 11.
2398 3105 2463 3156 Τ.
2514 3105 2625 3155 111.
2660 3121 2713 3169 p.

1638 3174 1742 3235 10),
1786 3174 1877 3238 qui
1934 3173 2037 3224 hoc
2080 3189 2277 3224 nomen
2334 3190 2442 3224 non
2484 3175 2717 3225 hominia

1634 3244 1791 3293 deive
1827 3241 2059 3293 alicuius
2085 3258 2203 3293 esse
2224 3243 2360 3303 vult,
2383 3243 2479 3293 sed
2501 3245 2717 3295 modum

1632 3312 1973 3363 exclamandi
2013 3311 2303 3362 solemnem
2350 3312 2617 3362 declarari
2660 3314 2717 3362 in

1635 3381 2025 3445 Aegyptiorum
2050 3382 2207 3432 festis
2233 3387 2287 3431 et
2313 3382 2579 3432 conviviis
2604 3382 2720 3431 fieri

1636 3451 1873 3510 solitum,
1913 3451 2034 3515 ipso
2073 3456 2215 3500 teste
2252 3450 2548 3501 Plutarcho
2582 3450 2619 3501 1.
2655 3450 2716 3511 1.,

1636 3521 1730 3584 qui
1764 3520 1917 3570 vocis
1964 3535 2009 3569 ε.
2063 3520 2326 3570 formulae
2371 3535 2587 3570 sensum
2634 3520 2718 3570 his

1635 3590 1818 3639 verbis
1865 3589 2091 3640 Graecis
2137 3589 2341 3640 reddit·
2402 3586 2603 3651 αἴσιμα
2650 3582 2719 3637 τὰ

1631 3656 1866 3707 τοιαῦτα
1900 3658 2127 3722 παρείη.
2190 3660 2266 3708 Ac
2298 3659 2523 3724 protulit
2546 3673 2716 3722 nuper

1631 3728 1706 3777 Η.
1745 3728 1991 3792 Brugscb
2029 3729 2159 3787 (Die
2188 3728 2557 3789 Adonisklage
2603 3726 2714 3776 und

1635 3796 1733 3845 ‹lac
1771 3797 2068 3847 Linoslied.
2107 3796 2345 3847 Berolin.
2394 3796 2542 3848 1852.
2582 3812 2711 3861 pag.

1637 3867 1702 3917 15
1740 3881 1890 3931 seqq.
1929 3867 1990 3917 21
2037 3866 2212 3930 seqq.)
2251 3882 2318 3916 ex
2352 3866 2571 3931 papyris
2614 3866 2718 3915 Ae-

1635 3935 1841 3999 gyptiis
1886 3934 2227 4000 reddiditque
2268 3933 2557 3986 vernaculo
2608 3951 2720 3985 ser-

1637 4019 1793 4054 mone
1829 4003 1935 4055 dno
1989 4005 2257 4067 carmina,
2312 4005 2510 4070 quibua
2555 4004 2721 4053 Isidis

1640 4072 1706 4121 de
1732 4073 1948 4123 Osiride
1983 4073 2233 4137 querelae
2271 4075 2635 4133 continentur,
2667 4074 2722 4123 in

1636 4143 1834 4205 quibus
1867 4143 2003 4207 ipsis
2034 4143 2236 4207 pluries
2270 4142 2506 4206 repetita
2540 4144 2725 4205 singu·

1635 4210 1703 4259 lis
1759 4213 1913 4275 quasi
1975 4212 2212 4277 strophis
2256 4211 2400 4262 redit
2456 4228 2563 4261 vox
2610 4213 2724 4262 sive

1638 4280 1869 4330 formula
1893 4280 2249 4331 mciaei-er-hra
2277 4296 2323 4330 s.
2350 4280 2724 4343 mad-ne-hra,

1638 4350 1678 4400 i.
1731 4365 1777 4402 e.
1828 4351 2016 4400 redeas
2073 4350 2252 4415 (kehre
2301 4350 2538 4415 wieder),·
2584 4349 2728 4400 unde
