3109 5092
1109 296 1620 357 EUTERPE.
1666 298 1753 357 11.
1802 286 1924 362 16‘4.

2539 301 2662 364 803

376 470 447 533 οἱ
468 464 544 532 δὲ
571 463 846 552 μάχιμοι
887 469 1275 552 κεκλέαται,
1324 472 1396 536 οἱ
1415 467 1507 562 ,δὲ
1546 469 1866 556 βουκόλοι
1910 473 1980 539 οἱ
2015 470 2090 539 δὲ
2124 475 2459 558 συβῶται,
2492 477 2564 541 οἱ
2584 473 2661 542 δὲ

375 566 697 654 κάπηλοι,
734 571 804 635 οἰ
841 568 922 637 δὲ
957 571 1301 659 ἑρμηνέες,
1342 576 1413 638 οἱ
1446 570 1522 638 δὲ
1559 577 1993 661 κυβερνῆται.
2055 574 2256 659 γένεα
2281 574 2408 661 μὲν
2439 580 2654 662 Αἰγυ-

378 732 508 797 quid
544 732 784 783 valuisse
813 733 1123 798 suspicatur
1161 733 1367 785 Boblen
1398 734 1463 799 (l.

1568 750 1783 800 quoque
1831 736 2068 787 secundo
2113 737 2300 788 ordine
2337 739 2534 789 militum
2569 755 2658 790 ve-

378 801 413 851 l.
453 817 578 867 pag.
607 801 718 866 29),
759 817 878 851 cum
908 803 1054 867 apud
1076 804 1243 854 Indos
1276 819 1466 855 revera
1571 808 1711 854 teres
1734 809 2099 857 consentiunt.
2162 807 2332 857 Iidem
2355 823 2658 859 memoran-

376 878 594 935 quatuor
605 873 816 921 tantum
838 872 1186 922 inveniantur
1213 873 1461 934 ordines3

376 939 444 988 ad
481 955 617 1004 quos
663 940 812 1005 ipsos
859 942 1026 990 etiam
1075 942 1462 1008 Aegyptiorum

375 1009 591 1059 ordines
647 1023 906 1059 revocare
956 1009 1149 1060 liceat:
1207 1012 1462 1062 sacerdo·

373 1081 516 1139 tum,
554 1078 816 1138 militum,
863 1079 1142 1144 opificum,
1192 1081 1461 1146 agricola·

371 1162 516 1196 rum:
569 1162 744 1212 neque
781 1146 946 1209 aliam
979 1149 1092 1199 fere
1133 1151 1459 1200 sententiam

373 1230 491 1265 esse
516 1217 675 1266 video
700 1216 1030 1267 Wilkinsoni
1051 1216 1327 1281 (Manners
1350 1223 1455 1269 etc.

376 1285 421 1334 1.
462 1300 589 1349 pag.
627 1284 732 1336 236
761 1299 910 1351 seqq.
932 1287 1035 1336 239
1062 1303 1212 1352 seqq.
1251 1290 1455 1353 Egypt.

370 1354 478 1402 and
509 1354 683 1405 Theb.
725 1369 851 1419 pag.
889 1353 1019 1418 230)
1046 1364 1263 1420 quatuor
1288 1357 1457 1422 potis-

368 1422 561 1472 simum
596 1423 812 1473 ordines
856 1439 950 1487 per
975 1426 1283 1491 Aegyptum
1316 1426 1456 1477 anti·

367 1493 549 1554 quitus
587 1493 865 1543 exstitisse
899 1494 1310 1556 contendentis,
1349 1495 1457 1559 pri-

366 1575 509 1610 mum
546 1562 888 1611 sacerdotum
925 1562 1185 1624 ordinem,
1222 1563 1453 1621 alterum

365 1630 594 1679 militum
620 1635 787 1695 atque
812 1630 1194 1696 agricolarum,
1233 1634 1451 1683 tertium

363 1698 690 1749 urbanorum
745 1699 1017 1749 bominum
1073 1700 1132 1764 (i.
1182 1717 1229 1752 e.
1279 1701 1452 1752 omnis

363 1769 577 1832 generis
612 1768 884 1818 artificum
928 1774 984 1819 et
1020 1769 1302 1834 opificum,
1353 1771 1447 1836 qui

359 1836 661 1887 sellularias
689 1843 835 1888 artes
864 1841 1158 1904 exercent),
1192 1845 1441 1903 quartum

357 1906 531 1970 plebis
571 1905 630 1969 (i.
670 1921 716 1957 e.
757 1914 1067 1971 pastorum,
1115 1909 1447 1973 piscatorum

361 1977 644 2040 omnisque
694 1977 1149 2027 mercenariorum
1207 1978 1441 2041 turbae).

358 2043 424 2093 In
448 2060 574 2108 quc,
603 2045 713 2094 alia
734 2050 795 2095 ut
819 2051 1055 2109 taceam,
1094 2046 1151 2095 id
1173 2063 1256 2097 me
1283 2048 1442 2098 valde

357 2114 626 2176 advertit,
673 2114 818 2180 quod
872 2113 1073 2165 milites
1132 2121 1186 2166 et
1233 2118 1443 2180 agrico-

353 2182 435 2233 las
461 2183 515 2233 in
540 2198 704 2233 unum
732 2184 992 2234 confundi
1022 2184 1139 2234 vult
1178 2186 1438 2250 ordinem,

353 2267 475 2301 mea
512 2253 785 2302 sententia
815 2253 1047 2303 maxime
1083 2255 1436 2319 separandos,

352 2320 642 2371 Sufficiant
671 2320 833 2372 haec:
874 2322 941 2372 de
968 2321 1117 2386 aliis,
1158 2339 1297 2389 quae
1332 2325 1437 2374 huc

350 2394 651 2454 pertinent,
701 2391 1035 2440 monebimus
1085 2391 1154 2441 ad
1203 2393 1281 2454 ΙΙ,
1337 2393 1436 2444 166

350 2457 444 2509 fin.
513 2460 810 2510 Diodorum
853 2475 973 2510 cum
1026 2461 1307 2511 Herodoto
1356 2462 1436 2512 fa-

351 2528 455 2578 cile
484 2529 565 2578 ita
600 2529 656 2578 in
691 2529 1034 2579 concordiam
1063 2530 1239 2595 redigi
1273 2546 1436 2595 posse

349 2602 506 2661 putat
519 2597 824 2648 Uhlemann
846 2597 1013 2660 (Thot
1033 2598 1162 2648 oder
1181 2600 1269 2649 die
1290 2600 1435 2650 Wis-

348 2665 630 2716 sensehaft
676 2666 727 2717 d.
785 2666 882 2716 alt.
922 2667 1158 2733 Aegypt.
1197 2684 1324 2733 pag.
1364 2669 1425 2718 81

349 2750 464 2800 seq.
474 2737 514 2797 ),
552 2739 614 2785 ut
642 2740 889 2814 pastores
929 2752 1038 2786 non
1070 2737 1164 2786 alii
1198 2737 1433 2788 habean-

346 2809 435 2855 tur
472 2810 634 2869 atque
671 2799 964 2870 βουκόλοι,
1001 2803 1237 2870 γεωργοὶ
1267 2808 1431 2857 iidem

347 2874 440 2938 qui
487 2870 731 2940 συβῶται
779 2873 871 2938 (ἳ),
909 2877 1156 2938 τεχνιται
1203 2875 1433 2925 Diodori

347 2942 507 2992 simul
539 2942 998 3020 comprehendant
1042 2936 1335 3008 καπήλους
1376 2948 1433 2994 et

341 3004 688 3077 κυβερνήτας
763 3012 1000 3077 itemque
1087 3013 1428 3077 interpretes,

344 3081 784 3213 ⁹⁰zi⁰ziss²ffi
797 3083 1170 3216 ςῖοῗέᾞὲἷὲῗ.
1187 3153 1429 3202 ...mdo

344 3226 441 3268 trem
486 3218 675 3268 ordine
723 3233 909 3269 omnes
964 3221 1297 3270 conveniunt
1337 3236 1428 3271 ve-

342 3292 486 3337 teres
523 3291 835 3351 scriptores.
909 3289 992 3338 De
1019 3305 1124 3354 quo
1159 3289 1318 3354 plura
1347 3290 1426 3339 af-

342 3356 525 3405 ferunt
558 3356 662 3404 viri
699 3355 847 3405 docti
867 3358 1026 3407 modo
1057 3358 1282 3408 laudati.
1342 3360 1427 3408 Tu

343 3425 487 3474 conf.
528 3425 691 3473 etiam
723 3428 862 3474 nott.
889 3425 956 3473 ad
986 3426 1325 3477 Herodotum
1350 3427 1425 3490 11,

340 3492 426 3544 36.
466 3492 552 3543 37.
587 3495 655 3543 42
681 3491 926 3557 aliosque
950 3493 1118 3545 locos.
1173 3496 1257 3546 Ad
1282 3496 1426 3546 bunc

341 3562 582 3612 ordinem
620 3562 949 3626 pertinuisse
979 3579 1087 3612 non
1120 3564 1269 3629 ipsos
1308 3569 1427 3614 tan-

335 3636 452 3680 tum
501 3630 840 3692 sacerdotes,
887 3632 981 3681 sed
1030 3648 1214 3683 omnes
1258 3634 1424 3683 etiam

337 3700 682 3751 sacerdotum
715 3700 952 3762 scribas,
1002 3701 1240 3752 artifices
1260 3739 1274 3764 ,
1315 3718 1423 3752 ser-

335 3785 463 3833 vos,
502 3784 829 3835 praecones,
863 3769 1002 3819 alios
1026 3770 1084 3820 id
1112 3786 1303 3836 genus,
1342 3787 1422 3821 re·

336 3844 422 3888 cte
457 3839 783 3889 contendere
832 3839 1046 3889 videtur
1091 3840 1418 3892 Wilkinson.

333 3906 371 3957 l.
410 3907 447 3957 l.
485 3924 612 3974 pag.
647 3908 748 3960 237
785 3923 900 3973 seq.
972 3908 1106 3958 Inde
1140 3908 1283 3959 haud
1335 3925 1418 3959 re-

333 3979 420 4026 cte
449 3977 579 4026 mihi
612 3977 897 4041 scripsisse
926 3976 1141 4027 videtur
1176 3977 1417 4028 Winkel-

330 4060 519 4094 mann:
575 4044 772 4096 Gesch.
826 4045 877 4094 d.
926 4047 1110 4096 Kunst
1153 4046 1200 4097 Ι.
1248 4044 1412 4111 (Opp.

331 4113 461 4175 111.)
500 4128 627 4179 pag.
667 4114 750 4174 74,
788 4128 907 4163 cum
957 4114 1193 4166 artifices
1229 4115 1413 4166 infimo

330 4182 505 4231 ordini
562 4182 867 4246 adscriptos
918 4181 1172 4234 humilem
1232 4184 1414 4234 condi-

329 4252 532 4300 tionem
565 4251 743 4327 egisse
777 4256 1013 4316 putaret.

397 4314 457 4367 οἱ
487 4310 550 4366 δὲ
585 4310 821 4382 μάχιμοι
857 4313 1168 4385 κεκλέαται]
1206 4322 1271 4371 Ιιι
1307 4321 1410 4372 hoc

1567 877 1655 924 tur
1679 889 1846 938 supra
1878 875 2246 938 11,141,ubi
2290 876 2402 926 vid.
2444 882 2560 929 not.
2599 880 2655 928 et

1565 942 1709 993 infra
1746 943 1823 1006 ΙΙ,
1867 912 1981 994 165.
2024 912 2140 1006 166,
2178 945 2273 995 ubi
2295 946 2467 1010 plura.
2525 947 2655 1008 Qui-

1564 1012 1791 1062 buscum
1835 1013 1981 1064 conf.
2036 1013 2361 1079 wesseling.
2414 1014 2485 1065 ad
2523 1016 2654 1065 Dio-

1566 1081 1684 1132 dor.
1719 1082 1765 1143 I,
1795 1081 1881 1144 73,
1908 1082 2143 1134 Heeren.
2184 1084 2351 1133 Ideen
2379 1082 2415 1134 l.
2454 1083 2491 1133 1.
2522 1101 2647 1149 pag.

1566 1150 1661 1200 151
1714 1165 1888 1215 seqq.,
1936 1151 2033 1201 Ch.
2082 1151 2415 1203 Thierbach:
2469 1153 2651 1203 Ueber

1560 1218 1613 1268 d.
1642 1219 1945 1284 Ursprung.
1970 1236 2027 1270 u.
2048 1219 2135 1270 die
2159 1221 2534 1272 Verbaltnisse
2555 1222 2650 1272 der

1558 1288 1946 1353 Kriegerkaste
2000 1289 2094 1339 der
2148 1291 2500 1353 Pharaonen,
2550 1293 2650 1341 Er-

1558 1355 1942 1418 furdt.1839.‚
1990 1357 2255 1408 Rosellini
2299 1359 2448 1409 Mon.
2492 1359 2643 1409 civil.

1555 1424 1665 1475 111.
1702 1441 1829 1490 pag.
1874 1394 1970 1476 19’7
2008 1441 2157 1492 seqq.

1628 1487 1690 1543 οῖ
1719 1489 1784 1544 δὲ
1819 1491 2115 1561 βουκόλοι,
2167 1488 2226 1544 οἷ
2275 1487 2339 1545 δὲ
2378 1491 2642 1562 συβωται]

1558 1564 1710 1625 Quae
1749 1563 1889 1613 duae
1938 1570 2064 1613 sunt
2100 1565 2381 1614 Herodoto
2419 1564 2642 1627 classes,

1555 1647 1591 1681 a
1624 1631 1866 1682 Diodoro
1905 1631 1980 1682 ad
2018 1647 2181 1682 unam
2210 1640 2472 1696 pastorum
2506 1633 2645 1682 clas-

1555 1715 1671 1750 sem
1715 1701 2051 1764 reseruntur,
2108 1702 2164 1751 in
2223 1701 2360 1751 duas
2406 1702 2642 1752 fortasse

1554 1774 1738 1833 partes
1790 1770 2109 1831 discretam,
2155 1774 2217 1819 ut
2246 1771 2518 1821 Heerenio
2564 1772 2641 1820 vi-

1556 1838 1714 1888 detur
1743 1838 1780 1891 1.
1820 1838 1859 1888 l.
1914 1853 2040 1904 pag.
2091 1839 2209 1900 146,
2255 1853 2361 1903 quo
2409 1844 2640 1903 uterque

1555 1909 1790 1973 scriptor
1837 1908 2117 1957 conciliari
2161 1911 2344 1972 queat.
2416 1908 2502 1958 Ad
2548 1908 2638 1957 bu-

1546 1976 1719 2027 buleos
1754 1982 1964 2037 autem,
2011 1976 2197 2027 eodem
2234 1977 2505 2027 Heerenio
2544 1975 2638 2027 do-

1546 2051 1722 2108 cente,
1753 2061 1863 2095 non
1886 2046 1928 2095 ii
1956 2051 2165 2096 tantum
2193 2046 2461 2095 referendi
2487 2052 2631 2108 sunt,

1543 2116 1637 2180 qui
1673 2116 1729 2163 in
1766 2115 1832 2164 iis
1866 2115 2104 2180 Aegypti
2139 2114 2453 2179 regionibus
2492 2131 2637 2165 com-

1544 2184 1924 2247 morabantur,
1961 2199 2098 2249 quae
2127 2183 2214 2234 vel
2240 2190 2461 2248 propter
2485 2198 2633 2234 mon·

1541 2258 1625 2304 tes
1660 2254 1750 2303 vel
1790 2260 2012 2318 propter
2052 2258 2251 2318 stagna
2299 2252 2633 2318 paludesque

1540 2323 1687 2373 haud
1702 2323 1907 2372 ferrent
1932 2337 2182 2387 agrorum
2211 2319 2496 2383 culturam,
2517 2322 2633 2386 qui-

1539 2407 1644 2456 que
1665 2392 1831 2441 vitam
1862 2391 2204 2441 nomadicam
2236 2390 2347 2441 fere
2372 2391 2628 2455 agebant,

1538 2461 1636 2510 sed
1670 2461 1709 2510 ii
1757 2475 2000 2526 quoque,
2051 2460 2144 2526 qui
2190 2459 2327 2508 fixas
2374 2464 2632 2524 ceperant

1537 2530 1714 2591 sedes,
1748 2529 2066 2594 praesertim
2099 2529 2247 2579 circa
2270 2528 2630 2578 Arabieorum

1535 2599 1799 2649 montium
1834 2598 2076 2658 radices,
2125 2597 2220 2648 ubi
2267 2598 2486 2661 optimis
2523 2596 2630 2646 sal-

1536 2668 1684 2717 tibus
1722 2672 1870 2717 terra
1909 2665 2180 2727 abundat,
2230 2671 2327 2716 aut
2369 2669 2425 2716 in
2461 2666 2629 2716 Delta

1534 2736 1849 2801 regionibus
1913 2734 2215 2800 paludosis.
2307 2735 2487 2796 Quare
2551 2735 2627 2784 di-

1534 2806 1886 2870 stinguuntur
1906 2804 1974 2854 ab
2005 2805 2101 2866 iis,
2140 2805 2232 2869 qui
2264 2804 2412 2869 agris
2447 2803 2627 2854 colen·

1534 2874 1618 2924 dis
1647 2890 1865 2939 operam
1892 2873 2055 2936 dant,
2090 2871 2168 2934 ΙΙ,
2208 2873 2292 2922 77.
2364 2874 2624 2925 Pastores

1535 2947 1747 3006 autem,
1792 2943 2025 2993 subulcos
2069 2941 2343 3008 inprimis,
2403 2943 2471 2992 ab
2522 2944 2626 2993 Ae-

1532 3013 1738 3077 gyptiis
1785 3017 2087 3062 contemtos
2146 3010 2391 3077 adeoque
2439 3010 2622 3061 infimo

1531 3082 1654 3131 loco
1701 3081 1918 3132 habitos
1966 3081 2140 3132 fuisse
2189 3081 2326 3130 satis
2384 3084 2619 3143 constat,

1532 3166 1635 3200 nec
1672 3150 1829 3217 plura
1858 3166 2075 3200 monere
2119 3150 2320 3200 attinet
2364 3155 2489 3214 post
2535 3165 2619 3212 ea,

1533 3234 1672 3286 quae
1694 3219 1765 3269 ad
1800 3220 1876 3283 H,
1907 3221 1995 3271 47.
2037 3220 2136 3269 128
2154 3218 2482 3269 notavimus.
2532 3220 2620 3268 Tu

1529 3290 1641 3339 vid.
1682 3290 1849 3339 etiam
1884 3290 2114 3339 Heeren.
2147 3287 2184 3337 1.
2219 3286 2257 3337 1.
2293 3302 2419 3351 pag.
2448 3287 2618 3336 146-

1534 3358 1628 3409 151
1671 3363 1725 3408 et
1760 3357 2042 3409 Rosellini.
2082 3356 2117 3406 l.
2148 3355 2186 3405 l.
2214 3370 2341 3419 pag.
2367 3355 2484 3415 198,
2524 3355 2618 3420 qui

1530 3432 1658 3491 apte
1704 3431 1915 3488 monet,
1971 3426 2075 3475 hac
2118 3429 2401 3489 pastorum
2451 3422 2617 3473 classi

1531 3496 1747 3545 minime
1783 3494 2051 3545 contineri
2078 3492 2334 3544 nomades
2366 3492 2613 3557 palantes

1530 3580 1651 3614 cum
1687 3565 1946 3629 gregibus
1987 3562 2128 3613 suis:
2177 3562 2274 3612 hos
2325 3562 2466 3611 enim
2513 3563 2615 3611 Ae-

1528 3634 1733 3699 gyptiis
1770 3634 2003 3683 maxime
2045 3632 2251 3682 invisos
2302 3629 2470 3680 fuisse
2520 3646 2615 3680 ne-

1527 3717 1630 3767 que
1666 3702 1791 3752 inde
1831 3702 2093 3752 confundi
2138 3700 2336 3751 debere
2375 3715 2495 3749 cum
2543 3700 2612 3748 iis

1524 3772 1855 3834 pastoribus,
1892 3771 1986 3835 qui
2014 3775 2191 3821 certas
2214 3768 2505 3818 habuerint
2532 3783 2617 3819 se-

1525 3840 1620 3890 des
1669 3855 1764 3904 per
1817 3843 2126 3905 Aegyptum
2169 3852 2472 3904 gregesque
2523 3853 2613 3888 cu-

1522 3908 1829 3959 stedierint.

1592 3969 1651 4026 οἴ
1707 3969 1770 4026 δὲ
1829 3971 2102 4040 κάπηλοι]
2160 3975 2320 4025 Hanc
2379 3974 2612 4026 classem

1519 4046 1846 4107 institorum,
1874 4047 2233 4095 mercatorum
2251 4082 2265 4109 ,
2305 4058 2609 4108 cauponum

1517 4115 1689 4165 fuisse
1723 4118 1889 4179 negat
1922 4113 2157 4163 Heeren.
2197 4112 2235 4162 l.
2271 4112 2310 4164 l.
2352 4128 2480 4178 pag.
2511 4112 2611 4162 140

1516 4198 1631 4248 seq.
1619 4219 1653 4247 .‚
1690 4184 1888 4249 quippe
1923 4197 2032 4247 qua
2067 4182 2466 4242 contineantur,
2496 4180 2609 4244 qui-

1515 4268 1730 4318 cunque
1781 4257 1927 4302 artes
1974 4249 2073 4302 sell
2075 4249 2283 4301 ularias
2338 4263 2606 4315 quascun-

1515 4338 1618 4388 que
1666 4326 1954 4373 exerceant
2004 4317 2108 4383 (die
2154 4320 2322 4370 Kaste
2368 4319 2463 4368 der
2514 4331 2597 4383 qe·

2043 4400 2181 4460 51*
