3109 5092
429 245 553 307 744

1294 236 1836 301 HERODOTI

429 414 864 486 ἀδικεόντων.
920 414 1031 481 καὶ
1061 409 1238 482 οὕτω
1279 417 1376 480 ἔτι
1417 417 1492 480 αἰ
1531 411 1758 491 πόλιες
1801 413 2112 497 ἐγένοντο
2144 405 2589 500 ὑψηλότεραι·
2634 408 2711 479 τὸ

431 520 557 609 μὲν
584 516 713 606 γὰρ
740 522 1008 605 πρώτον
1042 515 1437 604 ἐχώσθησαν
1465 509 1600 582 {md
1628 520 1768 583 τών
1806 511 1922 593 τὰς
1951 514 2288 602 διώρυχας
2320 512 2711 601 ὀρυξάντων

436 624 546 692 ἐπὶ
583 618 1001 708 Σεσώστριος
1045 621 1383 707 βασιλέος,
1441 618 1726 706 δεύτερα
1773 618 1848 686 δὲ
1890 618 1998 686 ἐπὶ
2051 621 2187 687 τοῦ
2216 622 2551 696 Αἰθίοπος
2595 620 2710 686 καὶ

435 723 645 812 κάρτα
671 718 924 810 ὑψηλαὶ
952 725 1280 808 ἐγένοντο.
1325 717 1670 809 ’Τψηλέων
1699 721 1775 789 δὲ
1804 722 1914 789 καὶ
1948 721 2194 808 ἑτέρων
2221 724 2606 808 γενομένων
2634 723 2711 788 ἐν

435 832 516 915 τῇ
548 825 871 918 Αἰγύπτῳ
915 832 1204 920 πολίων,
1254 819 1343 903 ὥς
1386 825 1530 911 ἐμοὶ
1564 828 1819 908 δοκέει,
1859 822 2143 911 μάλιστα
2182 823 2308 910 μὲν
2334 823 2710 911 Βούβαστις

438 928 628 1007 πόλις
660 926 1029 1015 ἐξεχώσθη,
1086 930 1161 995 ἐν
1199 932 1280 1014 τῇ
1318 929 1430 995 καὶ
1474 927 1622 1014 ἱρόν
1659 931 1794 995 ἐστι
1826 925 2235 1013 Βουβάστιος
2261 923 2705 1012 ἀξιαπηγητό-

435 1059 655 1100 τατον.
685 1034 855 1119 μέζω
883 1030 1008 1118 μὲν
1033 1027 1162 1117 γὰρ
1189 1026 1358 1097 ἄλλα
1384 1031 1496 1097 καὶ
1522 1026 2140 1115 πολυδαπανώτερα
2168 1031 2305 1096 ἐστι
2335 1026 2466 1116 ἱρὰ,
2498 1024 2712 1119 ἡδονῇ

435 1134 510 1205 δὲ
537 1137 806 1203 ἰδέσθαι
836 1130 1040 1202 οὐδὲν
1065 1130 1307 1200 τούτου
1332 1138 1607 1220 μᾶλλον.
1638 1129 1679 1220 ἡ
1713 1132 1786 1201 δὲ
1816 1131 2188 1217 Βούβαστις
2218 1129 2384 1199 κατὰ
2401 1128 2789 1202 ἘλλάδαΠΙ

503 1289 846 1363 ἐχώσθησαν
875 1287 990 1346 ὑπὸ
1026 1293 1144 1345 ταῖν
1175 1288 1275 1352 τὰς
1312 1290 1517 1358 διώρυ-

435 1383 539 1433 χας
575 1358 932 1432 ὀρυξάντων]
982 1365 1182 1415 Confer
1232 1380 1396 1429 supra
1438 1365 1516 1427 11,

441 1437 558 1488 108.
595 1463 665 1472 —-
700 1434 784 1485 Ad
826 1434 934 1485 loci
976 1438 1350 1499 argumentum
1391 1435 1517 1484 vide

436 1507 512 1555 sis
547 1504 772 1555 Rennel.
822 1503 860 1553 l.
894 1504 931 1553 l.
968 1519 1094 1568 pag.
1132 1502 1252 1554 609.
1327 1505 1517 1568 Neque

435 1575 577 1625 enim
611 1574 746 1623 haec
782 1573 863 1621 ita
912 1588 1031 1623 esse
1078 1572 1370 1637 cogitanda
1408 1587 1518 1622 mo-

435 1649 557 1705 net,
604 1647 669 1692 ut
702 1642 966 1692 aedificiis
1014 1641 1308 1691 destructis
1342 1640 1514 1691 solum

438 1714 615 1777 ipsum
651 1711 987 1761 reddiderint
1034 1711 1197 1760 altius
1242 1727 1308 1760 ac
1353 1710 1519 1760 subli-

437 1784 606 1842 mius3
657 1780 754 1830 sed
787 1780 1102 1844 plerumque
1136 1795 1243 1829 non
1281 1779 1389 1828 nisi
1427 1794 1520 1843 ag-

438 1866 566 1915 gere
613 1849 809 1899 altiore
854 1848 1217 1899 circumdatas
1266 1863 1385 1898 esse
1435 1864 1525 1898 ur-

437 1922 551 1970 bes.
628 1919 734 1969 Sed
789 1919 966 1968 minus
1007 1918 1156 1968 hisce
1193 1917 1523 1968 conveniunt

438 2005 579 2053 quae
611 1987 840 2053 legimus
874 1988 950 2050 ΙΙ,
992 1988 1117 2038 138:
1154 1974 1250 2035 ἅτε
1285 1978 1391 2069 2¹3²?
1427 1983 1527 2049 τῆς

380 2115 390 2124 ,
435 2049 637 2113 πόλιος
673 2049 778 2120 μὲν
815 2046 1232 2120 ἐκ“κεχωσμένης
1274 2052 1435 2114 υψοῦ
1470 2070 1522 2104 κ.

437 2142 484 2175 τ.
522 2125 589 2188 λ.,
628 2140 769 2189 qnae
806 2123 873 2173 de
891 2140 1080 2189 aggere
1107 2126 1233 2186 ³010,
1264 2140 1370 2188 quo
1394 2124 1524 2173 urbs

436 2194 775 2244 circumdata
811 2192 1006 2254 fuerit,
1046 2193 1261 2242 minime
1286 2192 1525 2257 intelligi

435 2266 712 2327 poterunt.
759 2289 825 2297 —
877 2261 1229 2323 „Herodotea
1295 2260 1525 2311 laudant

439 2345 653 2396 quoque
689 2330 921 2380 editores
954 2331 1131 2394 operis
1156 2330 1432 2394 Descript.
1458 2329 1524 2380 de

436 2400 579 2464 l’Eg.
620 2399 728 2449 vol.
779 2399 856 2448 11.
911 2398 1178 2463 (Thebes)
1223 2415 1351 2465 pag.
1399 2399 1520 2462 871,

438 2469 532 2519 ubi
568 2468 927 2533 comprobant
973 2468 1137 2518 certis
1185 2469 1519 2532 argumentis

437 2537 719 2602 planitiem
755 2534 904 2587 circa
946 2538 1164 2588 Thebas
1212 2553 1330 2588 esse
1369 2537 1525 2587 altio-

438 2622 550 2657 rem
601 2607 803 2656 factam
839 2605 967 2656 limo
1020 2607 1336 2656 inundantis
1375 2607 1522 2657 dein-

437 2693 563 2740 ceps
607 2675 1117 2735 Nili;·arehitectos
1171 2692 1300 2726 vero
1347 2677 1523 2740 Aegy-

434 2746 578 2810 ptios
618 2746 671 2794 id
709 2744 960 2794 studiose.
990 2746 1342 2806 observasse,
1383 2761 1524 2794 eam-

435 2830 540 2878 que
566 2814 635 2863 ob
655 2829 873 2863 causam
890 2852 904 2875 ‚
944 2830 1050 2878 quo
1076 2814 1328 2878 deinceps
1358 2814 1522 2866 etiam

435 2888 696 2933 caverent
729 2882 992 2931 aedificiis
1033 2898 1066 2932 a
1102 2895 1160 2931 se
1210 2884 1520 2945 exstructis,

349 2969 359 2976 ·
438 2967 622 3001 eorum
657 2951 1013 3000 fundamenta
1040 2952 1289 3015 posuisse
1312 2954 1368 2999 in
1398 2966 1523 3014 sug·-

438 3020 609 3082 gestis
662 3018 979 3068 elatioribus
1036 3023 1165 3068 ante
1212 3019 1523 3069 institutum

437 3103 573 3153 opus
607 3087 854 3137 consulto
890 3088 1215 3138 confecti8.“
1254 3090 1339 3138 Gr.
1392 3088 1524 3138 Cae-

440 3162 616 3207 terum
637 3172 768 3206 vera
805 3170 942 3218 esse,
971 3172 1107 3220 quae
1129 3156 1441 3206 Herodotus
1463 3157 1519 3207 h.

438 3226 476 3276 l.
503 3226 722 3288 scribit,
758 3230 996 3275 testatur
1017 3225 1347 3276 Wilkinson.
1369 3228 1521 3276 Man—

438 3311 563 3346 ners
599 3310 710 3345 sec.
749 3310 853 3345 ser.
892 3295 940 3346 1.
978 3310 1029 3358 p.
1072 3294 1198 3354 105;
1239 3311 1358 3345 eum
1378 3296 1520 3345 enim

435 3365 632 3427 locum,
667 3379 772 3429 quo
796 3363 1056 3414 Bubastis
1087 3369 1365 3414 exstructa
1404 3369 1523 3414 erat

437 3434 602 3498 (nunc
641 3434 690 3483 ei
726 3449 920 3483 nomen
967 3433 1055 3482 Tel
1089 3433 1297 3496 Basta),
1347 3433 1523 3483 adhuc

435 3503 605 3554 multo
654 3503 932 3552 elatiorem
988 3502 1183 3553 videri.
1271 3504 1355 3552 Tu
1407 3503 1520 3552 vid.

434 3589 573 3639 quae
607 3572 679 3621 ad
714 3572 788 3634 Π,
825 3573 895 3623 60
928 3572 996 3636 de
1030 3572 1160 3621 urbe
1195 3571 1447 3622 diximus.

504 3637 600 3691 καὶ
635 3633 841 3703 ἑτέρων
885 3638 1301 3705 γενομένων]
1340 3641 1519 3704 Vulgo

432 3706 825 3773 τασσομένων,
864 3710 1006 3774 quod
1045 3712 1312 3774 quomodo
1356 3710 1519 3775 expli-

435 3781 547 3830 cari
590 3779 796 3842 possit,
849 3779 955 3828 nisi
1005 3779 1213 3828 scribas
1261 3769 1516 3842 ὑψηλῶς,

435 3848 685 3914 equidem
721 3846 865 3896 haud
894 3848 1166 3913 intellig03
1214 3849 1402 3913 itaque
1439 3863 1518 3896 re-

432 3917 591 3982 posui
637 3909 957 3981 γενομένων
1011 3933 1040 3967 e
1084 3916 1291 3966 duobus
1336 3916 1517 3979 codd„

433 3987 579 4051 quod
633 3984 720 4034 vel
783 3987 1024 4050 proxime
1071 3985 1518 4035 antecedentibus

433 4055 640 4105 verbis:
678 4049 775 4103 καὶ
809 4046 988 4118 κάρτα
1013 4044 1230 4116 ὑψηλαὶ
1257 4045 1516 4118 ἐγένοντο

430 4124 576 4174 baud
612 4125 726 4174 scio
757 4139 829 4173 an
866 4122 1245 4184 confirmetur,
1283 4140 1404 4174 cum
1438 4131 1519 4173 ta-

430 4193 499 4242 lis
559 4193 812 4257 repetitio
866 4192 1012 4240 haud
1071 4191 1386 4256 infrequens
1446 4194 1519 4242 sit

431 4265 578 4332 apud
613 4264 890 4316 Nostrum.
965 4261 1152 4328 Neque
1179 4277 1313 4327 opus
1342 4278 1518 4314 emen-

1622 1298 1844 1349 datione
1878 1296 2273 1361 πασσομένων,
2311 1313 2433 1348 cum
2471 1289 2712 1347 πάσσειν

1622 1367 1689 1417 de
1724 1368 1986 1432 inspersis
2023 1367 2379 1429 adhibeatur,
2430 1367 2499 1416 ad
2545 1367 2709 1416 urbes

1620 1442 1803 1487 autem
1853 1435 2022 1486 altius
2081 1437 2308 1487 eductas
2363 1436 2498 1485 nihil
2545 1437 2713 1500 perti-

1620 1512 1768 1556 neat.
1842 1507 1971 1556 Mox
2007 1504 2232 1568 vulgata
2268 1504 2429 1554 lectio
2468 1506 2575 1554 fert
2606 1496 2713 1567 μά-

1619 1575 1778 1624 λιστα
1805 1569 1910 1638 μὲν
1928 1571 2208 1639 Βουβάστι
2231 1567 2363 1622 πόλι
2394 1564 2707 1637 ἐξεχώσθη,

1619 1644 1773 1693 cuius
1810 1644 1903 1708 qui
1935 1644 2009 1692 sit
2046 1658 2262 1703 sensae,
2314 1642 2459 1692 haud
2505 1643 2711 1706 perspi-

1619 1714 1706 1762 cio
1741 1717 1959 1777 propter
1984 1712 2224 1761 dativum
2240 1705 2518 1777 Βουβάστι
2544 1703 2708 1760 πόλις

1621 1782 1766 1846 quod
1804 1786 1865 1830 ut
1904 1781 2166 1834 evitaret,
2207 1780 2513 1841 Bekkerus‚
2551 1795 2709 1846 quem

1621 1849 1869 1900 Dietsch.
1933 1856 1988 1899 et
2032 1849 2286 1899 Dindorf.
2338 1850 2512 1899 secuti
2560 1854 2707 1908 sunt,

1624 1935 1691 1969 ex
1728 1919 1927 1968 Aldina
1961 1923 2016 1968 et
2042 1918 2163 1968 aliis
2197 1919 2520 1983 quibusdam
2547 1918 2707 1968 codd.

1625 1989 1911 2038 revocavit
1953 1979 2192 2051 μάλιστα
2237 1983 2274 2051 ἡ
2324 1979 2386 2036 ἐν
2428 1979 2709 2052 Βουβάστι

1627 2049 1793 2113 πόλις
1832 2048 1928 2116 ἐξ,
1982 2056 2126 2121 quod
2162 2057 2337 2121 ipsum
2383 2071 2493 2105 non
2532 2057 2709 2121 mag-is

1629 2126 1926 2190 perspicio,
1964 2141 2103 2186 cum,
2140 2130 2201 2175 ut
2228 2126 2366 2174 bene
2394 2125 2535 2175 vidit
2563 2124 2710 2175 Eltz.

1629 2194 1888 2256 (Jahrbb.
1939 2193 1992 2247 d.
2040 2194 2234 2245 Philol.
2282 2193 2472 2259 Suppl.
2519 2195 2617 2245 IX.
2654 2211 2711 2258 p.

1630 2263 1772 2328 124),
1808 2264 1878 2313 ab
1908 2263 2189 2313 Herodoto
2222 2262 2326 2328 (11,
2353 2265 2440 2314 60.
2463 2263 2556 2326 67)
2582 2265 2713 2312 urbs

1626 2337 1853 2383 vocetur
1887 2333 2007 2396 ipsa
2040 2325 2350 2398 Βούβαστις
2369 2348 2543 2397 neque
2578 2322 2613 2397 ἡ
2651 2324 2713 2380 έν

1626 2394 1907 2468 Βουβάστι
1954 2393 2136 2457 πόλις.
2211 2401 2410 2465 Itaque
2456 2416 2577 2451 cnm
2624 2417 2711 2450 eo—

1626 2471 1745 2520 dem
1788 2470 1904 2520 viro
1944 2468 2103 2520 docto
2146 2471 2363 2534 reposui
2398 2462 2712 2536 Βούβαστις

1625 2531 1819 2600 πόλις,
1871 2538 2012 2604 quod
2048 2539 2156 2589 iam
2194 2538 2708 2603 Schweighaeusero

1625 2608 2113 2658 commodissimum
2149 2608 2464 2669 videbatur,
2515 2624 2580 2658 ac
2626 2624 2710 2657 re-

1623 2677 1766 2727 tinui
1802 2677 2051 2728 voculam
2085 2671 2215 2740 μὲν,
2258 2677 2329 2727 ad
2366 2693 2527 2741 quam
2557 2683 2711 2726 tuen-

1624 2746 1747 2795 dam
1792 2746 1936 2797 Eltz.
1988 2751 2114 2810 apte
2164 2747 2351 2795 attulit
2398 2746 2706 2811 Thucydid.

1657 2853 1881 2947 ’ἡδονῇ
1914 2877 1976 2932 δὲ
2018 2877 2249 2931 ἰδέσθαι
2286 2873 2461 2932 οὐδὲν
2495 2881 2708 2932 τούτου

1623 2949 1861 3016 μᾶλλον]
1899 2943 2083 3017 ἡδονῇ
2131 2957 2185 3001 et
2232 2952 2359 3001 libri
2408 2952 2600 3016 scripti
2650 2958 2707 3001 et

1624 3026 1876 3071 vetustae
1907 3021 2030 3072 edd.
2068 3022 2314 3071 offerunt.
2384 3022 2542 3083 Quod
2577 3019 2706 3071 olim

1625 3090 1828 3154 placuit
1862 3090 2226 3156 wesselingio
2264 3082 2450 3154 ἡδονὴ
2490 3089 2565 3154 (in
2613 3106 2710 3139 no-

1623 3159 1921 3222 minativo2
1947 3165 2010 3208 ut
2040 3160 2148 3222 111,
2180 3158 2320 3224 160),
2355 3159 2503 3210 baud
2526 3175 2709 3209 neces-

1625 3229 1826 3278 sarium
1862 3227 2102 3285 videtur,
2149 3229 2197 3277 si
2235 3245 2356 3278 cum
2401 3228 2702 3293 Schweigh.

1625 3297 1704 3346 ita
1728 3296 2032 3360 intelligere
2054 3297 2235 3347 malis:
2262 3288 2451 3363 ἡδονῇ
2474 3291 2707 3347 ἰδέσθαι

1626 3357 1800 3414 οὐδὲν
1850 3365 2063 3428 μᾶλλον
2125 3358 2546 3430 ἆξιαπήγητον,
2611 3371 2708 3415 aut

1626 3450 1747 3484 cum
1782 3435 2009 3499 Stegero
2050 3425 2237 3500 ἡδονῇ
2269 3466 2340 3474 -
2370 3433 2585 3499 μᾶλλον
2619 3450 2706 3485 ac·

1624 3504 1801 3569 cipere
1840 3520 1937 3569 pro
1987 3500 2198 3567 μείζονι
2244 3499 2462 3568 ἡδονῆς
2517 3520 2551 3553 a
2598 3519 2705 3568 quo

1623 3578 1804 3623 tamen
1886 3572 2030 3638 quod
2064 3572 2155 3623 ille
2200 3574 2408 3638 profert
2459 3574 2533 3636 ΙΙ,
2577 3574 2702 3623 120:

1617 3634 1766 3705 ἀνὴρ
1802 3609 2020 3691 ἐκείνου
2055 3639 2223 3706 μᾶλλ
2245 3657 2322 3690 ον
2347 3632 2480 3704 ε’ὠν,
2517 3642 2572 3691 id
2604 3642 2707 3692 dif-

1623 3711 1764 3760 ferre
1812 3711 1991 3761 crede.
2078 3711 2474 3762 Valckenarius
2519 3716 2705 3761 nostro

1621 3779 1740 3829 loco
1804 3769 2136 3830 coniecerat:
2207 3770 2415 3844 ἥδιον
2472 3772 2532 3826 δ’
2592 3773 2704 3828 ἰδέ-

1625 3846 1766 3896 σθαι
1812 3842 1987 3900 οὐδὲν
2030 3841 2236 3897 τούτου
2290 3847 2520 3911 μᾶλλον.
2604 3851 2707 3899 Re-

1623 3921 1788 3967 centt.
1828 3917 1951 3968 edd.
1988 3918 2337 3983 Wesselingii
2374 3917 2705 3968 emendatio-

1623 4002 1745 4036 nem
1780 3986 2012 4051 amplexi
2056 3992 2209 4046 sunt;
2257 3987 2508 4051 equidem
2545 3986 2707 4037 libro-

1622 4071 1738 4104 rum
1774 4055 1933 4106 fidem
1975 4057 2221 4106 deserere
2249 4055 2427 4116 nolui,
2467 4072 2535 4105 ex
2552 4061 2706 4106 ante-

1624 4123 1943 4174 cedentibus
1989 4131 2236 4190 repetens
2281 4116 2393 4174 ἰστὶ
2443 4125 2548 4175 hoc
2593 4126 2709 4178 fere

1623 4209 1810 4243 sensu:
1869 4209 1975 4242 cum
2021 4197 2276 4256 voluptate
2331 4201 2494 4244 autem
2538 4197 2709 4258 adspi-

1622 4278 1738 4316 cere
1774 4265 1956 4313 nullum
1984 4264 2076 4312 hoc
2111 4266 2268 4330 mayae's
2302 4265 2433 4314 lic-et.
