3109 5092
1122 384 1376 445 CLIO.
1424 386 1472 444 Ι.
1518 394 1604 449 19.
1650 395 1739 450 20.
1785 396 1874 448 21.
2559 394 2639 453 43

341 586 467 628 νου
511 560 578 638 ἐς
608 555 689 627 τὰ
733 558 1055 648 μάλιστα,
1102 563 1498 649 πυθόμενον
1531 559 1608 630 τὸ
1641 561 2042 652 χρηστήριον
2075 562 2150 634 τὸ
2178 570 2270 660 τῷ
2309 564 2635 659 Ἀλυάττῃ

340 662 745 752 γενόμενον,
802 666 1157 753 πέμψαντα
1192 664 1483 756 ἄγγελον
1530 683 1909 752 κατειπεῖν,
1962 662 2135 749 ὅκως
2169 666 2257 738 ἄν
2287 698 2350 740 τι
2396 697 2625 762 προει-

339 766 474 847 δώς
515 764 682 856 πρὸς
715 765 791 836 τὸ
830 770 1086 859 παρεὸν
1116 768 1541 860 βουλεύηται.
1616 769 1946 861 Μιλήσιοι
1980 773 2107 860 μέν
2141 800 2273 843 νυν
2306 772 2482 845 οὕτω
2516 779 2623 847 λε’-

338 891 533 958 γουσι
573 872 918 958 γενέσθαι.
987 872 1342 965 Ἀλυάττης
1388 874 1497 959 δὲ,
1546 871 1636 956 ὥς
1678 881 1750 945 οἰ
1785 880 1994 943 ταῦτα
2043 878 2449 969 ἐξηγγέλθη,
2496 878 2714 950 ati-21

334 983 487 1046 τίκα
532 981 786 1064 ἔπεμπε
833 984 1096 1070 κήρυκα
1141 983 1208 1061 ἐς
1238 988 1586 1077 Μίλητον,
1631 978 2042 1068 βουλόμενος
2086 979 2384 1062 σπουδὰς
2428 984 2620 1074 ποιή-

337 1089 586 1150 σασθαι
636 1082 1100 1176 Θρασυβούλῳ
1148 1111 1221 1153 τε
1272 1086 1387 1154 καὶ
1430 1089 1827 1172 Μιλησίοισι
1877 1081 2124 1171 χρόνον
2163 1081 2326 1156 ὅσον
2377 1082 2467 1156 ἂν
2506 1087 2628 1159 τὸν

334 1181 504 1273 νηὸν
530 1189 873 1276 οἰκοδομῇ.
930 1183 966 1255 ὁ
1003 1187 1128 1278 μὲν
1161 1185 1245 1277 δὴ
1271 1185 1639 1268 ἀπόστολος
1667 1189 1734 1268 ἐς
1762 1184 1885 1278 τὴν
1912 1193 2228 1277 Μίλητον
2261 1180 2380 1278 ἦν·
2439 1200 2621 1281 Θρα-

328 1386 510 1453 liquas
565 1388 759 1439 Ionum
823 1391 1107 1456 civitates,
1164 1391 1425 1445 credibile

335 1460 436 1508 est.
476 1457 621 1507 Hinc
656 1462 880 1522 tyranni
916 1463 1202 1527 exstitere,
1237 1463 1331 1529 qui
1366 1462 1422 1512 in

326 1528 503 1578 libera
547 1528 772 1578 civitate
831 1547 1043 1583 omnem
1092 1538 1423 1599 potestatem

328 1597 576 1661 adeoque
594 1612 820 1664 regnum
845 1603 1139 1668 arripuere.
1181 1607 1423 1667 Quorum

326 1684 494 1718 unum
518 1666 919 1733 Thrasybulum
945 1674 1131 1735 fuisse,
1154 1672 1421 1724 Herodoti

326 1738 499 1788 verba
562 1736 707 1787 clare
773 1739 1169 1795 demonstrant.
1239 1745 1421 1806 Quare

325 1808 715 1871 Aesymnetam
746 1805 863 1875 (qui
889 1812 997 1862 fuit
1032 1815 1259 1879 antiquo
1289 1819 1421 1864 tem·

327 1893 458 1942 pore
500 1877 559 1925 in
601 1877 796 1929 Ionum
840 1881 1155 1933 civitatibus
1199 1898 1266 1933 ac
1313 1883 1421 1933 for-

323 1954 476 1997 tasse
513 1947 679 1997 etiam
716 1949 862 2014 apud
898 1952 1142 2004 Milesios
1179 1968 1421 2005 summus

322 2013 710 2082 magistratus)
776 2019 931 2071 illum
1008 2023 1207 2086 fuisse,
1278 2039 1421 2088 quae

324 2086 645 2138 Rambachii
682 2090 923 2154 suspicio
967 2097 1052 2142 est
1096 2091 1185 2157 (de
1230 2093 1419 2143 Mileto

324 2174 380 2223 p.
434 2155 517 2206 16.
563 2154 670 2221 17),
720 2158 866 2209 haud
915 2161 1045 2211 mihi
1092 2161 1421 2227 persuadere

327 2241 567 2291 possum.
640 2226 726 2276 De
794 2229 1143 2295 Aesymnetis
1207 2231 1414 2282 consul.

325 2295 519 2348 Eberti
552 2293 815 2350 Dissertt.
866 2299 1056 2352 sieull.
1096 2318 1150 2367 p.
1198 2302 1262 2352 17
1295 2317 1415 2367 sqq.

324 2370 381 2416 et
421 2365 484 2415 C.
506 2365 571 2414 F.
599 2366 879 2419 Hermann
904 2369 1119 2422 Griech.
1148 2370 1418 2423 Staatsal·

321 2435 485 2486 terth.
526 2437 577 2495 §-
615 2434 683 2485 63
720 2441 836 2488 not.
873 2438 926 2490 9.
962 2439 1048 2492 ed.
1087 2446 1287 2506 quart„
1326 2441 1418 2506 qui

325 2510 380 2569 5.
419 2504 487 2556 64
528 2503 597 2553 de
634 2507 884 2569 tyrannis
924 2510 1327 2560 necessitudine
1363 2516 1417 2561 et

319 2574 572 2625 amicitia
598 2575 787 2625 crebro
808 2578 1113 2630 coniunctis
1138 2581 1415 2631 disseruit.

320 2646 407 2694 De
434 2643 612 2694 Mileti
638 2647 887 2708 tyrannis
916 2664 1089 2712 nuper
1117 2651 1419 2714 disputavit

320 2713 505 2765 Plass:
544 2712 651 2763 Die
674 2714 948 2779 Tyrannis
987 2719 1032 2770 Ι.
1056 2736 1111 2784 p.
1138 2721 1241 2770 224
1262 2735 1414 2786 seqq.

320 2814 392 2824 --
438 2783 505 2832 In
549 2797 699 2848 seqq.
758 2800 856 2848 pro
914 2791 1206 2839 κατειπεῖν
1266 2789 1413 2842 Guil.

318 2852 564 2904 Dindorf
606 2853 664 2901 in
721 2854 885 2906 Thes.
942 2857 1009 2908 L.
1059 2859 1152 2910 Gr.
1202 2859 1299 2912 IV.
1358 2876 1413 2925 p.

318 2922 462 2973 1320
523 2921 691 2972 scribi
740 2923 862 2976 vult
912 2928 1206 2991 κατεῑπαι,
1259 2927 1413 2979 libris

314 2992 537 3053 invitis,
584 3007 720 3056 quos
758 2996 913 3059 sequi
964 3002 1235 3061 praestat3
1299 2998 1409 3050 vid.

316 3061 557 3113 BredoV.
592 3077 649 3125 p.
689 3062 792 3114 324
831 3080 947 3131 seq.
986 3066 1087 3118 352
1120 3083 1235 3133 seq.

387 3121 537 3188 ὅκως
590 3125 665 3179 ἄν
720 3148 775 3180 τι
822 3128 1108 3195 προειδώς
1155 3128 1301 3197 πρὸς
1345 3128 1409 3187 τὸ

313 3192 534 3265 παρεὸν
568 3193 931 3268 βουλεύηται]
965 3220 1029 3255 eo
1067 3207 1313 3268 consilio,
1350 3211 1412 3256 ut

308 3273 430 3329 ille,
477 3285 537 3319 re
573 3277 692 3320 ante
739 3275 965 3336 co9m'ta,
1015 3279 1267 3327 eonsilium
1314 3278 1409 3326 ah·-

308 3340 451 3407 quod
483 3339 555 3389 aa
586 3354 691 3418 aem
716 3345 979 3421 peztinens
1002 3353 1230 3411 caperet.
1280 3347 1411 3395 Par-

307 3408 539 3460 ticulam
590 3423 743 3465 cume
787 3424 863 3459 αν
919 3413 1037 3463 sive
1085 3404 1164 3471 ὥς
1209 3403 1283 3464 ἂν
1326 3429 1408 3465 se-

308 3482 515 3544 quente
570 3477 919 3530 coniunctivo
984 3484 1204 3548 saepius
1262 3483 1406 3547 apud

308 3550 573 3598 Nostrum
633 3546 714 3596 ita
765 3556 1084 3615 usurpatam
1139 3554 1402 3616 videmus,

306 3619 405 3669 ubi
440 3615 747 3681 optativum
772 3618 890 3669 sine
914 3608 986 3668 ἂν
1023 3623 1402 3686 exspectabas.

308 3687 418 3739 Sed
452 3686 549 3737 illo
583 3684 743 3735 modo
788 3703 875 3737 res
922 3692 1096 3756 magis
1143 3691 1212 3742 ad
1250 3708 1403 3757 prae-

305 3772 433 3808 sens
503 3760 718 3820 tempus
788 3757 1050 3823 refertur,
1117 3763 1403 3827 oratioque

304 3828 428 3889 ipsa
460 3825 589 3875 hinc
631 3824 868 3876 vividior
911 3828 974 3878 flt
1022 3834 1189 3896 atque
1232 3832 1399 3898 signi-

306 3896 577 3946 ficantior.
616 3893 711 3945 Cr.
750 3898 963 3948 confert
997 3900 1286 3951 Heindorf.
1328 3900 1397 3950 ad

302 3965 523 4016 Platon.
590 3963 818 4031 Protag.
884 3983 939 4032 p.
1011 3969 1135 4022 501.
1218 3970 1398 4036 Atque

303 4034 550 4100 exempla
585 4033 791 4097 passim
825 4036 1195 4101 inveniuntur,
1242 4057 1297 4092 v,
1347 4056 1394 4091 c.

304 4105 353 4161 Ι,
388 4106 439 4155 5.
476 4105 565 4154 22.
604 4102 673 4152 24
710 4109 816 4154 etc.
844 4106 1043 4158 Matth.
1072 4108 1166 4159 Gr.
1205 4109 1298 4160 Gr.
1338 4125 1393 4173 p.

303 4173 455 4225 1003.
502 4171 658 4222 Idem
690 4173 978 4226 Heindorf.
1015 4178 1052 4228 l.
1093 4177 1132 4229 l.
1171 4194 1227 4242 p.
1264 4176 1387 4230 497.

296 4231 447 4299 ὅπως
492 4230 567 4290 ἄν
606 4240 663 4292 h.
711 4241 748 4293 l.
798 4244 978 4295 reddit
1020 4263 1079 4298 eo
1132 4255 1189 4296 ue
1231 4252 1286 4297 et
1332 4263 1386 4312 p.

295 4310 400 4365 504
435 4311 507 4361 ad
541 4323 802 4374 praesens
845 4318 1059 4380 tempus
1098 4308 1388 4382 (βουλεύη-

292 4380 408 4444 ται)
446 4379 660 4430 attendi
692 4380 872 4442 iubet,
914 4384 1058 4449 quod
1092 4387 1388 4449 praeterito

292 4454 409 4501 tum
460 4449 727 4514 imprimis
787 4452 983 4506 subiici
1041 4455 1245 4518 soleat,
1292 4455 1387 4505 ubi

1527 1391 1758 1442 alicuius
1809 1392 1985 1443 oratio
2036 1392 2125 1443 vel
2175 1396 2452 1447 sententia
2501 1413 2623 1464 pro·

1527 1462 1755 1514 feratur.

1905 1566 2038 1620 Cu.
2075 1569 2230 1620 XXI.

1595 1657 1672 1727 ὥς
1719 1664 1780 1719 οἷ
1812 1669 1991 1720 ταῦτα
2035 1660 2311 1735 ἕξηγγέλθ
2355 1673 2370 1736 l
2414 1674 2620 1739 Scripsi

1525 1757 1554 1791 e
1605 1740 1885 1791 Sancrofti
1944 1740 2085 1791 libro
2145 1731 2313 1805 ἕξηγγ
2345 1740 2460 1807 wa
2520 1760 2618 1808 pro

1523 1801 1855 1874 ἐξαγγέλθη,
1869 1810 2012 1876 quod
2034 1809 2339 1873 Schweigh.
2365 1815 2419 1860 et
2440 1813 2615 1865 Gaisf.

1523 1880 1809 1931 dederunt.
1851 1879 1958 1930 Sed
1994 1878 2106 1929 vid.
2147 1880 2383 1931 BredoV.
2409 1897 2462 1945 p.
2492 1884 2616 1935 206.

1522 1952 1654 2001 Mox
1715 1950 1911 2015 scripsi
1961 1940 2203 2013 κήρυκα
2265 1947 2385 2013 (pro
2447 1943 2619 2016 κήρυ-

1522 2018 1699 2082 κας),
1759 2018 1904 2085 quod
1957 2024 2175 2082 praeter
2230 2020 2476 2070 codicum
2524 2037 2616 2073 au-

1524 2091 1838 2141 ctoritatem
1883 2089 2018 2139 satis
2065 2087 2285 2138 firmant
2338 2091 2531 2141 verba:
2586 2082 2616 2141 ὁ

1522 2154 1646 2225 μὲν
1683 2151 1755 2224 δὴ
1791 2149 2184 2216 ἀπόστολος
2217 2173 2267 2208 κ.
2309 2174 2355 2209 τ.
2398 2160 2445 2211 λ.

1595 2220 1626 2279 ὁ
1663 2222 1767 2293 μὲν
1801 2219 1875 2293 δὴ
1913 2218 2234 2285 ἀπόστολος
2262 2218 2316 2285 ἐς
2350 2222 2458 2295 τὴν
2494 2230 2611 2281 Μί-

1519 2300 1695 2363 λητον
1729 2285 1827 2365 ἦν]
1865 2297 2288 2361 Valckenarius,
2338 2316 2495 2365 quem
2534 2302 2613 2351 of-

1520 2369 1778 2420 fendebat
1837 2368 2063 2418 verbum
2117 2362 2230 2430 εῐμὶ
2291 2369 2348 2419 in
2407 2372 2611 2437 signifi-

1519 2439 1693 2490 cando
1731 2443 1882 2489 motu
1922 2454 2042 2488 cum
2089 2439 2492 2502 praepositione
2533 2436 2616 2498 εἰς

1518 2510 1838 2570 adhibitum,
1861 2507 2245 2573 suspicabatur
2280 2498 2335 2564 ἐς
2369 2501 2474 2574 τὴν
2494 2508 2613 2559 Μί-

1517 2579 1692 2641 λητον
1727 2568 1836 2641 ἤϊε,
1873 2579 1910 2627 i.
1951 2594 1998 2627 e.
2026 2577 2251 2627 Miletum
2277 2577 2416 2639 abiit,
2455 2580 2538 2628 uti
2562 2581 2608 2640 Ι,

1522 2648 1643 2699 113.
1695 2648 1816 2698 210.
1863 2647 1930 2708 V,
1977 2646 2077 2695 50:
2113 2648 2207 2703 723
2255 2645 2369 2695 vel:
2417 2638 2471 2703 ἔς
2505 2640 2613 2712 τὴν

1519 2716 1790 2780 Μίλητον
1842 2712 2067 2777 παρῆν,
2117 2714 2344 2764 Miletum
2380 2725 2612 2773 venerat,-

1520 2786 1666 2853 quod
1700 2784 1847 2834 haud
1880 2784 2204 2834 inusitatum
2243 2789 2327 2834 est
2352 2785 2612 2850 loquendi

1517 2871 1688 2923 genus
1735 2856 1938 2904 Nostro
1983 2851 2053 2917 (1,
2099 2854 2152 2903 9.
2203 2854 2303 2915 VI,
2354 2856 2420 2905 2-1
2482 2855 2613 2921 etc.)

1517 2927 1750 2991 aliisque
1774 2922 2150 2987 scriptoribus,
2168 2939 2197 2973 e
2217 2924 2413 2988 quibus
2438 2941 2613 2977 exem-

1515 2996 1608 3061 pla
1644 2994 1831 3046 attulit
1854 2992 2120 3061 Valcken.
2170 2992 2325 3044 Adde
2359 3000 2499 3046 nott.
2539 2995 2611 3046 ad

1512 3064 1792 3118 Plutarch.
1831 3063 2025 3129 Pyrrh.
2067 3061 2099 3114 3
2135 3064 2256 3113 init.
2296 3080 2350 3128 p.
2394 3066 2493 3117 148
2524 3082 2606 3132 sq.

1514 3136 1615 3186 Cui
1655 3135 2002 3185 coniecturae
2041 3148 2160 3182 cum
2197 3133 2322 3183 libri
2359 3150 2466 3184 non
2497 3136 2607 3185 suf-

1512 3206 1817 3271 fragentur,
1835 3203 2134 3269 vulgatam,
2158 3203 2451 3255 Schaefero
2476 3221 2606 3270 quo-

1512 3290 1617 3340 que
1650 3275 1936 3340 probatam
1990 3273 2045 3321 in
2087 3272 2497 3325 Animadversa.
2536 3274 2606 3325 ad

1510 3344 1788 3395 Plutarch.
1837 3342 1951 3392 Vit.
2001 3342 2067 3391 Τ.
2106 3342 2173 3392 V.
2226 3358 2280 3407 p.
2320 3343 2442 3406 285,
2481 3346 2607 3393 reti-

1510 3418 1746 3464 nuerunt
1772 3412 1978 3477 posteri
2006 3411 2261 3471 editores,
2293 3427 2416 3461 cum
2439 3414 2607 3461 omni-

1511 3500 1602 3545 n0‚
1641 3489 1701 3534 ut
1735 3482 1875 3531 bene
1916 3481 2078 3530 docet
2115 3479 2315 3529 Siebel.
2359 3480 2429 3529 ad
2464 3481 2605 3531 Pau-

1508 3568 1628 3603 san.
1673 3551 1837 3611 VIII,
1875 3550 1945 3600 10
1979 3548 2071 3598 fin.
2122 3563 2178 3610 p.
2227 3547 2361 3609 233,
2418 3549 2604 3613 verba,

1507 3638 1648 3685 quae
1687 3635 1817 3681 esse,
1856 3617 2041 3667 adesse
2076 3614 2404 3681 significant,
2441 3618 2605 3668 inter-

1506 3692 1634 3740 dum
1694 3704 1814 3738 cum
1860 3685 2267 3751 praepositione
2314 3680 2396 3743 εἰς
2441 3703 2604 3753 copu-

1503 3761 1686 3811 lentur
1723 3759 1830 3818 ita,
1868 3761 1929 3806 ut
1967 3754 2073 3803 duo
2125 3752 2284 3804 simul
2333 3771 2444 3807 una
2492 3758 2597 3809 for-

1504 3829 1652 3880 mula
1685 3825 2018 3877 indicentur:
2068 3828 2123 3875 et
2157 3827 2326 3875 venire
2359 3828 2412 3875 t’n
2447 3829 2602 3879 locum

1502 3904 1558 3950 et
1596 3913 1710 3949 esse
1739 3899 1791 3946 in
1819 3898 1945 3948 loco.
1984 3894 2168 3960 Atque
2199 3894 2311 3946 vid.
2332 3896 2596 3949 Herodot.

1500 3970 1612 4029 ΙΙΙ,
1650 3966 1737 4019 80.
1779 3967 1876 4029 IX,
1907 3964 1959 4028 6,
1999 3970 2055 4014 et
2090 3980 2219 4014 vero
2256 3967 2599 4029 potissimum

1497 4040 1566 4100 V,
1604 4036 1696 4089 38:
1736 4028 1975 4098 δεύτερα
2010 4025 2188 4091 αὐτὸς
2226 4025 2282 4091 ἐς
2318 4033 2597 4085 Λακεδαί-

1497 4121 1647 4171 μονα
1682 4098 1902 4171 τριήρεϊ
1933 4095 2330 4159 ἀπόστολος
2379 4094 2597 4168 ἐγίνε-

1494 4191 1588 4237 το;
1658 4192 1764 4242 quo
1824 4175 1945 4225 loco
2012 4172 2387 4235 Aristagoram
2445 4174 2597 4223 navi·

1492 4246 1672 4309 gando
1699 4244 2166 4295 Lacedaemonem
2199 4240 2438 4291 delatum
2476 4258 2597 4293 esse

1492 4317 1768 4366 docemur.
1809 4314 1954 4365 Hinc
1991 4316 2180 4362 nostro
2219 4326 2436 4375 quoque
2472 4311 2594 4362 loco

1492 4385 1676 4435 omnia
1711 4399 1848 4433 sana
1884 4398 2006 4432 esse
2046 4384 2294 4446 apparet.
2331 4379 2416 4429 Ad
2451 4371 2595 4429 ἀπό-

1492 4453 1691 4511 στολος
1734 4452 1911 4519 possit
1969 4451 2094 4516 quis
2155 4447 2448 4515 cogitando
2500 4448 2593 4498 ad-
