3109 5092
1312 381 1562 444 CLIO.
1607 384 1660 443 Ι.
1703 391 1792 446 86.
2564 380 2685 443 187

404 567 475 630 οἰ
511 561 785 649 διέφερε
827 559 1147 646 πληγέντι
1183 554 1630 628 ἆποθανέειν·
1685 553 1722 628 ὁ
1764 557 1840 627 δὲ
1878 572 2033 638 παῖς
2075 546 2269 637 οὗτος
2309 553 2345 628 ὁ
2388 555 2681 647 ἄφωνος,

408 661 496 746 ὡς
528 662 669 733 εἶδε
720 660 993 733 ἐπιόντα
1035 658 1155 750 τὸν
1180 663 1490 751 Πέρσην,
1531 658 1666 732 ὑπὸ
1707 663 1902 743 δέους
1938 690 2011 731 τε
2049 663 2161 730 καὶ
2200 666 2413 732 κακοῦ
2452 665 2685 752 ἔρῤηξε

408 765 683 857 φωνὴν,
729 765 872 837 εἷπε
917 769 1024 835 δέ·
1070 764 1474 855 Ὦνθρωπε,
1520 764 1611 855 μὴ
1652 781 1872 835 κτεῖνε
1900 774 2216 855 Κροῖσον.
2298 755 2514 846 Οὗτος
2560 764 2686 854 μὲν

407 870 492 960 δὴ
532 877 731 941 τοῦτο
776 874 1048 959 πρῶτον
1088 865 1495 958 ἐφθέγξατο·
1543 867 1711 958 μετὰ
1751 869 1826 938 δὲ
1860 875 2056 938 τοῦτο
2094 866 2225 958 ἤδη
2269 865 2527 956 ἐφώνεε
2565 867 2685 938 τὸν

407 974 622 1046 πάντα
670 973 917 1064 χρόνον
969 977 1085 1062 τῆς
1132 969 1297 1060 ζόης.
1421 977 1514 1043 OC
1558 973 1633 1043 δὲ
1682 974 1941 1062 Πέρσαι
1996 970 2112 1052 τοὶς
2166 1000 2237 1041 τε
2296 969 2381 1062 δὴ
2425 971 2683 1060 Σάρδις
2699 976 2779 1037 86

407 1085 638 1167 ἔσχον,
688 1080 802 1147 καὶ
851 1072 1061 1146 αὐτὸν
1107 1086 1402 1167 Κροῖσον
1449 1077 1864 1167 ἐζώγρησαν,
1918 1074 2210 1166 ἄρξαντα
2255 1082 2406 1147 ἔτεα
2454 1097 2682 1146 τεσσε-

411 1188 847 1272 ρεσκαίδεκα,
879 1183 992 1250 καὶ
1018 1186 1616 1269 τεσσερεσκαίδεκα
1642 1176 1890 1271 ἡμέρας
1919 1183 2485 1268 πολιορκηθέντα,
2521 1177 2689 1250 κατὰ

404 1282 477 1355 τὰ
523 1283 925 1376 χρηστήριόν
964 1312 1038 1354 τε
1078 1282 1598 1355 καταπαύσαντα
1632 1282 1757 1374 τὴν
1803 1286 2063 1354 ἑωυτοῦ
2096 1281 2398 1372 μεγάλην
2437 1279 2683 1373 ἀρχήν·

404 1389 723 1478 λαβόντες
778 1389 851 1459 δὲ
902 1385 1111 1459 αὐτὸν
1164 1392 1235 1458 ol*
1273 1391 1530 1480 Πέρσαι
1592 1386 1848 1479 ἤγαγον
1912 1383 2093 1478 παρὰ
2142 1392 2395 1476 Κῦρον.

401 1592 459 1642 in
493 1591 567 1642 R.
588 1591 655 1641 N.
682 1591 781 1654 XI,
814 1592 883 1642 50
918 1591 1026 1641 huc
1059 1606 1167 1641 non
1201 1592 1490 1656 pertinere,

400 1663 511 1712 iam
557 1660 758 1711 dudum
805 1665 1128 1712 monuerunt
1165 1661 1270 1710 viri
1322 1660 1489 1712 docti.

403 1732 486 1782 Ad
504 1730 830 1781 locutionem
850 1724 1050 1794 ἔρᾇξε
1076 1722 1297 1795 φωνὴν,
1324 1732 1490 1794 aptis-

403 1802 595 1852 simam
633 1799 782 1852 illam
787 1800 1063 1878 quidem,
1112 1816 1489 1883 comparamus

389 1871 547 1938 ,infra
577 1871 652 1931 ΙΙ,
680 1872 737 1920 2:
775 1856 979 1934 ἥντινα
995 1861 1218 1934 ’φωνὴν
1250 1861 1488 1933 ρηξουσι

403 1940 470 1990 de
487 1940 790 1990 infantibus
816 1955 1004 1989 recens
1028 1939 1175 1989 uatis
1198 1939 1342 1989 haud
1369 1940 1485 1990 sine

401 2010 687 2072 industria,
713 2014 776 2060 ut
803 2009 1036 2072 videtur,
1075 2008 1296 2061 dictum.
1326 2010 1487 2061 Conf.

401 2080 516 2134 illic
552 2083 728 2130 notat.

455 2135 789 2210 ¹⁹..32v8'0mxs
850 2139 928 2211 μὴ
981 2148 1163 2198 κτεινε
1209 2148 1485 2214 Κροῖσον]

399 2209 688 2280 ωνθρωπε
729 2217 967 2283 plerique
1012 2217 1138 2267 libri
1192 2234 1314 2269 cum
1359 2220 1489 2270 Gre-

402 2306 520 2354 gor.
548 2289 674 2340 Cor.
711 2288 779 2338 de
810 2287 940 2337 dial.
976 2287 1094 2338 Ion.
1121 2292 1173 2352 g.
1198 2289 1294 2340 99ι
1345 2288 1489 2339 Male

401 2359 499 2410 alii
526 2348 822 2419 ἄνθρωπε.
875 2359 959 2408 Tu
996 2358 1109 2406 vid.
1149 2374 1314 2421 supra
1342 2359 1386 2420 Ι,
1420 2360 1490 2410 35

402 2434 458 2479 et
502 2429 577 2479 cf.
615 2427 849 2478 Bredov.
896 2443 947 2492 p.
998 2427 1120 2478 201.
1207 2429 1291 2478 De
1335 2445 1487 2493 prae-

400 2500 572 2550 sentis
629 2498 953 2562 imperativo
1000 2498 1057 2546 in
1104 2498 1328 2548 vetandi
1382 2500 1488 2549 sor-

397 2568 559 2618 mulis
594 2566 869 2618 subtiliter
905 2568 1163 2617 disseruit
1185 2569 1484 2619 Hermann.

399 2638 470 2689 ad
523 2638 747 2704 Gregor.
806 2637 1052 2688 Corinth.
1121 2654 1174 2702 p.
1232 2637 1336 2690 865
1399 2637 1484 2690 ed.

398 2708 616 2760 Schaef.

706 2881 839 2932 CAP.
874 2880 1172 2931 LXXXVI.

469 3001 506 3034 α
510 2980 724 3049 ρξαντα
778 2979 902 3035 ἔτεα
970 2981 1484 3066 τεσσερεσκαίδεκα,

397 3049 492 3105 καὶ
510 3002 1024 3118 ρτεσσερεσιιαίδεκα
1067 3045 1280 3117 ἡμέρας
1326 3053 1486 3103 πολι-

398 3121 745 3190 ορκηθέντα]
774 3125 1059 3176 Pei-tinent
1078 3124 1214 3174 haec
1236 3124 1305 3175 ad
1325 3124 1486 3175 Croe-

397 3196 446 3244 si
492 3198 738 3259 tempora
784 3199 932 3246 recte
978 3194 1364 3245 constituenda
1407 3194 1486 3243 in-

397 3264 572 3329 deque
609 3265 902 3315 coniuncta
937 3267 1064 3314 sunt
1085 3279 1207 3313 cum
1231 3264 1315 3326 iis,
1345 3279 1487 3329 quae

398 3334 470 3384 ad
517 3335 563 3395 1,
603 3335 688 3384 26.
740 3333 826 3385 30.
874 3335 943 3385 45
1001 3333 1283 3397 disputata
1337 3337 1484 3384 sunt.

396 3406 462 3454 In
502 3404 700 3468 quibus
737 3405 784 3453 si
828 3407 976 3454 recte
1007 3403 1284 3467 posuimus
1326 3403 1486 3453 Croe-

395 3489 515 3524 sum
546 3488 688 3523 anno
725 3473 830 3525 560
864 3478 992 3524 ante
1025 3472 1152 3524 Chr.
1198 3489 1259 3532 n.
1295 3473 1368 3522 ad
1402 3489 1486 3523 re-

395 3559 562 3610 gnum
588 3547 853 3602 evectum,
882 3543 1106 3607 Alyatte
1143 3548 1376 3605 mortue,
1406 3559 1487 3595 re-

395 3628 567 3678 gnare
603 3612 746 3663 idem
799 3612 960 3664 desiit
996 3612 1260 3663 Sardibus
1308 3614 1484 3678 captis

396 3699 538 3734 anno
573 3683 693 3734 546.
735 3683 849 3734 Iam
885 3683 1189 3733 Larcherus
1226 3688 1488 3734 accurata

395 3752 768 3816 disputatione
836 3752 1106 3803 inciderat
1165 3753 1223 3802 in
1285 3768 1484 3803 annum

396 3823 741 3884 545-546,
801 3838 846 3873 s.
908 3821 1125 3887 Olymp.
1177 3822 1380 3882 LVIII,
1430 3824 1482 3885 3,

395 3907 554 3958 quem
591 3891 820 3942 eundem
849 3907 1050 3942 annum
1097 3893 1282 3956 posuit
1316 3894 1486 3943 Euse-

261 4013 303 4043 .·
399 3963 523 4012 bins
576 3962 636 4011 in
671 3961 959 4020 Chronico,
1020 3977 1141 4011 cum
1197 3961 1384 4013 Solino
1436 3961 1481 4022 Ι,

398 4031 499 4082 112
534 4032 884 4082 conveniens.
941 4031 1200 4081 Larcheri
1233 4031 1482 4086 ,rationes

393 4100 650 4166 probavit
680 4101 821 4166 Ley:
858 4101 1001 4151 Fata
1048 4105 1104 4152 et
1142 4100 1343 4151 condit.
1383 4099 1485 4151 Ae-

393 4171 551 4235 gypti
590 4173 697 4220 etc.
733 4185 789 4234 p.
827 4169 1054 4222 31-33,
1092 4174 1147 4220 et
1175 4174 1324 4220 recte
1355 4185 1483 4232 quo-

392 4253 500 4303 que
524 4238 692 4290 Grote
725 4239 936 4304 history
971 4240 1034 4290 of
1064 4240 1269 4290 Greece
1303 4240 1397 4289 IV.
1426 4255 1479 4304 p.

393 4308 500 4358 264
543 4308 727 4372 posuit
762 4324 962 4359 annum
998 4309 1103 4360 546
1147 4324 1199 4360 a.
1251 4308 1377 4359 Chr.
1423 4325 1478 4359 ιι.

391 4377 469 4428 At
495 4376 589 4427 alii
611 4377 747 4428 alios
776 4393 948 4429 annos
967 4382 1303 4428 sumserunt:
1339 4379 1481 4428 inter

391 4461 532 4513 quos
574 4447 919 4513 potissimum
962 4447 1249 4500 Volneium
1293 4447 1479 4511 affero,

2494 1383 2531 1455 ὁ
2587 1386 2684 1474 δι,

1593 1591 1687 1655 qui
1721 1590 1777 1639 in
1812 1589 2140 1655 chronolog.
2178 1589 2498 1641 d'Herodot.
2531 1607 2586 1655 p.
2616 1590 2686 1643 30

1592 1676 1745 1725 seqq.
1779 1659 1847 1711 39
1890 1674 2043 1724 seqq.
2083 1660 2324 1723 priorum
2360 1660 2685 1726 chronogra-

1590 1730 1817 1794 phorum
1869 1729 2136 1779 rationem
2186 1729 2531 1780 vehementer
2590 1731 2685 1780 im-

1591 1813 1840 1864 pugnans
1906 1798 2138 1862 probare
2191 1799 2427 1862 studuit,
2484 1800 2683 1851 Sardes

1591 1885 1711 1919 esse
1757 1872 1946 1933 captas
2002 1883 2145 1918 anno
2196 1870 2299 1920 557
2349 1885 2400 1919 a.
2451 1869 2575 1920 Chr.
2627 1887 2682 1920 n.

1588 1939 1822 2002 indeque
1876 1938 2135 1988 Croesum
2183 1937 2251 1987 ad
2295 1954 2520 2003 regnum
2567 1954 2686 2003 per-

1591 2012 1812 2059 venisse
1849 2023 1992 2058 anno
2029 2007 2149 2068 571,
2188 2012 2355 2071 atque
2389 2008 2530 2058 hsnc
2565 2024 2685 2060 sen-

1591 2079 1820 2129 tentiam
1886 2077 2023 2127 adeo
2080 2078 2353 2141 persuasit
2404 2077 2683 2130 Schultzio

1593 2147 1879 2213 (Apparet.
1915 2148 2090 2198 critic.
2137 2147 2297 2211 Spec.
2349 2148 2395 2198 Ι.
2447 2164 2575 2213 pag.
2616 2150 2682 2200 16

1591 2233 1744 2283 seqq.
1775 2217 1903 2280 19.)‚
1923 2222 1985 2266 ut
2008 2216 2266 2281 vulgatae
2290 2219 2683 2282 computationi

1591 2287 2000 2339 anteferendam
2056 2292 2319 2338 censeret.
2397 2287 2681 2340 Volneium

1592 2358 1837 2423 sequitur
1873 2358 2038 2408 etiam
2061 2356 2163 2407 Th.
2194 2358 2392 2408 Menke
2420 2359 2679 2423 Lydiacc.

1591 2445 1647 2493 p.
1695 2429 1780 2488 53,
1833 2434 1887 2477 et
1936 2427 2093 2477 Saint
2128 2457 2147 2465 -
2184 2427 2387 2477 Martin
2436 2428 2494 2477 in
2540 2445 2681 2480 com-
2784 2455 2793 2462 -

1590 2498 1923 2548 mentatione
1958 2496 2027 2546 ad
2064 2497 2111 2557 Ι,
2150 2498 2218 2545 74
2263 2497 2490 2548 laudata
2533 2514 2586 2563 p.
2612 2499 2680 2549 29

1590 2583 1742 2632 seqq.
1758 2568 1846 2618 37.
1871 2565 2115 2617 Voemel.
2139 2567 2194 2614 in
2206 2566 2506 2617 Exercitst.
2529 2568 2679 2618 chro-

1587 2637 1698 2687 nol.
1739 2637 1804 2686 de
1836 2635 2025 2686 Croesi
2058 2651 2124 2685 ac
2161 2635 2375 2686 Solonis
2412 2641 2596 2688 aetate
2620 2654 2675 2702 p.

1589 2707 1659 2757 23
1704 2722 1860 2771 seqq.
1903 2704 2103 2755 Sardes
2154 2709 2344 2767 captas
2402 2721 2523 2756 esse
2569 2711 2679 2757 sta-

1585 2776 1695 2826 tuit
1732 2791 1874 2825 anno
1912 2776 2013 2824 552
2056 2790 2108 2824 a.
2160 2773 2285 2825 Chr.
2332 2790 2390 2827 n.
2449 2791 2679 2840 eumque

1588 2847 1835 2911 sequitur
1868 2845 2266 2895 Westermann.
2308 2844 2377 2894 ad
2412 2845 2557 2897 Plut.
2582 2846 2679 2896 So·

1587 2915 1697 2966 lon.
1736 2932 1789 2981 p.
1828 2913 1918 2966 90.
1956 2914 2215 2964 Duncker
2249 2914 2468 2974 (Gesch.
2505 2915 2558 2967 d.
2584 2916 2678 2966 Al-

1587 2986 1749 3037 terth.
1803 2986 1884 3036 11.
1931 3000 1985 3049 p.
2033 2983 2166 3050 538)
2213 2985 2284 3034 ad
2329 3000 2530 3036 annum
2574 2988 2679 3040 549

1589 3062 1718 3107 ante
1741 3055 1867 3106 Chr.
1899 3071 1955 3106 n.
1992 3053 2205 3118 regredi
2240 3054 2377 3105 vult.
2418 3055 2526 3106 Sed
2555 3056 2679 3106 edo-

1589 3128 1705 3176 cuit
1734 3141 1879 3176 nunc
1904 3126 1997 3176 Jo.
2024 3139 2059 3175 a
2085 3125 2363 3189 Gumpach
2392 3122 2516 3188 (Die
2535 3126 2677 3176 Zeit-

1589 3196 1868 3260 rechnung
1905 3194 2001 3244 der
2035 3194 2230 3259 Babyl.
2267 3209 2321 3245 ιι.
2361 3194 2577 3261 Assyrr.
2620 3212 2674 3260 p.

1588 3267 1658 3317 86
1692 3265 1866 3331 seqq.)
1917 3264 1984 3315 de
2017 3263 2138 3314 ‘alio
2186 3280 2327 3314 anno
2378 3269 2546 3329 atque
2592 3282 2675 3326 eo,

1589 3351 1749 3400 quem
1786 3349 1952 3398 supra
1983 3334 2281 3399 posuimus,
2305 3335 2537 3399 cogitari
2565 3350 2675 3384 non

1588 3420 1750 3469 posse
1785 3405 1949 3468 inque
1970 3403 2159 3454 eodem
2184 3418 2305 3453 esse
2328 3404 2678 3466 acquiescen-

1589 3474 1733 3524 dum.
1789 3473 1837 3523 A
1868 3488 1975 3538 quo
2011 3474 2129 3522 viro
2168 3473 2330 3522 docto
2368 3472 2424 3520 in
2464 3488 2527 3521 eo
2567 3487 2676 3521 uno

1590 3543 1873 3602 dissentio,
1884 3541 2047 3619 quod
2081 3540 2173 3590 ine
2196 3542 2273 3605 (p.
2305 3538 2416 3603 93.)
2439 3547 2678 3604 quatuor-

1589 3615 1747 3663 decim
1794 3579 1919 3676 (ιδ’)
1968 3625 2139 3660 annos
2185 3610 2387 3660 Croeso
2427 3611 2676 3676 regnanti

1588 3683 1823 3732 tributos
1850 3677 2111 3729 mendose
2146 3678 2312 3728 scribi
2345 3681 2505 3742 putat
2528 3679 2675 3730 inde-

1589 3768 1693 3817 que
1731 3749 2079 3812 corrigendos
2116 3749 2172 3797 in
2221 3737 2318 3795 aff
2354 3747 2443 3796 vel
2481 3740 2595 3811 κδ’,
2635 3750 2672 3800 i.

1587 3838 1635 3872 e.
1675 3820 1980 3883 undeviymti
2010 3817 2097 3867 vel
2130 3818 2306 3881 υιζᾳίηιί
2338 3825 2557 3882 quatuor
2577 3833 2677 3868 an

1585 3906 1706 3941 nos.
1742 3888 1980 3948 Etenim,
2019 3883 2129 3936 alia
2160 3891 2224 3937 ut
2257 3891 2490 3950 taceam,
2518 3887 2680 3939 Croe-

1585 3976 1723 4021 sum,
1783 3958 1875 4022 qui
1930 3924 2210 4022 Alyattem
2257 3961 2529 4008 mortuum
2576 3959 2680 4009 560

1587 4031 1647 4079 in
1696 4043 1865 4092 regno
1904 4028 2136 4092 excepit,
2168 4028 2278 4077 iam
2314 4031 2479 4077 antea
2512 4043 2547 4077 a
2582 4044 2680 4092 pa-

1590 4104 1673 4149 tre
1709 4113 1837 4148 sene
1871 4101 2135 4162 tanquam
2172 4096 2462 4147 haeredem
2498 4096 2678 4162 legiti-

1587 4184 1730 4219 mum
1753 4168 1810 4217 in
1832 4168 1985 4232 regni
2018 4168 2445 4218 communionem
2470 4182 2680 4217 assum-

1584 4244 1700 4289 tum
1735 4238 1782 4287 si
1818 4238 2095 4302 ponimus,
2132 4237 2225 4288 vix
2263 4237 2368 4288 erit
2403 4236 2504 4286 tali
2541 4252 2676 4301 opus

1586 4307 1981 4358 emendatione.

1656 4392 1686 4425 ο
1726 4370 1816 4438 δὲ,
1858 4366 2143 4439 συννήσας
2179 4364 2372 4437 πυρὴν
2407 4362 2674 4451 μεγάλην,

1581 4413 1920 4513 ἀνεβίβασεν
1961 4459 2014 4493 κ.
2053 4457 2100 4492 τ.
2138 4438 2210 4506 λ.]
2259 4440 2344 4490 Ad
2390 4432 2676 4506 συννήσας
