3109 5092
322 704 439 765 194

452 325 576 386 390

1319 320 1858 383 HERODOTI

452 493 581 587 γὰρ
636 492 721 582 δὴ
766 495 1090 585 φορέουσι
1144 496 1222 563 ἐν
1263 499 1355 587 τῷ
1406 498 1643 588 καρπῷ
1696 499 1765 564 οἱ
1824 500 2130 583 ἔρσενες,
2188 494 2487 584 κατάπερ
2534 491 2620 584 δὴ
2663 499 2734 564 οἱ

452 596 762 670 ὄλυνθοι.

609 697 698 769 Τὸ
734 699 808 769 δὲ
838 693 1159 767 ἁπάντων
1180 703 1431 786 θῶυμα
1458 697 1775 786 μέγιστόν
1809 705 1928 787 μοί
1962 699 2101 767 ἐστι
2134 703 2273 767 τῶν
2298 699 2532 787 ταύτῃ,
2560 701 2727 788 μετά

449 831 526 892 γε
554 799 767 891 αὐτὴν
801 799 926 890 τὴν
954 800 1186 886 πόλιν,
1219 807 1491 889 ἔρχομαι
1529 801 1833 889 φράσων.
1913 799 1994 869 τὰ
2032 808 2232 869 πλοῖα
2277 799 2549 872 αὐτοῖσί
2583 805 2724 874 ἐστι

448 904 529 975 τὰ
555 903 724 977 κατὰ
751 903 871 974 τὸν
900 901 1200 993 ποταμὸν
1228 903 1653 991 πορευόμενα
1682 907 1749 983 ἐς
1778 902 1901 992 τὴν
1929 908 2331 992 Βαβυλῶνα,
2363 904 2561 975 ἐόντα
2596 933 2719 974 κυ-

446 1105 589 1156 unde
614 1104 902 1166 adscitum,
928 1102 1133 1151 nescio.
1180 1100 1403 1153 Betinui
1435 1100 1535 1165 igi-

445 1179 535 1225 tur
580 1173 864 1240 vulgatum
919 1164 991 1220 οἱ
1041 1165 1280 1235 ἔρσενες.
1351 1167 1535 1234 ψῆνες

445 1258 714 1308 quaenam
750 1241 953 1293 fuerint
986 1240 1270 1302 animalia,
1306 1255 1417 1290 non
1447 1254 1534 1288 ac-

445 1314 689 1363 curatius
726 1313 925 1362 Noster
960 1310 1289 1374 designavit.
1355 1309 1534 1359 Fuere

445 1398 511 1432 ex
549 1381 820 1446 antiquis,
870 1379 965 1444 qui
1000 1394 1110 1428 non
1154 1395 1253 1443 pro
1291 1376 1531 1440 animali,

447 1450 544 1502 sed
586 1465 685 1514 pro
744 1450 862 1513 ipso
914 1447 1279 1499 mascularum
1331 1447 1534 1512 palma-

443 1535 563 1569 rum
607 1519 790 1570 fructu
842 1516 1138 1580 haberent,
1192 1518 1275 1567 uti
1317 1515 1529 1578 Pollux,

442 1588 753 1653 Hesychius
808 1590 974 1651 atque
1020 1587 1137 1651 ipse
1186 1585 1532 1650 Theophyla-

446 1662 568 1708 ctus
610 1655 808 1721 (Epist.
843 1655 1077 1720 XVIII),
1129 1656 1197 1705 ab
1233 1655 1354 1705 aliis
1391 1670 1531 1704 erro-

442 1727 520 1776 ris
570 1727 835 1787 incusati,
885 1725 954 1775 ab
994 1723 1361 1789 Wesselingio
1406 1724 1533 1773 hac-

441 1800 602 1846 tenus
641 1793 879 1855 defensi,
914 1792 1060 1858 quod
1097 1809 1156 1844 se
1191 1793 1368 1844 vereri
1402 1793 1533 1843 scri-

441 1866 551 1928 bit,
598 1869 662 1917 ut
715 1865 863 1913 iusta
906 1864 980 1912 sit
1025 1861 1243 1913 illorum
1294 1864 1532 1912 virorum

439 1932 500 1984 in
537 1932 934 1986 Grammaticos
968 1936 1183 1983 veteres
1220 1932 1387 1982 actio.
1447 1933 1528 1982 Ac

437 2004 621 2068 potuit
651 2018 711 2053 re
744 2016 876 2052 vera
912 2006 1142 2065 tempus,
1179 2001 1262 2050 uti
1299 2000 1378 2063 fit,
1414 2016 1529 2051 mu-

439 2076 587 2122 tasse
622 2071 774 2121 vocis
819 2069 1290 2134 significationem.
1363 2070 1530 2120 Steri-

436 2139 518 2191 les
559 2140 702 2190 enim
747 2138 991 2204 palmae,
1043 2143 1271 2189 notante
1313 2138 1524 2190 Nicias.

438 2210 509 2260 ad
532 2209 827 2273 Geoponic.
843 2208 911 2270 X,
934 2210 981 2258 5.
1002 2223 1054 2271 p.
1078 2207 1199 2269 651,
1225 2222 1335 2257 non
1361 2207 1525 2258 alium

438 2280 675 2329 fructum
719 2278 924 2338 ferunt,
977 2275 1084 2324 nisi
1132 2277 1317 2337 flores3
1365 2277 1525 2327 flores

439 2352 622 2398 autem
657 2361 841 2396 semen
878 2349 932 2394 et
975 2343 1183 2394 culices
1219 2346 1519 2400 continent.

436 2416 656 2466 Laudat
700 2419 984 2479 praeterea
1029 2415 1114 2464 vir
1160 2413 1355 2464 doctus
1404 2417 1524 2465 Ari-

437 2485 622 2536 stotel.
672 2485 739 2534 de
783 2483 966 2535 Plant.
1010 2483 1069 2545 Ι,
1117 2483 1170 2533 6.
1255 2484 1523 2535 Graecum

436 2554 667 2616 animal,
715 2553 860 2619 quod
897 2553 954 2601 in
991 2552 1109 2602 ficis
1147 2551 1279 2602 feris
1315 2554 1523 2603 inveni-

438 2628 552 2686 tur,
612 2623 928 2674 describunt
988 2621 1312 2672 Aristoteles
1368 2623 1518 2673 Hist.

435 2693 671 2745 Animal.
693 2694 760 2756 V,
792 2693 861 2745 32
888 2695 944 2741 et
967 2691 1332 2755 Theophrast.
1368 2693 1517 2744 Hist.

432 2762 618 2814 Plant.
653 2762 729 2824 11,
766 2762 818 2823 8,
856 2762 902 2812 1.
941 2762 974 2810 2
1010 2761 1096 2810 ed.
1133 2760 1417 2822 Schneid.,
1455 2778 1521 2812 ex

436 2848 542 2896 quo
588 2832 709 2895 ipso
758 2844 859 2879 sua
906 2828 1171 2879 desumsit
1204 2829 1416 2879 Plinius
1463 2831 1521 2881 in

433 2901 582 2950 Hist.
609 2901 737 2950 Nat.
770 2897 953 2949 XVII.
993 2914 1115 2962 cap.
1151 2899 1236 2948 27.
1308 2899 1520 2960 Quibus

432 2968 738 3019 Larcherus
772 2983 836 3017 ea
879 2967 1097 3028 adiicit,
1144 2982 1284 3031 quae
1316 2966 1419 3018 hac
1455 2969 1519 3019 de

433 3053 494 3088 re
541 3036 731 3086 scribit
772 3036 1081 3085 Pontedera
1131 3035 1169 3085 l.
1217 3035 1254 3086 l.
1303 3036 1393 3098 ΙΙ,
1429 3038 1516 3089 34.

431 3122 559 3171 pag.
587 3106 685 3156 174
712 3120 828 3169 seq.
882 3103 1021 3166 Sed,
1053 3109 1308 3154 monente
1330 3106 1519 3157 eodem

430 3174 722 3236 Larchero,
759 3174 948 3238 quaeri
981 3187 1277 3237 sanequam
1300 3178 1518 3240 poterit,

430 3250 611 3295 utrum
647 3242 792 3308 quod
835 3258 930 3307 per
967 3243 1252 3293 Graeciam
1296 3244 1353 3293 in
1399 3246 1518 3295 ficis

429 3312 742 3364 inveniatur
801 3310 1001 3361 animal
1050 3312 1302 3378 quodque
1351 3315 1516 3380 vulgo

431 3382 739 3447 appellatur
786 3373 940 3446 ψὴν,
995 3381 1138 3431 idem
1185 3398 1400 3447 quoque
1445 3385 1518 3434 sit

431 3450 876 3513 existimandum,
913 3451 1058 3515 quod
1083 3451 1273 3501 eodem
1303 3454 1518 3506 nomine

428 3522 485 3571 in
537 3520 735 3586 palmis
777 3535 873 3585 per
930 3519 1190 3570 orientem
1242 3529 1514 3576 occurrat.

430 3591 532 3641 Cui
567 3591 646 3640 rei
678 3588 972 3640 solvendae
1007 3606 1092 3640 me
1116 3589 1333 3655 quidem
1369 3593 1515 3644 haud

427 3676 611 3724 parem
660 3675 780 3709 esse
832 3658 1022 3709 lubens
1071 3658 1354 3711 confiteor.
1448 3664 1511 3713 In

427 3729 744 3780 Schneideri
767 3729 969 3779 Lexico
1004 3721 1128 3792 ψὴν
1160 3729 1407 3779 redditur
1428 3749 1512 3796 cy-

422 3802 535 3860 nips
555 3800 645 3861 L„
677 3798 994 3848 vernacule:
1033 3800 1332 3861 Gallmespe.
1373 3801 1514 3851 Hee-

423 3883 537 3916 ren.
590 3867 627 3917 l.
674 3866 713 3917 1.
762 3883 886 3932 pag.
939 3867 1041 3918 146
1082 3872 1195 3916 not.
1244 3867 1301 3918 id
1349 3869 1509 3919 modo

424 3935 603 3986 addit:
674 3936 788 3998 „Es
825 3936 1017 4000 gehort
1065 3950 1134 3986 zu
1181 3936 1301 3986 dem
1335 3941 1512 4002 cynips

418 4003 664 4066 psenes.“
731 4004 871 4053 Nam
893 4005 1103 4055 Plinius
1137 4005 1316 4055 minus
1353 4021 1511 4057 accu-

420 4078 542 4123 rate
574 4071 707 4121 dicit
732 4075 930 4123 culicem
958 4074 1105 4124 Hist.
1128 4074 1255 4124 Nat.
1278 4075 1396 4138 XV,
1420 4076 1502 4128 19.

758 4241 891 4292 Cn.
930 4241 1171 4294 CXCIV.

426 4405 433 4412 ,
503 4337 735 4409 ἔρχομαι
776 4334 1039 4411 φράσων]
1107 4346 1190 4397 De
1226 4344 1502 4402 locutione

1635 1102 1782 1154 conf.
1819 1103 1888 1152 ad
1925 1104 1981 1167 1,
2018 1106 2051 1155 5
2088 1107 2229 1154 nott.
2268 1135 2339 1144 —
2384 1105 2557 1156 Paulo
2594 1111 2724 1158 ante

1636 1172 1877 1223 ordinem
1941 1174 2230 1224 verborum
2294 1190 2417 1224 cum
2491 1182 2722 1228 recentt.

1635 1241 1794 1293 editt.
1829 1244 2189 1304 mutavimus,
2240 1244 2541 1295 scribentes
2586 1237 2726 1309 μετά

1635 1324 1696 1375 γε
1749 1300 1932 1377 αὐτὴν
1986 1304 2092 1376 τὴν
2144 1304 2347 1376 πόλιν,
2405 1315 2550 1379 quod
2595 1315 2723 1365 libri

1635 1381 1903 1433 ferebant.
1937 1405 2015 1420 ι-
2043 1382 2110 1432 Ιιι
2145 1397 2298 1446 seqq.
2333 1382 2404 1431 ad
2439 1375 2507 1434 τὰ
2548 1385 2723 1433 πλοῖα

1633 1441 1867 1500 αὐτοῖσί
1908 1441 2022 1500 ἔστι
2067 1452 2303 1516 pertinet
2347 1444 2536 1502 πάντα
2587 1446 2721 1502 σκύ-

1635 1534 1791 1582 τινα,
1850 1510 2017 1569 ἐόντα
2075 1526 2226 1571 arcte
2285 1521 2720 1587 coniungendam

1633 1604 1756 1640 cum
1793 1585 2152 1652 κυκλοτερέα,
2193 1590 2340 1654 quod
2361 1606 2533 1657 aeque
2552 1597 2721 1658 atque

1632 1651 1701 1707 τὰ
1724 1673 1774 1707 κ.
1799 1674 1847 1707 τ.
1876 1674 1935 1710 π.
1975 1654 2334 1724 πορευόμενα
2357 1661 2428 1711 ad
2457 1654 2527 1710 τὰ
2545 1662 2723 1711 πλοῖα

1632 1728 1975 1778 referendum
1997 1743 2062 1778 eo
2093 1729 2206 1779 fere
2227 1745 2416 1779 sensus
2455 1732 2720 1796 „navigia

1631 1797 1768 1861 ipsis
1805 1801 1931 1848 sunt
1949 1796 2043 1862 (ea
2068 1798 2286 1863 quidem
2309 1815 2449 1863 quae
2475 1802 2714 1851 secundo

1636 1868 1854 1917 flumine
1916 1867 2163 1917 seruntur
2230 1884 2404 1933 eaque
2459 1869 2720 1935 rotunda)

1631 1941 1753 1986 tota
1789 1952 1819 1986 e
1854 1936 2003 1986 corio
2040 1938 2353 1988 confecta.“

1699 2028 1769 2086 τὰ
1804 2037 1976 2087 πλοῖα
2019 2029 2254 2089 αὐτοῖσί
2297 2029 2410 2088 ἔστι
2455 2055 2507 2088 κ.
2552 2054 2599 2089 τ.
2645 2039 2717 2108 L]

1630 2106 1785 2168 Quae
1819 2107 2133 2158 Herodotus
2168 2109 2271 2159 hoc
2309 2110 2492 2173 capite
2528 2109 2594 2159 de
2623 2126 2718 2160 na-

1629 2176 1791 2241 vigiis
1827 2176 1978 2226 hisce
2002 2177 2193 2227 scribit
2231 2194 2296 2228 ac
2323 2178 2390 2228 de
2418 2179 2720 2243 navigandi

1628 2246 1868 2309 ratione,
1923 2261 1989 2295 ea
2035 2246 2304 2313 hodieque
2343 2248 2399 2296 in
2445 2263 2549 2297 usu
2596 2264 2719 2300 esse

1628 2316 1809 2364 omnia
1881 2316 2208 2367 recentiores
2281 2318 2717 2382 peregrinaturos

1627 2389 1919 2435 testantur.
1987 2386 2145 2435 Nunc
2180 2386 2489 2436 istiusmodi
2524 2403 2714 2450 naves,

1625 2454 1821 2518 quibus
1856 2455 1913 2504 in
1938 2455 2093 2520 Tigri
2123 2455 2434 2520 navigando
2469 2461 2714 2519 utuntur,

1623 2523 1971 2573 nominantur
2030 2524 2191 2574 Kilet.
2274 2525 2400 2576 vid.
2456 2526 2717 2576 Heerenii

1623 2591 1791 2641 Ideen
1828 2593 1874 2653 Ι,
1913 2595 1964 2642 2.
1997 2608 2125 2658 pag.
2154 2595 2275 2652 225,
2313 2596 2406 2659 qui
2427 2596 2714 2647 Portet-um

1624 2661 1762 2710 citat
1797 2662 1853 2710 in
1891 2662 2175 2712 itinerario
2209 2664 2288 2714 11.
2322 2680 2376 2728 p.
2418 2664 2522 2714 259
2552 2681 2710 2717 accu-

1623 2735 1742 2779 rate
1762 2744 1855 2780 eas
1877 2746 2047 2781 naves
2073 2732 2485 2783 describentem.
2514 2734 2715 2786 Ovium

1624 2798 1791 2862 pelles
1818 2800 2038 2850 inflatas
2067 2807 2258 2851 narrat
2291 2802 2599 2854 substratas
2626 2821 2712 2855 es·
2737 2849 2744 2856 .

1624 2883 1709 2929 se,
1749 2884 1972 2933 quarum
2005 2869 2208 2922 auxilio
2239 2887 2407 2921 naves
2445 2873 2711 2925 ferantur.

1624 2937 1709 2986 Tu
1752 2938 1878 2988 vide
1912 2941 2285 3004 potissimum,
2334 2956 2474 3006 quae
2522 2943 2590 2993 de
2624 2943 2710 2994 his

1623 3006 1814 3056 scribit
1851 3009 2070 3074 Layard
2101 3010 2347 3060 Nineveh
2381 3012 2486 3062 and
2519 3013 2591 3063 its
2628 3029 2711 3063 re-

1623 3077 1797 3126 mains
1836 3077 1912 3130 11.
1963 3094 2016 3142 p.
2054 3078 2123 3128 96
2160 3095 2274 3143 seq.
2316 3079 2421 3131 380
2456 3096 2606 3147 seqq.
2654 3087 2711 3133 et

1621 3145 1969 3196 Discoveries
1991 3164 2044 3211 p.
2072 3148 2187 3198 107.
2225 3147 2390 3198 Place
2425 3149 2511 3199 int
2549 3153 2708 3201 Jour-

1622 3213 1715 3263 nal
1749 3216 2034 3281 Asiatique
2074 3217 2170 3268 IV.
2211 3217 2327 3267 Ser.
2376 3219 2442 3268 T.
2481 3220 2601 3270 XX.
2651 3237 2706 3286 p.

1620 3283 1723 3334 461
1767 3299 1881 3349 seq.
1965 3286 2283 3336 Istiusmodi
2336 3288 2615 3352 navigium
2679 3306 2710 3341 e

1620 3353 1912 3403 viminibus
1948 3356 2256 3404 confectum
2288 3356 2507 3406 exhibet
2543 3359 2708 3409 Ches-

1618 3437 1727 3486 ney
1747 3422 2078 3488 Expedition
2114 3424 2199 3475 for
2232 3424 2324 3475 the
2361 3440 2560 3492 survey
2597 3434 2705 3478 etc.

1619 3492 1665 3542 Ι.
1712 3506 1838 3555 pag.
1890 3494 1955 3542 57
2013 3490 2137 3543 coll.
2198 3494 2275 3543 ΙΙ.
2333 3509 2388 3556 p.
2436 3495 2541 3547 636
2586 3512 2703 3563 seq.

1620 3559 1899 3621 „Plurima
1953 3560 2019 3610 de
2071 3561 2177 3612 hoc
2219 3563 2563 3627 navigiorum
2615 3582 2709 3632 ge-

1616 3644 1745 3679 nere
1809 3628 2001 3679 attulit
2055 3631 2240 3681 Vales.
2300 3632 2370 3681 ad
2432 3634 2702 3686 Ammian.

1613 3698 1918 3749 Marcellin.
1951 3699 2153 3762 XXIV,
2188 3701 2241 3752 3.
2279 3703 2329 3763 ἓ.
2360 3701 2443 3753 11.
2481 3718 2608 3768 pag.
2636 3707 2706 3754 70

1615 3767 1701 3816 ed.
1729 3769 1986 3832 Wagner.
2057 3770 2198 3819 Nam
2223 3769 2496 3821 Ammiani
2520 3779 2703 3824 aetate

1612 3835 1780 3899 idem,
1842 3839 1934 3903 qui
1981 3843 2172 3900 antea,
2231 3838 2473 3890 obtinuit
2523 3844 2702 3894 mos.“

1614 3907 1697 3955 Cr.
1740 3904 1945 3971 νομέας
1988 3911 2043 3956 et
2075 3907 2166 3958 hic
2202 3910 2258 3958 et
2294 3907 2382 3971 ΙΙ,
2419 3909 2489 3961 96
2531 3920 2703 3963 costas

1610 3978 1806 4025 navium
1840 3975 2042 4026 Noster
2076 3975 2367 4028 intellexit.

1681 4077 1786 4138 Qui
1836 4078 2081 4143 sequitur
2122 4079 2276 4129 locus
2325 4078 2392 4130 de
2427 4080 2699 4147 Armeniis,

1607 4161 1835 4209 quorum
1890 4147 2107 4197 omnino
2167 4148 2342 4213 prima
2390 4150 2536 4214 apud
2590 4151 2701 4202 No-

1606 4220 1778 4266 strum
1808 4217 2039 4280 mentio,
2091 4217 2160 4266 ab
2195 4218 2465 4269 Heerenio
2505 4216 2696 4283 (Ideen

1605 4284 1651 4345 Ι,
1691 4285 1743 4336 1.
1779 4302 1834 4350 p.
1874 4285 2001 4348 189)
2048 4286 2369 4351 adhibetur,
2429 4303 2536 4352 quo
2585 4305 2697 4339 ma-

1603 4357 1725 4404 ture
1757 4354 1867 4405 iam
1903 4356 2188 4405 Armenios
2224 4370 2346 4405 cnm
2376 4358 2562 4408 Persis
2587 4360 2696 4410 Ba-
