3109 5092
1297 375 1553 440 OLIO.
1600 380 1651 438 I.
1703 388 1824 444 181.

2573 380 2697 443 359

418 542 568 633 ἱρὸν
593 545 1051 632 χαλκόπυλον,
1092 550 1207 618 καὶ
1240 553 1307 630 ἐς
1343 551 1458 639 ἐμὲ
1483 556 1682 622 τοῦτο
1719 558 1816 622 ἔτι
1845 549 1991 638 ἐὰν,
2039 553 2166 622 δύο
2195 559 2493 624 σταδίων
2517 555 2689 626 πάν-

417 746 583 799 talem
617 747 912 813 Euphratis
957 749 1128 814 ripam
1172 750 1313 802 idem
1361 752 1507 802 exhi·

417 818 537 869 buit
581 818 717 868 Rich
764 834 816 882 p.
858 817 925 869 43
974 824 1028 869 et
1073 836 1137 869 ex
1185 837 1249 871 eo
1286 822 1506 886 Layard

418 905 473 953 p.
516 886 639 938 490.
724 887 903 953 Atque
957 889 1099 939 idem
1155 891 1319 941 etiam
1368 891 1505 942 bene

416 956 726 1022 intelligere
762 957 890 1007 licet
921 974 986 1008 ex
1012 974 1077 1009 ea
1101 975 1325 1026 mappa,
1364 977 1505 1026 quae

419 1043 628 1078 omnem
664 1026 963 1092 Babylonis
995 1030 1196 1079 veteris
1229 1030 1503 1095 regionem

419 1097 490 1148 ad
534 1100 821 1161 utramque
864 1097 1159 1162 Euphratis
1207 1100 1381 1164 ripam
1434 1102 1504 1151 si-

418 1173 532 1218 tam
579 1165 797 1215 exhibet
852 1167 996 1231 apud
1048 1169 1160 1218 Ker
1202 1170 1397 1219 Porter
1450 1175 1506 1220 et

420 1236 566 1303 apud
588 1234 724 1285 Rich
761 1251 814 1300 p.
844 1237 961 1298 104,
997 1237 1235 1304 itemque
1264 1238 1319 1288 in
1344 1255 1504 1304 opere

419 1305 885 1372 splendidissimo:
908 1305 1162 1371 Flandin,
1185 1308 1413 1374 Voyage
1435 1325 1503 1359 en

418 1380 585 1429 Perse
610 1373 908 1439 (Ancienne
931 1375 1119 1443 Perse)
1147 1377 1220 1442 pl.
1241 1378 1363 1429 219.
1400 1380 1504 1428 La-

418 1454 563 1498 teres
599 1445 743 1495 cocti
773 1445 916 1496 inter
948 1447 1134 1497 ruinas
1164 1445 1310 1498 haud
1344 1449 1504 1512 pauci

421 1516 653 1576 detecti,
689 1515 936 1565 nonnulli
975 1516 1138 1566 etiam
1174 1516 1504 1582 imaginibus

421 1592 518 1639 aut
554 1584 678 1635 aliis
712 1584 877 1634 certis
911 1586 1085 1650 signis
1121 1585 1510 1652 literarumque

420 1656 567 1708 notis
586 1655 893 1719 conspicui,
915 1655 1394 1707 Nebucadnezaris
1417 1673 1511 1708 no-

420 1742 545 1777 men
599 1724 774 1774 literis
832 1726 1079 1775 cuneatis
1143 1729 1508 1793 conscriptum

422 1795 699 1848 continere
734 1794 1005 1845 dicuntur.
1078 1794 1245 1845 Plura
1283 1796 1510 1847 Fresnel

421 1868 460 1918 1.
497 1866 534 1916 1.
572 1864 619 1914 I.
655 1879 711 1928 p.
749 1863 851 1914 487
889 1878 1003 1928 seq.
1043 1865 1146 1915 516
1182 1881 1334 1930 seqq.
1409 1867 1509 1917 So-

419 1940 518 1987 nat
579 1947 775 1983 nomen
827 1932 1300 1984 Nabukodarmsar
1370 1934 1506 1998 (vid.

422 2002 749 2058 Grotefend=
805 2002 1172 2068 Erliiuterung
1218 2004 1314 2054 der
1361 2004 1507 2055 Keil-

420 2074 622 2126 inschr.
662 2071 846 2137 babyl.
869 2072 1217 2136 Backsteine,
1249 2076 1505 2126 Hauuov,

423 2145 577 2196 1852.
617 2159 669 2206 p.
689 2142 723 2193 6
746 2140 884 2206 seq.)
907 2142 1021 2192 sive
1036 2142 1509 2196 Nabukudurrusur·

420 2213 559 2280 (vid.
588 2213 794 2277 Oppert
822 2209 1144 2262 zeitschrift
1180 2211 1232 2262 d.
1258 2214 1505 2265 deutsch.

421 2281 679 2348 morgenl.
699 2280 996 2333 Gesellsch.
1011 2282 1164 2343 VIII,
1185 2282 1237 2335 3.
1261 2299 1313 2347 p.
1337 2283 1502 2348 596).

490 2344 631 2408 Διὸς
688 2343 875 2415 Βήλου
937 2341 1068 2413 ἱρὸν
1125 2344 1504 2418 χαλκόπυλον]

420 2426 524 2475 Est
557 2422 746 2486 utique
778 2421 918 2470 Baal
951 2436 995 2470 s.
1023 2420 1123 2470 Bel
1154 2426 1340 2471 notum
1381 2422 1504 2472 deo-

424 2509 543 2543 rum
584 2491 873 2541 multorum
924 2505 1021 2555 per
1071 2490 1259 2542 Asiam
1307 2508 1505 2557 cogno-

422 2579 569 2624 men,
632 2576 738 2627 quo
788 2558 925 2609 nihil
980 2560 1147 2609 ferme
1201 2560 1352 2611 aliud
1396 2561 1505 2610 nisi

421 2635 661 2684 dominum
714 2629 943 2693 exprimi
1002 2627 1168 2693 vulgo
1231 2635 1502 2682 statuunt.

423 2705 512 2754 Tu
563 2700 688 2750 vide
733 2700 1060 2748 Creuzerum
1102 2699 1158 2748 in
1206 2700 1502 2764 Symbolic.

423 2774 502 2823 11.
538 2786 663 2836 pag.
701 2769 798 2821 411
832 2783 984 2833 seqq.
1017 2773 1072 2819 et
1106 2768 1230 2819 add.
1258 2770 1504 2820 Movers:

422 2843 527 2893 Die
561 2838 887 2891 Phoenisier
922 2836 971 2888 1.
1007 2853 1060 2902 p.
1094 2838 1191 2888 169
1212 2855 1364 2904 seqq.
1405 2841 1506 2891 175

422 2927 574 2976 seqq.
628 2910 745 2959 Iam
780 2907 1111 2968 Herodotus,
1146 2924 1254 2973 quo
1291 2909 1504 2972 Graeci,

422 2982 616 3046 quibus
639 2977 916 3028 scribebat
930 3014 943 3038 ,
962 2976 1350 3042 intelligerent,
1377 2994 1507 3044 qua-

420 3050 488 3100 lis
542 3050 646 3100 hoc
696 3048 1017 3113 cognomine
1065 3048 1196 3097 deus
1251 3063 1318 3098 ex
1362 3048 1506 3113 ipso-

420 3136 537 3171 rum
572 3119 795 3169 notione
828 3114 1254 3181 significaretur,
1293 3118 1506 3169 addidit

421 3193 502 3239 Δι
520 3182 608 3245 ός.
681 3189 823 3238 Nam
848 3187 948 3237 Bel
976 3201 1184 3236 summo
1215 3186 1337 3238 loco
1364 3189 1506 3240 inter

422 3260 552 3311 deos
585 3275 618 3308 a
643 3255 961 3321 Babyloniis
996 3255 1219 3306 habitus
1255 3261 1365 3319 est,
1400 3273 1504 3308 nec

422 3330 531 3380 alio
575 3343 737 3393 quam
783 3340 891 3391 quo
934 3317 1109 3382 Ζεὺς
1154 3326 1299 3389 apud
1340 3326 1505 3378 Grae-

421 3416 515 3450 cos
553 3404 609 3449 et
641 3397 877 3460 Iuppiter
910 3395 1054 3459 apud
1090 3396 1391 3458 Romanos3
1442 3401 1506 3446 ut

420 3469 498 3520 nil
538 3469 612 3518 sit
647 3468 860 3528 mirum,
898 3465 1133 3516 Graecos
1162 3467 1505 3516 Romanosve

420 3539 714 3604 scriptores
773 3535 857 3585 his
911 3534 1219 3585 nominibus
1270 3535 1506 3600 Babylo·

418 3611 568 3659 nium
637 3621 833 3657 nomen
907 3604 1274 3668 interpretari.
1362 3604 1503 3656 Nolo

422 3680 571 3745 ipsos
610 3676 803 3728 afferre
848 3673 1026 3735 locos,
1077 3689 1145 3723 ne
1183 3680 1308 3724 acta
1343 3690 1505 3738 agam

422 3754 546 3816 post
580 3749 893 3798 accuratam
927 3743 1146 3794 Gesenii
1184 3743 1508 3808 disputatio-

422 3835 542 3868 nem
578 3819 635 3867 in
670 3815 1062 3865 Commentarr.
1102 3812 1174 3862 ad
1199 3813 1363 3865 Iesai.
1395 3812 1505 3864 vol.

422 3889 497 3939 ΙΙ.
532 3905 588 3954 p.
619 3884 723 3938 335
757 3899 910 3949 seqq.
946 3881 1072 3933 coll.
1098 3883 1362 3934 Muenter.
1399 3882 1437 3932 1.
1466 3883 1502 3934 1.

422 3974 549 4022 pag.
598 3955 682 4007 18.
737 3953 821 4005 19.
896 3950 981 4001 Ad
1025 3951 1206 4002 sidera
1241 3952 1506 4003 Gesenius

422 4027 611 4078 Belum
679 4022 848 4074 refert
914 4021 1172 4086 illumque
1232 4021 1509 4086 planetam

422 4097 572 4148 Iovis
621 4092 709 4145 vel
758 4092 917 4143 deum
960 4091 1018 4141 in
1066 4106 1130 4141 eo
1168 4090 1504 4142 habitantem

360 4218 368 4230 ,
425 4167 599 4218 fuisse
633 4180 662 4215 e
698 4161 943 4228 pluribus
980 4174 1170 4212 sacrae
1206 4163 1507 4227 scripturae

421 4237 557 4288 locis
598 4233 817 4283 minime
865 4230 1087 4280 dubium
1133 4246 1253 4281 esse
1299 4237 1507 4284 censet.

424 4307 529 4369 Qui
567 4303 709 4353 idem
746 4299 911 4352 Belus
947 4315 1185 4351 summus
1223 4302 1356 4352 deus
1399 4318 1509 4353 una

422 4391 546 4426 cum
565 4374 777 4424 Venere
806 4370 1044 4440 omnium
1078 4370 1340 4421 bonorum
1365 4372 1511 4438 prin·

423 4459 550 4512 ceps
591 4447 757 4512 atque
796 4443 988 4493 auctor
1023 4440 1244 4492 habitus
1280 4457 1513 4494 summa·

1611 768 1714 819 que
1743 754 2049 804 reverentia
2070 752 2250 804 cultus
2277 759 2380 805 est.
2433 754 2568 805 Inde
2587 771 2696 805 am-

1611 822 1908 887 plissimum
1944 839 2009 873 ac
2046 822 2536 888 splendidissimum
2565 831 2696 874 tem·

1607 892 1756 957 plum
1823 899 1979 943 tanto
2038 894 2256 943 numine
2315 893 2561 958 profecto
2617 894 2696 944 di-

1608 978 1804 1026 gnum,
1839 962 2001 1028 quale
2034 963 2346 1012 Herodotus
2378 962 2432 1014 h.
2470 962 2529 1024 l.‚
2566 964 2695 1014 Dio-

1611 1032 1772 1081 dorus
1820 1031 1905 1094 11,
1954 1033 2022 1084 10
2069 1031 2192 1082 coll.
2232 1032 2414 1082 Strab.
2451 1033 2601 1083 XVI.
2637 1049 2691 1098 p.

1609 1101 1711 1152 738
1746 1117 1792 1151 s.
1841 1117 1895 1165 p.
1937 1101 2074 1153 1073
2124 1102 2456 1153 describunt.
2529 1101 2697 1160 Plura

1609 1171 1929 1236 praesertim
1955 1169 2230 1221 Diodorus
2260 1170 2444 1234 addit,
2474 1187 2613 1237 quae
2637 1172 2693 1222 in

1607 1240 1935 1290 Herodoteis
1959 1239 2104 1290 haud
2134 1240 2405 1306 leguntur,
2438 1240 2696 1306 explicita

1608 1310 1678 1360 ab
1728 1310 1963 1361 Gesenio
2009 1309 2045 1360 l.
2087 1308 2125 1359 1.
2171 1326 2224 1374 p.
2273 1310 2396 1362 356.
2468 1311 2698 1361 Praeter

1609 1381 1900 1431 Gesenium
1927 1379 1993 1429 de
2015 1378 2148 1429 Belo
2172 1380 2521 1445 disputarunt
2541 1381 2696 1431 Bert-

1608 1449 1755 1501 hold.
1813 1449 1883 1499 ad
1937 1448 2157 1499 Daniel.
2224 1450 2282 1512 1,
2333 1452 2385 1501 2.
2419 1464 2545 1515 pag.
2596 1451 2696 1502 180

1607 1535 1742 1584 seq„
1768 1521 2046 1570 Hammer.
2072 1519 2130 1568 in
2153 1520 2370 1569 Wiener
2391 1518 2692 1570 Jahrbiich.

1611 1592 1679 1640 X.
1718 1604 1848 1654 pag.
1875 1587 1999 1640 239.
2036 1593 2153 1639 not.
2191 1589 2250 1651 1,
2296 1605 2365 1638 ac
2409 1589 2695 1653 postmodo

1611 1661 1927 1709 Muenterus
1971 1659 2029 1707 in
2073 1657 2211 1708 libro
2256 1659 2321 1708 de
2369 1657 2696 1724 Babylonio-

1611 1744 1730 1779 rum
1798 1727 2063 1793 religione
2124 1727 2474 1794 (Kopenhag.
2536 1727 2693 1793 1827)

1611 1814 1737 1863 pag.
1777 1798 1864 1849 16.
1923 1797 2028 1858 Qui
2063 1795 2210 1845 haud
2245 1798 2359 1846 scio
2392 1812 2464 1846 an
2499 1798 2695 1847 merito

1612 1868 1846 1919 Gesenio
1884 1866 2234 1930 obloquatur,
2270 1865 2464 1916 Belum
2492 1866 2578 1916 vel
2598 1867 2695 1917 So-

1610 1938 1715 1988 lem
1749 1938 1928 2001 ipsum
1970 1934 2059 1984 vel
2105 1940 2251 1985 certe
2288 1934 2429 1985 Solis
2476 1936 2696 2000 genium

1608 2022 1729 2057 esse
1785 2006 2019 2069 indeque
2073 2005 2286 2054 demum
2343 2020 2441 2069 pro
2485 2021 2695 2056 summo

1609 2078 1711 2127 deo
1753 2073 1999 2138 coelique
2044 2074 2262 2124 domino
2308 2074 2514 2125 cultum
2571 2091 2696 2126 con-

1609 2145 1867 2206 tendens,
1917 2143 1973 2192 id
2004 2143 2149 2208 quod
2180 2144 2273 2193 vix
2306 2144 2364 2193 in
2400 2160 2546 2208 eum,
2601 2146 2697 2210 qui

1611 2214 1761 2266 Iovis
1813 2216 2023 2263 tantum
2073 2212 2294 2278 planeta
2340 2215 2414 2264 sit
2454 2213 2694 2278 habitus,

1608 2284 1845 2335 conferri
1892 2284 2150 2348 potuerit.
2232 2283 2429 2349 Itaque
2470 2284 2528 2333 in
2560 2282 2695 2334 Belo

1607 2353 2032 2419 Babyloniorum
2086 2353 2469 2418 antiquissimo
2521 2358 2696 2403 astro-

1604 2424 1822 2474 nomiae
1859 2423 2035 2472 minus
2082 2438 2246 2487 quam
2293 2423 2694 2487 cosmogouiae,

1607 2498 1669 2544 ut
1704 2494 1885 2554 aiunt,
1924 2493 2194 2542 rationem
2233 2491 2536 2542 habendam
2574 2508 2696 2543 esse

1606 2578 1703 2628 per
1740 2566 1916 2611 totum
1955 2561 2219 2611 orientem
2255 2561 2541 2626 vulgatae,
2587 2577 2695 2625 qua

1606 2631 1980 2697 primigeniam
2011 2629 2284 2694 quandam
2317 2635 2549 2679 naturae
2584 2630 2696 2679 vim

1610 2700 1900 2766 dupliciter
1937 2699 2170 2748 divisam
2208 2699 2599 2762 cogitaverint,
2640 2703 2696 2748 et

1610 2771 1923 2838 gignentem
1962 2783 2008 2819 s.
2045 2772 2392 2818 naturantem
2434 2772 2491 2817 et
2525 2768 2695 2819 susci-

1609 2842 1844 2905 pientem
1899 2852 1945 2888 s.
1991 2842 2322 2888 naturatam.
2393 2836 2552 2887 Illam
2595 2854 2693 2902 pro

1609 2909 1737 2961 Sole
1768 2907 2014 2972 coelique
2051 2907 2269 2958 domino
2313 2905 2558 2957 habitam
2593 2909 2696 2957 Be-

1607 2980 1756 3044 lique
1789 2978 2008 3029 nomine
2044 2977 2246 3028 cultam
2277 2977 2403 3027 hinc
2429 2977 2572 3027 inter
2597 2994 2693 3029 nu-

1608 3051 1755 3099 mina
1827 3048 2058 3113 primum
2127 3047 2305 3098 locum
2373 3046 2692 3111 obtinuisse,

1607 3120 1749 3169 hanc
1777 3134 1876 3184 pro
1900 3117 2058 3167 Luna
2088 3117 2423 3183 eandemque
2450 3116 2589 3167 coeli
2614 3134 2695 3168 re-

1607 3191 1789 3255 ginam
1824 3187 2067 3237 habitam
2103 3193 2159 3237 et
2189 3186 2408 3237 cultam.
2482 3187 2590 3237 Sed
2626 3187 2693 3238 de

1608 3274 1675 3309 ea
1708 3259 1851 3308 infra
1884 3256 1953 3307 ad
1977 3258 2022 3318 1,
2069 3256 2182 3307 199.
2256 3257 2401 3307 Hinc
2437 3271 2534 3321 pro
2556 3256 2693 3319 Sole,

1607 3343 1814 3378 summo
1863 3325 1963 3376 deo
2003 3326 2102 3376 Bel
2148 3327 2351 3390 accipit
2385 3325 2687 3375 Palmblad.

1607 3399 1675 3448 de
1710 3396 1822 3447 reb.
1863 3393 2076 3460 Babyll.
2114 3410 2243 3459 pag.
2281 3397 2351 3445 42
2387 3410 2501 3459 seq.
2541 3395 2694 3444 item-

1607 3482 1714 3533 que
1747 3463 1981 3515 Eme'ric.
2020 3464 2235 3513 David:
2277 3463 2486 3527 Iupiter
2523 3463 2597 3513 11.
2637 3479 2689 3527 p.

1608 3537 1709 3588 434
1759 3539 1814 3583 et
1848 3534 2063 3583 Movers
2095 3532 2134 3583 1.
2181 3532 2218 3581 1.
2269 3548 2399 3596 pag.
2441 3531 2541 3582 180
2574 3547 2692 3597 seq.

1608 3603 1725 3657 Beli
1761 3617 1892 3653 vero
1917 3600 2175 3664 templum
2205 3617 2315 3651 non
2341 3599 2493 3650 aliud
2521 3601 2694 3650 fuisse

1608 3680 1774 3740 atque
1791 3671 2038 3722 Nimrodi
2065 3686 2244 3720 arcem
2271 3670 2505 3734 indeque
2528 3671 2693 3720 etiam

1607 3747 1665 3795 in
1724 3739 2050 3793 occidentali
2105 3740 2256 3789 urbis
2302 3743 2489 3803 parte,
2552 3755 2694 3804 quae

1607 3814 1754 3880 prior
1778 3823 2074 3875 sanequam
2095 3809 2201 3859 fuit
2221 3813 2385 3875 atque
2404 3809 2693 3872 vetustior,

1609 3882 1960 3943 collocatum,
1991 3879 2266 3944 persuasit
2301 3879 2458 3928 nobis
2491 3880 2694 3929 Heere-

1607 3955 1762 4014 nius,
1807 3950 2022 4001 Porteri
2068 3948 2233 4015 Angli
2269 3948 2693 4014 peregrinatoris

1608 4020 1944 4087 argumentis
1972 4020 2088 4084 ipse
2115 4019 2328 4070 ductus.
2382 4020 2695 4069 Mousti-ant

1610 4093 1754 4144 enim
1807 4089 1911 4140 hoc
1959 4090 2175 4151 ruinae,
2233 4104 2374 4154 quae
2426 4088 2694 4153 hodieque

1611 4164 1904 4227 supersunt
1973 4159 2454 4224 testimoniumque
2524 4161 2693 4210 edunt

1612 4232 1861 4283 omnibus
1893 4230 2017 4280 aliis
2047 4230 2223 4280 maius
2260 4235 2426 4294 atque
2455 4227 2688 4285 firmium

1609 4303 1762 4353 locus
1813 4316 1957 4351 nunc
2011 4304 2241 4350 vocatur
2286 4300 2412 4349 Birs
2464 4297 2694 4360 Nimrud,

1613 4373 1839 4423 duarum
1864 4371 1978 4421 fere
2004 4370 2257 4420 horarum
2282 4367 2461 4433 spatio
2481 4366 2693 4417 distans

1615 4444 1683 4494 ab
1719 4441 1919 4509 oppido
1953 4438 2104 4491 Hilla
2138 4438 2415 4489 meridiem
2447 4431 2696 4489 occiden-
