3109 5092
1279 359 1534 421 CLIO.
1579 361 1632 420 Ι.
1672 369 1797 424 208.
2546 359 2669 420 415

395 529 612 602 ὀπίσω
640 529 1038 619 φεύξονται,
1065 528 1217 601 ἀλλ’
1251 530 1360 603 ἐπ’
1391 530 1596 622 ἀρχὰς
1621 530 1739 613 τὰς
1764 530 1884 613 σὰς
1925 537 2146 604 ἐλῶσι.
2225 539 2437 605 νικών
2473 534 2549 604 δὲ
2589 529 2671 604 οὐ

397 641 589 728 νικᾷς
614 639 955 721 τοσοῦτον,
988 632 1148 706 ὅσον
1179 644 1243 706 εί
1266 634 1505 725 διαβὰς
1532 639 1599 715 ἐς
1627 634 1752 724 τὴν
1783 639 2098 723 ἐκείνων,
2140 644 2353 707 νικῶν
2383 647 2668 706 Μασσα-

399 743 628 828 γέτας,
657 742 845 809 ἕποιο
876 738 1240 826 φεύγουσι·
1316 736 1533 810 τώυτὸ
1575 737 1705 828 γὰρ
1734 737 2080 830 ἀντιθήσω
2123 746 2394 835 ἐκείνῳ,
2435 737 2534 810 ὅτι
2564 769 2665 810 νι-

399 843 606 932 κήσας
658 840 815 923 τούς
869 839 1353 932 ἀντιουμένους
1395 846 1546 934 ἐλᾷς
1602 840 1726 912 effi)
1767 849 1884 931 τῆς
1910 842 2113 934 ἀρχῆς
2153 851 2268 934 τῆς
2320 842 2667 933 Τομύριος.

401 953 624 1038 Χωρίς
648 974 723 1015 τε
749 951 872 1015 τοῦ
897 942 1332 1036 ἀπηγημένου
1382 945 1662 1036 αἰσχρὸν
1689 947 1799 1016 καὶ
1841 944 1965 1017 οὐκ
1993 946 2395 1044 άνασχετρν,
2438 946 2674 1036 Κῦρόν

401 1077 479 1137 γε
529 1048 649 1120 τὸν
691 1050 1075 1138 Καμβύσεω
1129 1052 1402 1138 γυναικὶ
1459 1053 1728 1132 εἴξαντα
1779 1045 2213 1143 ὑποχωρῆσαι
2265 1057 2381 1141 τῆς
2432 1052 2670 1140 χώρης.

403 1159 563 1223 Νῦν
587 1146 684 1222 ὦν
712 1181 821 1241 μοι
854 1157 1072 1223 δοκέει
1103 1153 1464 1242 διαβάντας
1494 1162 1885 1240 προελθεῖν,
1914 1153 2077 1226 ὅσον
2105 1152 2191 1226 ἂν
2219 1158 2465 1226 ἐκεῖνοι
2492 1158 2669 1236 διεξ-

402 1262 591 1340 ίωσι,
645 1259 971 1325 ἐνθεῦτεν
1013 1258 1088 1326 δὲ
1122 1258 1282 1326 τάδε
1327 1262 1683 1336 ποιεῦντας
1725 1265 2112 1347 πειρᾶσθαι,
2160 1263 2440 1330 ἐκείνων
2482 1286 2668 1348 περι-

401 1363 742 1447 γενέσθαι.
828 1355 915 1439 ώς
943 1359 1071 1448 γὰρ
1099 1357 1231 1449 ἐγώ
1264 1360 1697 1449 πυνθάνομαι
1715 1411 1734 1445 ,
1764 1367 2203 1451 Μασσαγέται
2233 1365 2359 1432 είσὶ
2391 1359 2676 1449 ἀγαθῶν

402 1489 476 1532 τε
505 1466 866 1552 Περσικῶν
904 1460 1170 1554 ἄπειροι
1210 1465 1322 1533 καὶ
1362 1470 1592 1534 καλῶν
1643 1463 1957 1552 μεγάλων
1996 1465 2310 1548 ἀπαθέες.
2378 1465 2672 1537 τούτοισι

405 1557 504 1635 aiv
528 1582 700 1636 τοῖσι
729 1563 1015 1654 ἀνδράσι
1032 1620 1051 1654 ,
1079 1573 1217 1637 τών
1248 1567 1608 1656 προβάτων
1634 1563 1968 1655 ἀφειδέως
2011 1568 2224 1641 πολλὰ
2251 1569 2669 1652 κατακόψαν-

405 1697 521 1749 τας
547 1672 660 1740 καὶ
687 1668 1167 1757 σκευάσαντας,
1200 1681 1561 1758 προθεῖναι
1589 1668 1665 1740 ἐν
1690 1677 1787 1763 τῷ
1811 1677 2238 1767 στρατοπέδῳ
2264 1678 2356 1767 τῷ
2379 1669 2673 1765 ἡμετέρῳ

408 1778 631 1842 δαῖτα·
697 1769 861 1861 πρὸς
901 1772 976 1842 δὲ
1021 1776 1131 1843 καὶ
1166 1778 1497 1863 κρητῆρας
1522 1770 1859 1860 ἀφειδέως
1884 1785 2076 1846 οἴνου
2103 1774 2398 1867 ἀκρήτου
2428 1778 2541 1845 καὶ
2567 1796 2670 1844 σι-

405 1883 515 1945 τία
542 1891 846 1945 παντοῖα.
928 1876 1333 1965 ποιήσαντας
1364 1877 1438 1945 δὲ
1465 1881 1695 1961 ταῦτα,
1727 1872 2299 1968 ὑπολειπομένους
2326 1885 2443 1967 τῆς
2469 1898 2671 1966 στρα-

405 1985 551 2067 τιῆς
595 1976 671 2047 τὸ
710 1979 1212 2068 φλαυρότατον,
1269 1977 1426 2060 τούς
1469 1978 1745 2059 λοιποὺς
1805 1973 1994 2063 αὖτις
2042 1979 2522 2071 εξαναχωρέειν
2564 1979 2673 2050 ἐπὶ

403 2082 523 2152 τὸν
553 2081 872 2170 ποταμόν.
954 2078 1040 2172 ἢν
1066 2111 1194 2173 γαρ
1223 2079 1355 2171 ἐγω
1385 2081 1654 2172 γνώμης
1681 2081 1771 2173 μὴ
1797 2078 2099 2174 ἁμάρτω,
2131 2102 2342 2156 κεῖνοι
2372 2085 2673 2175 ἰδόμενοι

405 2182 635 2271 ἆγαθα
664 2183 909 2271 πολλὰ,
949 2189 1314 2275 τρέψονταί
1339 2214 1410 2256 τε
1453 2184 1618 2276 πρὸς
1643 2185 1853 2274 αὐτα,
1894 2192 2007 2260 καὶ
2048 2185 2209 2280 ἡμῖν
2233 2188 2309 2258 τὸ
2352 2186 2677 2259 ἐνθεῦτεν

408 2296 705 2360 λείπεται
734 2284 1045 2371 απόδεξις
1079 2295 1301 2379 ἔργων
1336 2289 1669 2379 μεγάλων.

552 2397 826 2480 Γνώμαι
851 2391 977 2480 μὲν
1000 2382 1198 2462 αὗται
1226 2397 1664 2463 συνέστασαν.
1745 2400 1967 2485 Κῦρος
2003 2395 2079 2464 δὲ
2105 2397 2324 2484 μετεὶς
2348 2393 2474 2483 τὴν
2505 2421 2668 2484 προ-
2688 2396 2812 2460 208

478 2589 565 2651 ὅτι
611 2592 860 2682 νικήσας
892 2595 1028 2661 τούς
1077 2594 1491 2684 ἀντιουμένους

408 2661 537 2740 έλας
574 2664 680 2721 ἰθὺ
717 2670 817 2734 τῆς
852 2662 1051 2738 αρχῆς]
1080 2664 1492 2738 ἀντιουμένους

407 2721 612 2791 ds‘bent
649 2740 840 2807 optimi
882 2744 1080 2808 quique
1117 2743 1351 2804 codices,
1395 2743 1492 2793 mi-

408 2810 552 2860 nime
610 2811 700 2861 hic
753 2812 1059 2874 spernendi.
1134 2812 1278 2863 Olim
1331 2805 1491 2863 ἐναν-

406 2871 767 2944 τιουμένους,
804 2881 948 2944 quod
981 2883 1375 2948 Wesselingius
1413 2897 1492 2931 re·

408 2949 601 3011 tinuit,
647 2953 710 2998 ut
741 2950 865 3013 VII,
910 2951 992 3002 10.
1035 2952 1122 3004 49.
1197 2954 1326 3003 Mox
1369 2967 1492 3002 cum

408 3017 660 3083 Schwgh.
707 3020 974 3082 probante
1018 3021 1250 3073 Bredov.
1298 3039 1352 3088 p.
1391 3021 1490 3071 113

409 3105 439 3137 e
480 3087 797 3138 Florentino
850 3090 972 3140 cod.
1021 3091 1338 3156 scripsimus
1383 3082 1490 3140 ἰθὺ

409 3173 506 3222 pro
529 3151 687 3220 ἰθὺς,
725 3162 781 3207 et
809 3159 866 3208 in
900 3174 1049 3225 seqq.
1091 3158 1309 3225 Κῦρον,
1348 3161 1492 3210 abie-

410 3232 500 3276 cto
535 3227 767 3277 articulo
809 3220 935 3292 τὸν,
994 3230 1088 3294 qui
1131 3230 1297 3295 vulg-o
1344 3243 1494 3294 prae·

409 3296 622 3360 positus
657 3296 873 3361 leg-itur,
912 3297 1008 3348 sed
1043 3298 1304 3350 eduobus
1331 3298 1490 3349 codd.

407 3371 554 3416 recte
587 3367 764 3417 abest.
822 3366 1003 3417 Verba
1023 3364 1196 3434 χωρὶς
1219 3366 1322 3418 τοῦ
1345 3360 1492 3432 ἀπη-

408 3427 660 3500 γημένου
695 3437 914 3501 passivo
962 3452 1126 3487 sensu
1165 3439 1488 3503 accipenda:

401 3513 620 3568 praeter
663 3507 741 3562 id.
786 3507 922 3570 quod
962 3509 1245 3570 expositum
1279 3519 1382 3568 εει,
1430 3510 1491 3556 ut

409 3589 630 3639 prorsus
650 3574 746 3636 IX,
774 3576 862 3627 26.
920 3576 1063 3641 Apte
1084 3576 1292 3627 monuit
1312 3576 1491 3625 Kueh-

409 3644 636 3694 nerGr.
678 3643 772 3694 Gr.
812 3647 862 3706 ξ.
910 3643 1033 3707 403,
1073 3647 1124 3707 4,
1162 3660 1217 3695 α.
1279 3644 1492 3710 Adge-

408 3713 571 3762 nitivi
609 3717 938 3764 structuram
981 3711 1085 3778 τῆς
1118 3707 1309 3779 χώρης
1345 3714 1489 3765 conf.

411 3782 489 3845 ΙΙ,
527 3781 612 3845 80,
650 3796 717 3831 ne
753 3782 928 3847 plura.

479 3848 807 3916 πειρᾶσθαι,
823 3843 1059 3902 ἐκείνων
1071 3841 1495 3916 περιγενέσθαι]

408 3918 587 3984 Vulgo
633 3918 1047 3984 περιγίνεσθαι.
1133 3919 1292 3982 Quod
1344 3935 1497 3984 repo-

409 3989 645 4050 suimus,
691 3987 818 4039 libri
854 3991 1043 4055 optimi
1080 3990 1302 4039 dabant.
1366 3989 1496 4039 Sen-

407 4059 584 4109 tentia
621 4058 807 4110 Croesi
839 4060 975 4110 haec
1004 4064 1109 4110 est.
1148 4073 1290 4108 nunc
1329 4058 1496 4121 igitur

408 4126 540 4176 mihi
585 4127 830 4191 videtur,
880 4129 1108 4178 traiecto
1157 4126 1321 4177 fluvio
1375 4131 1493 4176 tan-

409 4204 524 4246 tum
542 4197 1000 4262 progrediendum
1030 4212 1167 4257 esse,
1207 4199 1493 4261 quantum·

409 4280 637 4331 cumque
671 4264 752 4315 illi
786 4267 1141 4326 recesserint,
1189 4264 1314 4314 inde
1360 4279 1492 4313 vero

407 4335 540 4385 haec
578 4335 835 4385 faciundo
871 4333 1223 4396 tentandum,
1274 4338 1336 4382 ut
1371 4332 1492 4382 illos

410 4416 745 4468 superemus.

1662 2593 1913 2652 τούτοισι
1961 2590 2043 2652 ών
2082 2605 2230 2653 τοισι
2275 2594 2518 2668 ἀνδράσι
2562 2599 2677 2653 τῶν

1592 2664 1899 2738 προβάτων
1942 2689 1993 2722 κ.
2039 2688 2087 2722 τ.
2135 2672 2207 2739 λ.]
2254 2674 2502 2724 Pendent
2544 2674 2679 2724 haec

1595 2742 1664 2792 ab
1710 2742 2185 2822 antecedentibus,
2233 2743 2321 2793 hic
2375 2748 2555 2793 mente
2598 2758 2680 2792 re-

1594 2812 1871 2889 petendis.
1933 2810 2041 2860 νῦν
2085 2800 2168 2860 ών
2212 2827 2308 2876 μοι
2355 2804 2558 2862 δοκέει.
2607 2842 2675 2850 -—-

1595 2874 1855 2947 πρόβατα
1891 2897 2029 2946 quae
2066 2881 2206 2945 sint,
2255 2884 2559 2932 monuimus
2605 2881 2678 2931 ad

1594 2952 1641 3011 Ι,
1705 2950 1823 3002 133.
1876 2952 1961 3005 Gr.
2022 2951 2234 3002 confert
2288 2954 2541 3003 Eustath.
2608 2951 2679 3002 ad

1595 3020 1798 3102 Odyss.
1834 3022 1901 3083 X,
1937 3020 2165 3072 82-85.
2202 3038 2329 3087 pag.
2366 3021 2471 3074 384
2506 3021 2679 3074 Basil.

1593 3082 1697 3154 ἀφ.
1686 3058 1901 3147 ‘'tds'mc
1919 3089 2186 3158 (largiter)
2233 3092 2482 3143 consulto
2532 3107 2682 3156 repe-

1594 3161 1756 3210 titum
1794 3175 1913 3209 esse
1954 3166 2127 3227 patet.
2200 3162 2282 3211 De
2327 3163 2478 3212 vocis
2515 3161 2680 3226 sigui-

1575 3229 1850 3290 ,ficetione
1885 3231 2032 3281 conf.
2051 3231 2236 3281 Ueteri
2272 3231 2341 3281 ad
2367 3230 2518 3282 Plut.
2545 3231 2679 3282 Con·

1595 3299 1758 3349 solat.
1797 3298 2050 3378 Aponon.
2088 3316 2142 3363 p.
2185 3299 2301 3351 100.

1664 3366 1910 3416 λείπεται
1958 3359 2230 3428 ἀπόδεξις
2285 3363 2466 3430 ἔργων
2510 3357 2676 3432 μεγά-

1594 3435 1730 3501 λων]
1771 3437 1809 3486 i.
1846 3452 1894 3487 e.
1933 3436 2137 3486 dabitur
2159 3439 2357 3487 occasio
2384 3451 2563 3516 magna
2594 3437 2680 3498 sa-

1594 3508 1769 3558 cinara
1814 3506 2013 3558 edendi.
2094 3507 2182 3556 De
2224 3520 2359 3555 voce
2406 3497 2680 3587 ἀπόδεξις

1594 3574 1830 3624 vidimus
1878 3575 1947 3625 acl
2007 3591 2038 3624 ο
2080 3575 2183 3624 eris
2227 3574 2524 3624 Herodotei
2580 3574 2679 3622 ini-

1594 3644 1751 3695 tium.
1793 3674 1865 3682 —
1899 3644 1983 3694 Ad
2052 3636 2284 3708 δόμενοι
2332 3642 2390 3692 in
2437 3644 2679 3708 proxime

1596 3712 2042 3764 antecedentibus
2064 3712 2207 3763 conf.
2233 3713 2467 3765 BredOV.
2485 3730 2538 3778 p.
2554 3711 2677 3763 305.

1928 3887 2059 3936 Cn.
2097 3883 2349 3935 CCVIII.

1668 3986 1901 4052 Γνώμαι
1931 3981 2053 4066 μὲν
2086 4001 2255 4035 αυται
2305 3975 2674 4049 συνέστασαν]

1596 4057 1776 4106 Verbo
1810 4049 2160 4105 συνέστασαν
2198 4058 2491 4106 contrarias
2509 4072 2551 4105 s
2589 4071 2680 4118 op·-

1592 4127 1788 4188 positas
1824 4126 1966 4175 inter
2010 4141 2071 4175 se
2114 4125 2347 4175 indicari
2387 4126 2681 4182 sententias,

1594 4195 1651 4242 in
1692 4208 1856 4243 unum
1890 4193 1978 4244 hic
2013 4196 2171 4260 quasi
2208 4194 2461 4255 collatas,
2497 4197 2680 4244 monet

1594 4263 1923 4326 wesseling.
1949 4262 2245 4328 laudatque
2270 4263 2365 4323 IV,
2398 4231 2514 4313 132.
2553 4263 2679 4323 VII,

1600 4330 2183 4393 142.V111,79.1-3t
2212 4331 2447 4381 conferri
2441 4346 2681 4409 quoque

1596 4396 1796 4463 poterit
1833 4395 1881 4460 1,
1918 4398 2041 4450 214.
2069 4397 2288 4448 —Mox
2323 4392 2465 4448 κατὰ
2490 4399 2681 4452 Ionum
