3109 5092
453 394 567 458 124

1314 378 1851 452 HERODOTI

445 574 656 639 ταῦτα
695 571 1220 657 παραινέσαντος
1257 570 1597 648 Χίλωνος,
1653 571 2019 633 πείθεσθαι
2062 566 2298 634 θέλειν
2338 564 2456 636 τὸν
2499 560 2726 635 Ἰππο-

448 673 694 762 κράτεα
712 694 726 707 ·
783 676 1104 759 γενέσθαι
1130 673 1202 737 οἰ
1234 664 1398 762 μετὰ
1423 671 1633 735 ταῦτα
1658 665 1776 737 τὸν
1803 676 2289 755 Πεισίστρατον
2318 674 2563 753 τοῦτον,
2574 720 2591 750 ,
2635 666 2729 749 ὃς,

447 775 937 858 στασιαζόντων
966 778 1103 842 τῶν
1135 770 1457 859 παράλων
1483 771 1595 839 καὶ
1623 776 1761 839 τῶν
1798 774 1870 839 ἐκ
1900 776 2020 840 τοῦ
2049 778 2288 841 πεδίου
2323 769 2730 859 Ἀθ-ηναίων,

448 881 724 948 καὶ-τῶν
751 878 875 966 μὲν
900 879 1353 966 προεστεῶτος
1386 875 1780 959 Μεγακλέος
1816 879 1937 943 τοῦ
1971 871 2453 963 Ἀλκμαίωνος,
2492 880 2630 944 τῶν
2658 874 2734 943 δὲ

449 987 523 1053 ἐκ
564 987 685 1052 τοῦ
733 985 970 1050 πεδίου
1011 976 1416 1065 Λυκούργου
1460 981 1581 1045 τοῦ
1620 973 2164 1066 Ἀριστολαΐδεω,
2221 977 2735 1066 καταφρονήσας

452 1184 536 1248 gis
571 1182 832 1233 remorari
869 1181 1031 1232 debet
1063 1180 1353 1243 abruptum
1379 1176 1541 1227 sicui

451 1254 733 1317 videbitur
762 1250 977 1300 dicendi
1011 1264 1203 1315 genus.

506 1312 937 1402 στασιαζόντων
980 1316 1095 1366 τῶν
1128 1307 1412 1399 παράλων
1446 1310 1542 1364 καὶ

452 1405 567 1441 των
615 1382 675 1439 ἐκ
723 1387 830 1438 τοῦ
879 1384 1087 1437 πεδίου
1128 1378 1452 1449 Ἀθηναίων
1488 1399 1539 1432 κ.

454 1476 501 1509 τ.
549 1457 621 1524 λ.]
674 1460 1044 1511 Memorantnr
1090 1460 1202 1506 tres
1253 1454 1541 1514 factiones,

456 1529 653 1611 quibus
684 1527 970 1578 Pisistrati
1006 1531 1189 1576 aetate
1207 1525 1393 1575 Attica
1432 1523 1544 1573 suc-

452 1598 525 1648 rit
559 1597 756 1659 divisa,
794 1595 998 1657 Parali‚
1035 1595 1277 1655 Pediaei,
1313 1593 1541 1643 Diacrii.

453 1667 579 1718 vid.
616 1672 859 1717 veterum
882 1666 1207 1749 scriptorum
1232 1663 1547 1713 testimonia

455 1738 598 1801 apud
645 1737 941 1788 Meursinm
990 1736 1048 1784 in
1094 1734 1373 1785 Pisistrat.
1422 1749 1542 1798 cap.

453 1809 563 1870 111,
626 1822 692 1857 ac
725 1804 1093 1871 ’potissimum
1142 1803 1290 1855 Plut.
1356 1802 1541 1852 Solon.

457 1892 578 1942 cap.
630 1876 711 1928 13.
771 1875 1025 1939 l9.pag.
1084 1872 1542 1926 85.94.80h01.

455 1946 732 2011 Aristoph.
778 1947 945 2008 Vesp.
1009 1942 1166 1995 1218.
1242 1941 1349 2004 Qui
1405 1942 1545 1991 enim

453 2016 665 2067 Diacrii
702 2015 771 2065 ab
810 2015 933 2067 aliis
957 2019 1241 2074 vocantur,
1262 2012 1543 2062 Herodoto

454 2089 583 2134 sunt
620 2083 976 2149 Hyperacri13
1012 2082 1069 2131 hi
1114 2081 1380 2138 favebant
1414 2080 1546 2131 libe-

456 2168 550 2202 rae
596 2152 673 2202 rei
726 2152 975 2217 publicae
1034 2151 1218 2216 generi
1265 2165 1309 2198 s.
1364 2148 1545 2200 demo-

456 2222 693 2282 cratiae,
753 2220 977 2271 Pediaei
1019 2219 1361 2283 optimatium
1407 2219 1548 2282 regi-

457 2291 609 2349 mini,
662 2289 851 2341 Parali
887 2290 1115 2341 mixtum
1161 2286 1432 2352 quoddam
1466 2286 1548 2336 rei

458 2360 710 2426 publicae
776 2374 946 2423 genus
1017 2357 1400 2421 sequebantur.
1474 2357 1592 2405 Et.

460 2432 653 2480 mirum
693 2433 794 2489 est,
834 2431 1170 2493 quantopere
1204 2425 1309 2475 hae
1355 2424 1548 2474 factio-

458 2515 554 2549 nes
611 2467 941 2549 convehiant
995 2511 1117 2547 cum
1170 2495 1398 2560 antiqua
1458 2495 1551 2543 tri-

456 2569 621 2619 buum
648 2568 915 2618 divisione
934 2571 1112 2617 terrac
1133 2566 1368 2616 Atticae.
1389 2565 1552 2614 Nam-

458 2652 564 2704 que
609 2641 831 2688 auctore
884 2635 1107 2687 Polluce
1156 2634 1441 2701 (V111,9.
1497 2637 1547 2696 ξ.

463 2708 579 2759 109.
637 2706 759 2773 110)
810 2706 910 2757 sub
959 2706 1200 2773 Cecrope
1246 2720 1374 2769 rege
1422 2718 1551 2769 qua-

459 2782 585 2829 tuor
630 2777 781 2828 fuere
833 2773 1010 2855 φῦλαι
1070 2791 1115 2826 s.
1174 2774 1380 2824 tribus:
1445 2773 1549 2821 Ks-

460 2841 693 2910 κροπὶς,
726 2836 1060 2909 αὐτόχθων,
1098 2834 1332 2903 ἀκταία,
1370 2854 1551 2902 παρα-

461 2913 570 2974 λία,
636 2915 734 2963 sub
791 2915 1004 2964 Cranao
1064 2910 1252 2962 itidem
1354 2916 1552 2960 uatuor

460 2983 770 3033 nominibus
819 2982 1072 3032 mutatis:
1123 2980 1322 3041 Κρανα
1354 2994 1409 3039 ς,
1442 2971 1551 3027 Ἀτ-

462 3046 563 3107 θὶς
600 3043 1159 3115 μεσόγαια,διακρίς.
1196 3048 1315 3099 Iam
1350 3048 1551 3098 tribum

461 3118 749 3181 παραλίαν
798 3124 852 3169 et
903 3114 1172 3181 διακρίδα
1219 3117 1438 3168 easdem
1474 3132 1553 3166 re-

463 3189 652 3254 giones
679 3189 940 3248 tenuisse,
961 3202 1097 3251 quas
1136 3186 1422 3250 postmodo
1450 3187 1553 3236 Pa-

462 3258 564 3308 rali
584 3264 748 3335 atque
767 3257 996 3319 Diacrii,
1021 3257 1113 3305 vix
1133 3256 1379 3314 dubium·
1400 3256 1555 3306 item-

463 3343 569 3393 que
602 3319 912 3392 μεσόγαιαν
942 3341 1061 3377 eam
1080 3316 1274 3387 inisse,
1290 3291 1384 3374 nbi
1408 3330 1555 3389 post-

464 3412 531 3448 ea
559 3396 864 3448 habitarint
891 3395 1143 3455 Pediaei3
1184 3394 1384 3459 quippe
1426 3410 1556 3459 quo·-

461 3482 580 3517 rum
632 3471 807 3517 terras
857 3466 1004 3515 arvis
1051 3480 1119 3514 ac
1163 3464 1385 3528 pascuis
1431 3480 1555 3514 con-

462 3536 680 3601 spicuas
713 3537 885 3587 fuisse
914 3539 1143 3585 narrant
1164 3533 1361 3584 Suidas
1390 3538 1555 3597 atque

462 3606 847 3671 Harpocratio.
899 3604 1059 3656 Unde
1112 3602 1402 3655 admodum
1446 3619 1556 3653 cre·

464 3674 630 3726 dibile
665 3676 744 3739 fit,
784 3690 878 3725 eos
916 3675 1064 3739 ipsos
1105 3674 1278 3723 fuisse
1312 3671 1554 3735 locuple-

463 3747 547 3793 tes
593 3744 827 3809 indeque
881 3742 1092 3793 nobiles
1147 3743 1288 3793 inter
1335 3741 1553 3791 Atticae

465 3812 701 3874 incolas,
741 3812 1140 3876 optimatesque
1184 3811 1403 3861 Atticae
1437 3812 1555 3860 iure

466 3879 574 3929 dici
609 3894 789 3943 posse.
839 3881 1051 3941 Quibus
1091 3880 1332 3943 oppositi
1368 3878 1554 3928 dicun-

464 3953 555 3998 tur
597 3948 798 3998 Diacrii
847 3962 912 4009 s.‚
963 3952 1025 3997 ut
1078 3948 1390 3998 Herodotus
1440 3963 1558 4003 eos—

465 4017 587 4067 dem
634 4015 901 4082 appellat‚
947 4006 1363 4077 ὑπερακρίους,
1419 4032 1555 4081 quos

464 4086 729 4136 montium
772 4083 981 4135 incolas
1028 4083 1202 4133 fnisse
1244 4083 1422 4147 ipsum
1459 4100 1559 4135 no-

466 4170 589 4206 men
625 4156 761 4205 satis
799 4153 1029 4203 indicat.
1091 4151 1319 4202 Accedit
1352 4152 1559 4215 Diony-

466 4226 582 4275 sius
618 4222 801 4274 Halic.
840 4222 1066 4301 Antiqq.
1115 4221 1423 4300 Romm.1,
1465 4223 1554 4273 13:

464 4331 500 4357 ,.
485 4284 786 4373 ,ἀρχαϊκὸν
832 4283 896 4341 τὸ
946 4289 1298 4369 φιλοχωρειν
1333 4278 1555 4370 ὄρεσιν·

465 4354 557 4422 ὡς
600 4353 1091 4424 ὑπερακρίους
1148 4349 1349 4414 τινὰς
1392 4349 1558 4424 Ἀθή-

464 4446 614 4499 νῃσι.
621 4430 659 4460 “
693 4433 875 4496 Quare
892 4428 1148 4480 Palmerii
1174 4427 1414 4479 rationes
1437 4445 1558 4493 pro-

1643 1178 1775 1228 bare
1785 1192 2013 1243 nequeo,
2036 1168 2423 1241 ὑπερακρίους
2436 1192 2630 1227 nomen
2648 1193 2738 1227 ac-

1645 1248 1856 1311 cepisse
1893 1249 2186 1297 statuentis
2209 1264 2320 1297 non
2339 1253 2454 1296 tam
2486 1263 2519 1296 a
2542 1247 2736 1297 monti-

1643 1318 1764 1380 bus,
1801 1318 1860 1366 in
1898 1318 2094 1395 quibus
2129 1316 2527 1397 habitaverint,
2576 1331 2736 1382 quam

1645 1387 1714 1436 ab
1754 1402 1836 1446 eo,
1874 1386 2017 1451 quod
2055 1376 2200 1449 ὑπὲρ
2247 1400 2448 1449 ακραν,
2488 1387 2524 1437 i.
2563 1402 2611 1437 e.
2652 1401 2741 1435 su-

1645 1471 1743 1520 pra
1789 1456 2014 1506 Sunium
2071 1456 2527 1521 promontorium,
2579 1456 2739 1506 sedes

1645 1525 1952 1575 habuerint.
2008 1522 2133 1574 Vid.
2181 1526 2448 1576 Exercitt.
2496 1525 2552 1574 in
2598 1531 2737 1576 vett.

1649 1599 1820 1645 auctt.
1860 1610 1988 1659 pag.
2015 1593 2048 1644 3
2069 1610 2221 1659 seqq.
2248 1591 2430 1645 'Sedes
2455 1610 2585 1645 vero
2608 1596 2739 1645 Dia-

1647 1664 1880 1714 criorum
1917 1681 1951 1714 a
1987 1666 2266 1715 Braurone
2302 1679 2476 1729 nsque
2513 1663 2581 1712 ad
2608 1665 2741 1715 Par·

1647 1748 1836 1783 nesum
1892 1738 2130 1784 montem
2183 1734 2512 1798 pertinuisse
2557 1739 2742 1785 monet

1648 1802 1955 1868 Hesychius
1993 1819 2036 1854 s.
2073 1819 2128 1854 v,
2145 1820 2157 1832 ·
2197 1819 2338 1870 quae
2363 1803 2485 1869 ipsa
2516 1809 2600 1853 est
2635 1809 2741 1853 ter-

1647 1888 1742 1921 rae
1782 1873 2001 1923 Atticae
2045 1888 2170 1937 pars
2227 1874 2419 1939 utique
2463 1874 2740 1924 montibus

1648 1941 1850 2021 magis
1871 1941 2080 2002 obsita,
2139 1957 2300 2006 quam
2362 1943 2559 1993 Strabo
2608 1943 2743 1993 dicit

1650 2001 1903 2073 ορεινήν.
1942 2013 2082 2062 Utut
2118 2017 2219 2073 est,
2258 2012 2316 2061 hi
2337 2012 2550 2063 Diacrii
2586 2017 2744 2063 erant

1649 2094 1941 2146 pauperes,
1999 2081 2177 2146 iisque
2235 2082 2348 2131 fere
2393 2084 2741 2142 conveniunt,

1649 2151 1742 2213 qui
1795 2147 1972 2213 θῆτες
2014 2156 2309 2214 vocantur,
2348 2151 2623 2202 inferioris
2662 2151 2743 2200 1111

1650 2219 1863 2282 quidem
1911 2219 2146 2281 ordiniS,
2192 2219 2563 2304 divitibusque
2617 2236 2744 2272 aere

1651 2287 1831 2337 alieno
1867 2288 2088 2337 obnoxii
2134 2288 2479 2354 plerumque
2496 2306 2562 2339 ac
2598 2290 2744 2343 servi

1649 2356 2051 2421 propemodum.
2091 2358 2250 2408 Unde
2281 2372 2391 2409 non
2424 2360 2616 2409 mirum
2655 2359 2746 2409 de-

1654 2425 1954 2475 mocratiae
1988 2424 2112 2475 illos
2160 2427 2392 2483 favisse3
2445 2444 2580 2494 quos
2616 2428 2747 2478 inde

1657 2510 1796 2558 eum,
1835 2495 1928 2559 qui
1960 2496 2303 2558 tyrannidem
2328 2497 2629 2558 affectaret,
2652 2514 2745 2562 po-

1653 2564 1924 2614 tissimum
1960 2566 2160 2615 sectari
2195 2582 2295 2629 par
2338 2572 2476 2618 erat.
2537 2568 2678 2617 Nam
2718 2583 2747 2616 e

1653 2632 2030 2684 huiuscemodi
2065 2634 2222 2685 liberi
2259 2635 2443 2701 populi
2479 2641 2628 2686 statu
2663 2642 2747 2702 ty-

1652 2703 1935 2753 rannidem
1970 2704 2233 2754 exsistere
2269 2704 2458 2761 solere.
2479 2710 2612 2755 nota
2641 2723 2744 2757 res.

1651 2772 1791 2822 Vide
1814 2779 2013 2835 tamen,
2035 2773 2178 2837 quod
2202 2774 2274 2823 ad
2286 2776 2637 2826 Pisistratum
2663 2781 2748 2826 at-

1654 2843 1813 2904 tinet,
1841 2842 2146 2892 Tittmann.‘
2165 2843 2428 2897 Darstell.
2451 2843 2502 2895 d.
2530 2845 2747 2897 Griech.

1656 2911 1986 2962 Staatsverf.
2037 2927 2165 2977 pag.
2214 2914 2320 2963 530
2366 2928 2478 2977 seq.
2528 2914 2652 2964 coll.
2693 2932 2745 2979 p.

1656 2980 1778 3030 349.
1815 2981 1933 3030 Iam
1961 2981 2125 3031 tertio
2161 2982 2284 3032 loco
2307 2987 2520 3033 restant
2545 2984 2746 3046 Parati,

1655 3050 1879 3100 mixtam
1917 3050 1994 3101 rei
2043 3051 2294 3113 publicae
2330 3053 2560 3102 sormam
2596 3067 2751 3117 prae-

1655 3119 1918 3179 ferentes,
1967 3120 2173 3169 neutris
2218 3121 2452 3181 addicti3
2503 3120 2561 3170 id
2605 3122 2750 3186 quod

1657 3203 1724 3237 ex
1758 3188 1907 3237 vitae
1961 3204 2158 3253 genere
2212 3187 2360 3254 (nam
2406 3191 2750 3256 navigationi

1659 3260 1714 3307 et
1759 3259 2080 3308 commercio
2131 3257 2256 3309 illos
2317 3259 2538 3310 deditos·
2578 3259 2750 3310 fuisse

1657 3324 1743 3375 vel
1780 3326 1906 3376 inde
1942 3331 2112 3391 patet,
2153 3327 2297 3392 quod
2344 3343 2495 3379 oram
2541 3330 2782 3401 mariti--

1657 3409 1801 3445 mam
1860 3397 2220 3462 regionesque
2285 3399 2422 3447 mari
2475 3399 2751 3462 proximM

1659 3464 1940 3530 tenebant)
2005 3467 2205 3530 optime
2273 3466 2533 3531 explicari
2587 3473 2750 3531 posse

1658 3549 1816 3583 nemo
1839 3550 1945 3583 non
1965 3535 2134 3585 videt.
2175 3535 2320 3585 Hinc
2346 3550 2562 3601 quoque
2585 3536 2749 3587 iidem

1660 3604 1937 3653 coniuncti
1975 3605 2031 3654 in
2065 3605 2344 3654 Pisistrati
2391 3605 2553 3655 rebus
2599 3621 2752 3669 repe-

1655 3674 1871 3725 riuntur
1908 3673 2148 3723 eiusdem
2182 3673 2482 3724 adversarii
2508 3689 2628 3724 cum
2651 3676 2752 3725 Pe-

1657 3738 1860 3800 diaeis;
1901 3737 2111 3808 ‘quippe
2153 3743 2313 3793 rebus
2363 3744 2477 3792 suis
2534 3745 2753 3808 opibus-

1660 3826 1764 3875 que
1801 3809 1940 3861 adeo
1977 3817 2143 3878 atque
2182 3812 2389 3862 divitiis
2425 3813 2680 3863 timentes
2720 3830 2755 3864 a

1655 3880 1895 3929 Diacriis
1958 3896 2004 3931 s.
2078 3881 2235 3945 plebe
2298 3897 2534 3947 paupere
2586 3887 2755 3948 atque

1656 3948 1836 4011 inope.
1914 3950 2088 4011 Quam
2143 3950 2200 4000 in
2247 3966 2360 4001 rem
2404 3951 2489 4001 Cr.
2544 3952 2756 4001 consuli

1659 4016 1779 4067 vult
1826 4016 2185 4069 Schoemann.
2231 4018 2299 4069 de
2340 4018 2539 4069 Comit.
2593 4019 2757 4071 Athe-

1662 4086 1864 4136 niense.
1925 4103 1980 4151 p.
2038 4088 2139 4139 343
2191 4104 2307 4153 seq.
2367 4093 2423 4138 et
2478 4087 2755 4140 Platner.:

1661 4156 1919 4220 Beitriige
1969 4172 2017 4206 z.
2069 4158 2369 4208 Kenntniss
2419 4157 2471 4208 d.
2531 4159 2754 4209 attisch.

1661 4223 1883 4274 Rechts.
1921 4241 1976 4289 p.
2014 4226 2149 4290 3sq.
2179 4225 2245 4277 53
2282 4243 2404 4293 sqq.
2436 4227 2578 4278 Add.
2607 4227 2669 4277 C.
2687 4230 2754 4279 F.

1661 4294 1957 4344 Hermann.
1998 4296 2215 4347 Griech.
2249 4296 2663 4346 Staatsalterth.
2703 4301 2754 4360 5.

1661 4360 1889 4415 92—93.
1922 4363 2103 4415 Plass.
2140 4364 2180 4415 1.
2217 4363 2258 4415 l.
2295 4381 2421 4430 pag.
2465 4366 2586 4417 178.

1730 4425 2282 4496 καταφρονήσας
2340 4429 2448 4498 τὴν
2491 4432 2760 4499 τυραννί-
