3109 5092
1026 356 1526 417 EUTERPE.
1574 356 1659 415 11.
1704 365 1793 418 55.
1838 365 1926 420 56.
2486 354 2610 414 557

343 532 418 599 ἐκ
448 530 731 615 Θηβέων
769 533 910 597 τῶν
941 531 1374 614 Αἰγυπτιέων
1403 524 1906 618 ἀναπταμένας,
1949 525 2073 617 τὴν
2103 525 2229 616 μὲν
2256 522 2519 596 αὐτέων
2543 528 2610 606 ἐς

342 630 642 720 Λιβύην,
682 628 809 719 τὴν
854 631 928 700 δὲ
969 629 1149 719 παρὰ
1183 634 1397 719 σφέας
1426 627 1810 702 ἀπικέσθαι.
1882 633 2192 719 ἱζομένην
2225 633 2305 699 δέ
2338 657 2457 718 μιν
2499 630 2609 699 ἐπὶ

344 732 567 824 φηγὸν
596 732 1017 816 αὐδάξασθαι
1058 739 1256 823 φωνῇ
1289 732 1728 824 ἄνθρωπηΐῃ,
1770 731 1859 814 ὥς
1887 732 2105 823 χρεων
2148 743 2251 822 εἴη
2288 730 2611 822 μαντήϊον

340 836 586 908 αὐτόθι
614 836 780 918 Διὸς
817 842 1158 925 γενέσθαι.
1247 839 1359 907 καὶ
1389 835 1636 917 αὐτοὺς
1675 833 2049 925 ὑπολαβεῖν
2084 847 2282 906 θετον
2323 835 2494 907 εἶναι
2535 833 2613 905 τὸ

342 942 922 1030 ἐπαγγελλόμενον
970 939 1265 1026 αὐτοῖσι,
1322 948 1441 1011 καί
1473 962 1686 1028 σφεας
1734 943 1809 1011 ἐκ
1842 939 2084 1011 τούτου
2125 945 2459 1046 ποιῆσαιε
2485 936 2610 1027 τὴν

342 1045 414 1114 δὲ
460 1049 527 1125 ἐς
554 1043 710 1125 τούς
736 1051 997 1133 Λίβυας
1035 1047 1392 1133 οἰχομένην
1419 1043 1742 1114 πελειάδα
1772 1048 2042 1131 λέγουσι
2056 1039 2404 1132 ’Ἄμμωνος
2440 1070 2604 1132 χρη-

340 1148 611 1239 στήριον
637 1153 949 1217 κελεῦσαι
975 1146 1131 1228 τοὺς
1159 1155 1416 1236 Λίβυας
1443 1151 1718 1217 ποιέειν.
1783 1153 1920 1217 ἔστι
1951 1147 2026 1217 δὲ
2055 1149 2166 1215 καὶ
2194 1151 2389 1216 τοῦτο
2416 1146 2602 1225 Διός.

343 1256 783 1321 Δωδωναίων
815 1250 889 1320 δὲ
918 1255 995 1319 αἱ
1019 1255 1252 1342 ἱρεῖαι,
1288 1254 1426 1319 τῶν
1454 1255 1538 1340 τῇ
1566 1249 1987 1340 πρεσβυτάτῃ
2019 1247 2275 1338 οὔνομα
2309 1241 2395 1339 ἦν
2417 1258 2602 1339 Προ-

339 1357 609 1443 μένεια,
653 1360 734 1443 τῇ
774 1355 847 1423 δὲ
878 1353 1043 1443 μετὰ
1069 1353 1323 1441 ταύτην
1361 1357 1729 1444 Τιμαρέτη,
1780 1358 1862 1445 τῇ
1898 1354 1970 1423 δὲ
2008 1351 2306 1443 νεωτάτῃ
2341 1351 2602 1422 Νικάν-

261 1463 499 1549 131δρη
517 1509 536 1544 ,
565 1463 798 1544 ἔλεγον
822 1463 1051 1526 ταῦτα.
1096 1457 1613 1545 συνωμολόγεον
1641 1460 1721 1527 δέ
1740 1479 1863 1544 σφι
1891 1458 2005 1526 καὶ
2033 1461 2103 1527 οἰ
2125 1453 2315 1526 ἄλλοι
2341 1460 2603 1528 Δωδω-

341 1576 521 1630 ναῖοι
548 1565 619 1630 οἰ
642 1562 794 1651 περὶ
820 1557 896 1629 τὸ
923 1560 1089 1650 ἱρόν.
1143 1557 1309 1649 Ἐγῶ
1338 1557 1405 1629 δ’
1439 1566 1568 1648 ἔχω
1596 1563 1749 1650 περὶ
1782 1558 2046 1630 αὐτέων
2070 1558 2350 1649 γνώμην
2376 1559 2601 1649 τήνδε.
2620 1569 2701 1630 56

345 1670 406 1733 εἰ
445 1660 750 1752 ἀληθέως
799 1667 869 1732 οἰ
902 1672 1213 1745 Φοίνικες
1252 1662 1576 1752 ἐξήγαγον
1607 1662 1721 1744 τὰς
1748 1662 1893 1755 ἱρὰς
1926 1681 2284 1751 γυναῖκας,
2328 1665 2439 1732 καὶ
2479 1659 2605 1751 τὴν

341 1766 468 1857 μὲν
506 1764 771 1837 αὐτέων
809 1770 877 1846 ἐς
900 1767 1201 1856 Αιβύην,
1240 1765 1365 1856 τὴν
1404 1768 1480 1837 δὲ
1524 1771 1592 1848 ές
1619 1765 1743 1857 τὴν
1761 1764 2043 1837 Ἑλλάδα
2071 1765 2434 1852 ἀπέδοντο,
2489 1771 2603 1834 δο-

341 1976 474 2026 teris
501 1973 607 2041 (11,
630 1977 717 2025 77.
749 1975 845 2038 IV,
880 1975 997 2027 160.
1024 1976 1150 2038 VII,
1184 1974 1327 2039 184),
1364 1976 1421 2024 in
1523 1976 1868 2041 pellabantur
1906 1976 2003 2038 (cf.
2039 1975 2112 2026 ad
2138 1975 2213 2039 11,
2238 1974 2350 2039 57),
2386 1974 2609 2024 nomina

341 2046 538 2111 quibua
582 2046 770 2095 eadem
808 2045 982 2095 forma
1021 2045 1212 2107 obvia,
1258 2059 1421 2111 quam

338 2117 514 2180 ipsam
546 2114 605 2164 in
628 2118 787 2164 tanta
810 2114 1001 2165 talium
1036 2129 1214 2164 rerum
1237 2115 1422 2165 incon-

340 2184 576 2247 stantia,
622 2183 873 2234 omnibus
922 2184 1076 2233 libris
1109 2199 1241 2236 mas.
1279 2184 1423 2234 invi-

337 2256 410 2303 tis
472 2258 685 2304 mutare
717 2252 863 2303 hand
895 2256 1089 2305 ausim.

410 2290 526 2372 ἐστι
560 2315 624 2371 δὲ
655 2317 752 2372 καὶ
784 2320 954 2373 τοῦτο
990 2312 1152 2388 Διός]
1201 2322 1286 2371 Ex
1318 2319 1423 2371 hoe

339 2393 506 2458 igitur
527 2391 648 2442 loco
674 2391 813 2442 satia
838 2393 1186 2443 manifestum
1211 2389 1299 2453 fit,
1335 2390 1422 2439 Io-

339 2477 461 2512 vem
479 2460 833 2514 Dodonaeum
866 2478 933 2514 ex
950 2461 1217 2512 Herodoti
1239 2465 1421 2510 mente

339 2547 448 2582 non
482 2531 649 2581 alium
685 2545 806 2581 eene
841 2537 1007 2598 atque
1031 2531 1217 2582 Iovem
1241 2530 1419 2595 Aegy-

338 2602 575 2667 ptiorum
611 2600 927 2653 Thebanum
977 2601 1070 2663 (de
1120 2614 1224 2665 quo
1269 2599 1416 2649 conf.

341 2670 410 2721 ad
446 2670 531 2733 11,
573 2671 640 2719 42
677 2669 845 2734 nott.)
892 2675 949 2722 et
982 2669 1171 2720 Iovem
1205 2670 1420 2719 Ammo·

340 2740 552 2792 uiorum
616 2737 707 2803 (de
762 2754 868 2805 quo
924 2741 998 2792 cf.
1044 2739 1135 2801 11,
1185 2740 1271 2788 42.
1318 2737 1417 2800 IV,

341 2810 495 2875 181),
541 2808 816 2875 solemque
849 2809 977 2860 inde
1010 2813 1420 2874 repraesentare

339 2878 684 2944 omniumque
734 2894 949 2942 eorum,
997 2893 1138 2944 quae
1184 2876 1317 2927 solie
1365 2876 1422 2925 vi

269 3007 278 3016 ·
340 2947 678 3010 efficiuntur,
715 2952 993 2999 auctorem
1029 2946 1187 3010 ferri,
1237 2945 1422 2997 mundi

339 3018 509 3067 totius
556 3021 610 3067 et
644 3016 1025 3069 fabricatorem
1070 3023 1124 3067 et
1169 3030 1423 3082 procura-

339 3092 540 3137 torem:
604 3086 670 3136 de
733 3102 840 3152 qno
894 3087 1052 3152 plura
1108 3086 1222 3137 vid.
1276 3084 1423 3150 apud

340 3157 595 3206 Creuzer.
634 3153 672 3205 l.
703 3154 738 3206 1.
776 3156 882 3208 111.
927 3172 981 3221 p.
1027 3156 1123 3207 192
1159 3171 1275 3220 seq.
1324 3154 1423 3205 Ar-

340 3225 488 3275 ueth.
517 3241 571 3290 p.
603 3225 684 3278 15.
723 3224 938 3276 Emeric
962 3225 1168 3276 David:
1203 3225 1423 3289 Jupiter

340 3294 386 3346 Ι.
427 3310 481 3359 p.
521 3295 622 3346 123
655 3308 769 3359 seq.

408 3360 775 3414 Δωδωναίων
797 3357 862 3413 δὲ
896 3355 961 3412 αἱ
992 3357 1165 3426 ἱρεῖαι
1199 3378 1250 3412 ιι.
1275 3378 1324 3412 τ.
1347 3359 1419 3428 λ.]

340 3433 547 3484 Auctor
584 3437 670 3483 eat
707 3433 905 3484 Strabo
957 3431 1026 3496 (V
1029 3432 1105 3484 11.
1142 3448 1194 3498 p.
1230 3430 1335 3484 328
1372 3446 1417 3481 a.

340 3518 394 3566 p.
422 3501 556 3567 506)
582 3502 831 3567 primitus
854 3502 1002 3554 viros
1025 3501 1243 3552 oraculo
1270 3515 1423 3568 prae-

341 3571 539 3635 suine,
584 3570 780 3622 deinde
819 3574 932 3622 tree
974 3570 1221 3622 muliere·
1269 3574 1422 3621 vetu-

339 3641 443 3692 lae.
515 3641 706 3706 Neque
750 3638 909 3690 aliter
940 3641 1230 3707 Euripiden
1277 3645 1418 3690 teste

339 3709 525 3761 Schol.
583 3709 654 3760 ad
709 3708 960 3774 Sophocl.
1011 3710 1267 3761 Trachin.
1321 3709 1418 3760 170

335 3788 450 3830 tres
498 3779 710 3830 dixerat
743 3779 985 3840 ‚feminae
1033 3780 1418 3840 vaticinantes,

337 3848 436 3898 alii
480 3850 613 3899 duas
646 3853 968 3913 posuerunt3
1013 3849 1326 3900 Herodotus
1365 3851 1421 3918 ej:

336 3919 457 3983 ipae
492 3921 604 3969 tres
637 3923 800 3968 vocat
823 3916 1164 3970 sacerdotes:
1200 3919 1294 3984 qui
1321 3934 1417 3969 nn-

337 4001 518 4038 merna
551 3987 675 4051 lege
708 3987 1039 4038 constitutus
1073 4004 1141 4039 ae
1166 3991 1417 4053 receptus

339 4056 512 4107 fuisse
553 4053 788 4106 videtur.
860 4055 1024 4107 Plato
1066 4054 1321 4122 (Phaedr.
1358 4073 1415 4123 p.

338 4126 443 4176 244
481 4123 550 4190 B)
595 4123 805 4174 nullum
850 4140 1129 4177 numerum
1174 4126 1419 4179 declarat

335 4193 632 4258 Delphicas
665 4197 720 4244 et
745 4193 1071 4246 Dodonaeae
1106 4197 1421 4250 sacerdotes

336 4262 702 4327 coniungens,
755 4265 884 4313 ‘cum
926 4265 1047 4330 pari
1094 4266 1254 4319 modo
1302 4282 1421 4319 ora-

336 4329 463 4382 cula
487 4330 724 4381 edidisse
749 4331 1056 4385 videantur.
1102 4335 1234 4400 Ipsa
1259 4337 1422 4388 trium

336 4396 684 4451 sacerdotnm
717 4413 763 4449 a.
801 4399 1195 4468 columbarum,
1232 4410 1294 4455 ut
1331 4420 1426 4471 ap-

1521 2046 1668 2095 hand
1714 2047 1890 2096 minus
1942 2046 2182 2111 insignia
2232 2049 2379 2096 sunt.
2466 2045 2607 2094 Nam

1521 2111 1881 2179 Προμένειαν
1925 2115 2153 2166 dixerim
2188 2115 2484 2178 Ρνοοὲάαπι,
2536 2114 2605 2164 ob

1519 2185 1694 2248 ipsam
1740 2200 1920 2235 rerum
1965 2185 2271 2236 futurarum
2320 2183 2607 2235 scientiam

1521 2253 1603 2303 illi
1638 2255 1925 2305 tributam:
1962 2259 2025 2305 ut
2060 2256 2198 2305 adeo
2225 2270 2334 2305 non
2366 2269 2501 2320 opus
2533 2253 2608 2303 ait

1522 2339 1647 2374 eum
1690 2324 2054 2376 Valckenario
2098 2324 2363 2386 scribere,
2419 2323 2608 2373 invitia

1522 2395 1845 2459 praesertim
1879 2393 2032 2444 libris
2069 2394 2316 2459 scriptis,
2358 2389 2605 2458 Πρευμέ-

1524 2477 1712 2524 νειαν,
1769 2465 1806 2514 i.
1847 2479 1896 2514 e.
1933 2463 2260 2524 Benevolam,
2312 2463 2604 2529 Bem'ynam.

1527 2531 1811 2597 Τιμαρέτη
1860 2537 1944 2582 est
1988 2548 2128 2597 quae
2170 2534 2430 2582 virtutem
2476 2531 2609 2583 colit

1522 2602 1812 2667 magnique
1828 2602 2109 2662 aestimat3
2132 2594 2454 2665 Νικάνδρη,
2466 2615 2609 2667 quae

1520 2672 1668 2720 viros
1697 2671 1886 2732 vincit,
1916 2672 1951 2721 i.
1978 2686 2045 2734 e.,
2079 2677 2140 2721 ut
2164 2670 2406 2722 Laaaulx
2424 2685 2549 2735 pag.
2571 2669 2607 2719 8

1523 2739 1670 2804 (297)
1725 2739 2010 2805 intelligit,
2061 2740 2322 2805 innupta,
2383 2740 2609 2806 virgini-

1519 2814 1692 2860 tatem
1727 2823 1977 2859 eervans:
2018 2809 2065 2858 si
2098 2809 2314 2875 quidem
2346 2810 2607 2860 castitate

1519 2880 1776 2929 virtutem
1804 2893 1976 2943 eaque
1998 2879 2118 2943 ipsa
2145 2880 2395 2945 peritiam
2431 2894 2608 2930 rerum

1520 2949 1825 2999 futurarum
1844 2948 2051 3014 acquiri
2069 2955 2495 3000 consentaneum
2513 2948 2606 3001 eit.

1522 3018 1679 3069 Adde
1713 3017 1939 3068 eundem
1958 3034 2012 3083 p.
2039 3019 2103 3071 14
2122 3035 2238 3086 seq.
2276 3020 2605 3070 Dodonaeas

1522 3087 1833 3138 sacerdotes
1855 3103 2070 3154 quoque
2088 3093 2471 3140 commemorat
2483 3089 2607 3139 Phi·

1522 3157 1738 3208 lostrat.
1776 3158 1858 3208 De
1898 3158 2101 3223 imagg.
2137 3160 2224 3222 11,
2261 3159 2329 3212 33
2365 3158 2486 3210 loeo
2523 3161 2606 3208 in·

1523 3226 1669 3293 signi
1703 3227 1771 3277 de
1804 3226 2022 3278 oraculo
2056 3229 2379 3292 Dodonaeo,
2417 3229 2511 3279 ubi
2544 3233 2604 3279 tu

1524 3297 1672 3347 conf.
1704 3297 1918 3347 Iacobo.
1955 3313 2011 3363 p.
2048 3298 2150 3349 565
2186 3313 2338 3363 seqq.

1594 3359 1655 3415 οἱ
1696 3356 1853 3415 ἄλλοι
1889 3362 2231 3417 Δωδωναῖοι
2274 3361 2335 3416 οἱ
2368 3361 2499 3431 περὶ
2539 3358 2604 3414 τό

1519 3427 1672 3500 ἱρόν]
1711 3434 1875 3484 Haud
1909 3435 2024 3485 acio
2061 3450 2131 3486 an
2157 3451 2251 3487 eoe
2279 3434 2607 3485 intellexerit

1522 3503 1729 3555 oraculi
1761 3502 2008 3566 accolae,
2040 3521 2175 3570 quos
2209 3505 2372 3555 Selloe
2405 3519 2450 3555 e.
2479 3504 2605 3553 Hel·

1522 3578 1601 3625 loe
1646 3572 1923 3638 appellant
1971 3578 2139 3638 atque
2189 3573 2457 3636 Tomaros,
2517 3588 2605 3622 aa·

1520 3658 1734 3695 crorum
1758 3641 2173 3694 Dodonaeorum
2210 3644 2486 3694 ministros
2522 3649 2603 3692 at-

1523 3727 1626 3778 que
1672 3712 2016 3775 interpretes.
2086 3713 2173 3762 De
2215 3712 2410 3778 quibus
2446 3710 2603 3776 plura

1522 3783 1771 3834 Oreuzer.
1813 3779 2052 3845 Symbol.
2092 3782 2188 3834 IV.
2227 3797 2282 3847 p.
2322 3782 2446 3834 280.
2478 3781 2601 3833 654.

1517 3850 1761 3902 Laeaulx
1794 3865 1849 3915 p.
1887 3851 1917 3900 7
1956 3863 2077 3917 aeq.

1900 3969 2031 4024 Car.
2070 3971 2218 4022 LVI.

1592 4048 1647 4114 ἐς
1700 4048 1805 4122 τὴν
1843 4045 2086 4105 Ἐλλάδα
2139 4046 2446 4122 ἀπέδοντο]
2519 4058 2604 4108 De

1517 4118 1916 4178 ἀποδίδοσθαι
1964 4122 2224 4192 (vendere)
2280 4126 2353 4178 cf.
2402 4125 2456 4187 Ι,
2511 4127 2599 4177 70.

1517 4196 1606 4248 Ad
1638 4199 2015 4261 argumentum
2052 4195 2159 4246 loci
2194 4195 2340 4246 conf.
2378 4199 2494 4244 not.
2532 4195 2604 4246 ad

1518 4265 1589 4317 ad
1635 4266 1721 4329 11,
1761 4266 1829 4316 52
1867 4263 1963 4316 fin.
2043 4265 2248 4330 Attigit
2289 4262 2605 4315 Herodotea

1520 4336 1672 4388 Theo
1715 4335 2181 4399 Progymuaemm.
2228 4334 2338 4397 VI,
2376 4333 2428 4384 9.
2473 4349 2603 4399 pag.

1519 4407 1590 4459 92
1628 4402 1714 4486 ed.
1751 4402 1953 4456 Finkh.
