3109 5092
1085 338 1594 402 BUTERPE.
1639 340 1725 400 Π.
1769 346 1858 403 78.
1901 347 1991 404 79.

2428 332 2461 345 ““
2554 336 2670 400 601

320 514 729 601 Ιωμέγαθος
753 508 916 581 ὅσον
943 538 1014 581 τε
1047 511 1265 603 πάντη
1295 508 1689 604 πηχυαῖονῆ
1725 520 2048 604 δίπηχυν·
2098 511 2370 595 δεικνὺς
2408 515 2481 584 δὲ
2522 516 2675 586 ἑκά-

398 638 534 710 στῳ
565 620 705 684 τῶν
731 619 1134 704 συμποτέων
1171 620 1352 704 λέγει
1371 639 1386 655 ·
1434 613 1538 698 Ἐς
1574 621 1815 688 τοῦτον
1851 614 2069 707 ὁρέων
2097 621 2255 689 πῖνέ
2275 645 2347 688 τε
2374 620 2487 687 καὶ
2524 622 2673 710 τέρ-

398 747 529 791 πευ
550 742 564 755 ·
615 724 795 789 ἔσεαι
826 716 955 809 γὰρ
983 718 1357 791 ἀποθανών
1386 725 1705 803 τοιοῦτος.
1785 727 2009 791 Ταῦτα
2039 723 2166 812 μὲν
2192 718 2371 813 παρὰ
2400 720 2480 790 τὰ
2501 744 2674 812 συμ-

399 823 601 894 πόσια
639 827 926 894 ποιεῦσι.

543 933 898 1013 Πατρίοισι
947 926 1021 995 δὲ
1068 924 1435 1014 χρεώμενοι
1475 926 1740 1016 νόμοισι
1779 925 1987 998 ἄλλον
2023 924 2273 998 οὐδένα
2312 928 2670 997 ἐπιπνέων·
2691 933 2771 995 79

395 1058 523 1099 ται.
605 1046 774 1099 τοῖσι
817 1026 987 1099 ἄλλα
1023 1055 1096 1098 τε
1132 1027 1369 1112 ἐπάξια
1404 1034 1542 1100 ἐστι
1574 1028 1855 1119 νόμιμα,
1905 1032 2014 1101 καὶ
2054 1028 2139 1120 δὴ
2177 1034 2287 1101 καὶ
2324 1028 2564 1119 ἄεισμα
2599 1032 2676 1099 ἕν
2712 1100 2719 1107 ,

399 1137 571 1219 ἐστι,
619 1139 859 1217 Λίνος,
906 1129 1113 1221 ὅσπερ
1166 1139 1242 1202 ἔν
1287 1160 1360 1202 τε
1404 1141 1691 1223 Φοινίκῃ
1738 1130 2040 1223 ἆοίδιμός
2081 1138 2217 1204 ἐστι
2256 1136 2366 1204 καὶ
2410 1138 2487 1204 ἐν
2527 1131 2673 1202 Κύ-

400 1263 549 1330 πρῳ
603 1239 714 1305 καὶ
750 1234 955 1326 ἄλλῃ,
1011 1234 1177 1306 κατὰ
1214 1239 1444 1324 μέντοι
1484 1244 1696 1307 ἔθνεα
1733 1234 1990 1326 οὕνομα
2039 1242 2208 1326 ἔχει,
2259 1239 2677 1325 συμφέρεται

396 1404 480 1453 vir
516 1404 709 1455 doctus
745 1404 878 1454 mihi
895 1404 1198 1470 persuasit,
1236 1404 1330 1470 qui
1363 1421 1483 1456 cae·

396 1478 574 1525 terum
636 1475 704 1524 de
756 1475 876 1539 ipsa
935 1473 1211 1525 locutione
1265 1473 1484 1540 (γραφῇ

394 1535 803 1608 μεμιμημένον)
840 1543 1087 1609 pluribus
1116 1543 1253 1595 locis
1291 1545 1486 1594 aPau-

395 1613 553 1664 eania
590 1613 856 1664 imitando
894 1628 1152 1678 expressa
1186 1612 1344 1678 plura
1378 1613 1486 1665 col-

394 1683 546 1748 legit.
630 1684 744 1734 Non
798 1683 856 1732 in
902 1682 1151 1734 clausula
1194 1683 1329 1734 illud
1375 1699 1485 1733 mo·

395 1767 646 1803 neamus:
684 1753 789 1802 hoc
821 1768 972 1803 more
1008 1753 1318 1804 universam
1354 1768 1483 1819 gen-

395 1823 466 1873 tis
532 1823 836 1889 Aegyptiae
913 1821 1147 1872 indolem
1215 1822 1477 1873 animum-

395 1907 501 1957 que
535 1907 780 1943 severum
813 1907 878 1942 ac
904 1906 1125 1957 gravem
1162 1893 1362 1956 optime
1390 1891 1478 1943 de·

395 1961 609 2011 clarari.
684 1961 843 2013 Conf.
865 1961 1118 2012 Creuzer.
1152 1962 1209 2011 in
1233 1961 1475 2026 Symbol.

395 2032 471 2081 11.
512 2047 565 2095 p.
597 2031 714 2091 147,
747 2031 838 2095 qui
864 2031 1008 2081 idem
1042 2030 1112 2081 ad
1137 2030 1191 2082 h.
1215 2031 1255 2083 1.
1275 2031 1480 2082 adscri-

392 2067 1348 2166 peit:„Conf.Boettiger:1deen
1384 2117 1480 2151 zur

391 2167 748 2233 Archaeolog.
801 2169 854 2218 d.
903 2169 1093 2220 Maler.
1144 2171 1193 2222 1.
1236 2187 1363 2236 pag.
1412 2173 1479 2222 55

391 2253 545 2303 seqq.
595 2237 728 2302 ibiq
779 2237 964 2290 laudd.
1025 2244 1081 2289 et
1129 2240 1276 2290 conf.
1331 2240 1477 2290 infra

391 2322 512 2372 cap.
538 2307 635 2367 86;
671 2306 739 2357 de
772 2308 966 2358 arbore
996 2322 1305 2371 συκαμινος
1339 2311 1480 2360 eius-

389 2392 494 2441 que
515 2377 695 2426 fructu
728 2369 1054 2442 συκόμορον
1080 2379 1193 2429 vid.
1220 2379 1474 2430 Strabon.

388 2447 671 2511 XV11.p.
732 2446 836 2498 823
889 2461 935 2497 s.
1006 2463 1059 2511 p.
1118 2447 1223 2499 629
1277 2449 1475 2500 Tzach.

385 2517 472 2566 De
507 2516 652 2566 binis
688 2516 869 2580 capsis
905 2517 1256 2578 ιιιιιιιιίιιιιιιιι,
1305 2517 1480 2568 altera

389 2600 455 2635 ex
493 2587 687 2650 pannis
723 2583 1147 2649 conglutinatis,
1200 2585 1378 2638 altera
1412 2604 1480 2637 ex

385 2653 537 2721 ligno
574 2654 846 2719 sycomori
879 2654 990 2709 vid.
1014 2656 1251 2720 Rouyer.
1286 2658 1342 2706 in
1375 2658 1481 2708 De-

387 2725 575 2789 script.
623 2724 690 2774 de
730 2723 973 2789 lQEgypt
1010 2724 1082 2776 X.
1119 2740 1243 2789 pag.
1281 2725 1386 2777 210
1425 2731 1480 2776 et

385 2793 519 2845 ibid.
560 2791 623 2858 (t.
660 2794 744 2854 11,
783 2796 829 2843 2²
854 2794 1071 2857 Deser.)
1110 2794 1347 2847 Iomard.
1385 2810 1479 2845 sur

385 2863 464 2913 lea
515 2861 792 2928 hypogees
844 2862 912 2913 de
959 2861 1177 2917 Thebes
1223 2869 1357 2914 sect.
1405 2865 1473 2916 Χ.

386 2936 438 2993 §-
475 2931 528 2982 8.
570 2948 697 2998 pag.
736 2932 841 2983 350
875 2948 1027 2997 seqq.
1063 2962 1134 2972 —
1168 2932 1326 2984 Nunc
1362 2949 1476 2984 ιιιιι-

386 3003 612 3052 miarum
646 3016 806 3052 arcas
845 3002 1049 3065 pictas,
1088 3001 1276 3066 quales
1303 3004 1476 3054 Hero-

386 3071 548 3121 dotus
588 3071 874 3133 describit,
914 3072 971 3121 in
997 3071 1265 3122 conviviis
1297 3074 1474 3138 Aegy-

382 3141 618 3206 ptiorum
654 3141 928 3190 adhibitas
965 3156 1114 3201 esse;
1162 3156 1308 3192 nunc
1343 3158 1474 3193 vero

385 3212 549 3261 etiam
607 3209 874 3260 eiusmodi
925 3210 1245 3261 mumiarum
1287 3227 1472 3275 pupas,

383 3278 572 3345 quales
589 3295 656 3330 ex
672 3293 797 3329 osee
820 3278 1054 3328 hnmano
1080 3278 1296 3345 aliaque
1318 3289 1474 3346 parte

382 3350 623 3413 corporis
673 3349 959 3398 confectae
1001 3347 1274 3414 hodieque
1325 3366 1475 3415 repe-

380 3419 594 3468 riuntur
629 3433 725 3483 per
761 3419 1015 3481 Europae
1044 3433 1261 3480 musea,
1306 3425 1474 3485 atque

380 3487 508 3538 hinc
545 3488 782 3537 fortasse
814 3486 1076 3551 explicari
1119 3504 1277 3552 posse
1313 3490 1473 3540 Luci-

382 3557 475 3607 ani
510 3556 606 3621 (de
640 3556 792 3606 luctu
830 3559 881 3619 §-
919 3556 980 3607 21
1021 3561 1153 3607 tom.
1186 3558 1312 3608 vn.
1340 3574 1469 3623 pag.

380 3627 483 3677 217
541 3625 627 3676 ed.
684 3624 831 3690 Bip.)
894 3624 1103 3688 locum,
1159 3628 1472 3691 auspicatur

381 3694 779 3745 Blumenbach:
829 3663 1120 3791 Βοίιιῆιςοῖι
1135 3712 1231 3746 zm·
1270 3697 1469 3747 Natur-

381 3765 568 3843 gesch.
605 3765 686 3814 11.
726 3780 782 3829 p.
825 3764 924 3814 142
962 3764 1120 3828 eeq.“

446 3825 634 3896 πάντη
650 3832 1467 3899 nnzvatovJudvtnSchweigh.

377 3903 588 3953 reddit.
625 3904 844 3963 omuino,
878 3917 1124 3965 prorsus,
1156 3907 1463 3968 plerumque.

376 3972 514 4022 Aliis
551 3971 686 4022 locis
721 3970 872 4021 valet
905 3987 1108 4036 quaqua
1149 3987 1354 4033 versu-33
1393 3973 1466 4023 cf.

375 4041 422 4103 1,
462 4041 558 4092 181
599 4041 784 4105 ibique
815 4044 954 4090 nott.

707 4211 841 4265 CAP.
879 4211 1131 4262 LXXIX.

447 4310 747 4393 Πατρίοισι
784 4308 848 4363 δὲ
885 4305 1194 4379 χρεώμενοι
1234 4306 1459 4394 νόμοισι

371 4371 545 4430 αλλον
587 4372 803 4432 οὐδένα
837 4399 889 4434 κ.
934 4399 984 4441 τ
1032 4381 1102 4450 1.]
1151 4376 1459 4449 χρεώμενοι

1586 1407 1805 1468 retinui,
1836 1422 1902 1456 ex
1926 1405 2182 1456 Bredovii
2200 1408 2509 1486 praecepto,
2531 1403 2676 1481 quod

1587 1477 1831 1541 nequitur
1854 1475 2097 1538 Dietech‚
2125 1474 2473 1526 mutandum
2458 1465 2679 1538 ιιιχρεό-

1585 1559 1651 1610 με
1658 1559 1768 1607 νοις
1779 1560 1878 1596 nec
1888 1546 2064 1611 magis
2076 1546 2283 1595 mutavi
2295 1535 2678 1607 ἐπικτέωνται,

1588 1615 1775 1666 eodem
1790 1615 1907 1666 viro
1922 1616 2083 1666 docto
2099 1619 2323 1665 anctore
2340 1611 2417 1678 (p.
2422 1611 2549 1678 387)
2566 1629 2679 1663 mu-

1586 1684 1839 1735 tandum·
1823 1701 1880 1734 ιιι
1899 1676 2098 1734 ἔπαις’
2071 1699 2097 1734 ε
2114 1699 2145 1732 ο
2162 1699 2316 1746 νται,
2338 1682 2513 1748 quod
2498 1698 2675 1765 ipsum

1586 1770 1620 1804 a
1634 1753 1917 1804 Dietschio
1939 1759 1995 1804 et
2004 1752 2286 1804 Dmdorfio
2304 1756 2581 1817 receptum
2600 1753 2677 1801 vi-

1582 1824 1702 1875 deo.
1719 1815 1933 1887 νόμους
1946 1824 2155 1888 priores
2168 1824 2495 1886 interpretes
2511 1821 2679 1886 expli-

1581 1897 1775 1943 carunt
1795 1895 2098 1956 cantilenae,
2118 1893 2365 1957 Jeymnou
2405 1889 2678 1955 Schweig-

1581 1962 1879 2013 haeuser-us
1914 1963 2117 2013 rectius
2146 1960 2416 2012 intellexit
2448 1962 2675 2011 instituta

1582 2048 1646 2081 ac
1680 2048 1871 2093 more83
1902 2032 2053 2110 qnod
2080 2030 2192 2082 alia
2226 2036 2287 2081 ut
2319 2036 2550 2092 taceam,
2586 2029 2675 2080 vel

1583 2117 1816 2166 sequens
1848 2092 2059 2165 νόμιμα
2096 2102 2234 2150 satis
2264 2099 2494 2151 euadere
2527 2099 2678 2150 vide-

1583 2176 1690 2222 tur.
1763 2172 1942 2236 Atque
1978 2170 2197 2221 omnino
2243 2170 2332 2220 hic
2375 2168 2529 2219 locus
2565 2184 2676 2220 non

1581 2242 1761 2291 minus
1786 2257 1947 2306 quam
1963 2256 2101 2306 quae
2122 2239 2455 2290 antecedunt
2468 2244 2525 2289 et
2536 2254 2676 2304 quae

1581 2311 2014 2377 subsequuntur,
2063 2310 2132 2360 ad
2168 2309 2561 2376 Aegyptiorum
2596 2309 2677 2358 in-

1582 2381 1780 2431 stituta
1798 2381 2052 2445 pertinet,
2090 2395 2231 2441 cnm,
2266 2394 2405 2445 quae
2429 2378 2674 2428 carmina

1584 2450 1729 2515 apud
1763 2451 1927 2501 istam
1962 2454 2178 2527 gentem
2215 2450 2271 2499 in
2306 2464 2409 2498 usu
2446 2449 2670 2511 fuerint,

1583 2520 1879 2569 contineat.
1930 2509 2135 2579 ἐπάξια
2152 2523 2283 2568 sunt
2315 2517 2670 2579 memorabilia,

1581 2595 1849 2639 memoratu
1871 2589 2040 2667 diana,
2062 2591 2128 2637 ut
2152 2587 2373 2637 minime
2396 2587 2470 2635 eit
2487 2601 2672 2636 neces-

1583 2672 1643 2707 se
1672 2657 1912 2707 scribere
1937 2648 2152 2719 ἆξιαπη
2230 2647 2454 2717 τότατα,
2489 2670 2671 2720 qnem-

1584 2725 1876 2777 admodum
1908 2724 2085 2776 voluit
2118 2726 2203 2775 Va
2226 2724 2528 2775 ckenarius.

1652 2793 1792 2845 Λίνο
1889 2807 2065 2857 οσπερ
2101 2787 2163 2842 ἓν
2188 2807 2245 2842 τε
2277 2791 2518 2876 Φοινίκῃ
2546 2783 2669 2842 ἀοί-

1581 2855 1748 2925 διιιός
1792 2809 1932 2926 ἔστι]
1977 2863 2210 2914 Secutus
2272 2877 2390 2912 snm
2440 2863 2495 2911 in
2546 2860 2669 2912 loco

1578 2933 1742 2986 valde
1780 2937 1977 2983 vexato
2014 2932 2316 2997 Schweigh.
2368 2947 2434 2982 ac
2470 2931 2670 2995 Gaias„

1578 3019 1713 3069 quoe
1750 3003 1914 3053 etiam
1961 3007 2189 3053 recentt.
2227 2996 2466 3053 editores
2510 3001 2669 3052 video

1580 3088 1701 3123 esse
1738 3077 1974 3124 secutos.
2030 3071 2209 3152 Quod
2258 3072 2401 3122 enim
2447 3072 2671 3123 Reizius

1581 3142 1747 3206 dedit,
1776 3130 2286 3206 οπερ-ἀοίδιμόν
2306 3131 2436 3203 ἐστι,
2467 3143 2670 3192 omisso

1579 3227 1801 3277 prorsus
1836 3211 2107 3262 vocabulo
2132 3209 2323 3273 Λίνος,
2360 3211 2416 3260 id
2449 3226 2515 3263 ex
2540 3227 2668 3262 con-

1578 3283 1789 3333 iectura
1843 3280 2194 3346 Weseelingii
2253 3281 2434 3344 potius
2494 3281 2668 3341 fluxit,

1578 3368 1741 3416 quam
1776 3351 2038 3401 librorum
2075 3353 2417 3400 vetustorum
2463 3365 2529 3398 ex
2569 3364 2665 3399 au-

1579 3421 1855 3471 ctoritate.
1929 3421 2044 3471 Nec
2090 3418 2267 3483 magis
2312 3417 2666 3481 probandum,

1577 3489 1724 3555 qnod
1760 3490 1816 3538 in
1849 3495 2082 3539 mentem
2111 3488 2264 3536 venit
2286 3485 2389 3535 Ad.
2413 3486 2668 3537 Heckero

1580 3558 1908 3621 (Comment.
1946 3557 2123 3607 critic.
2157 3554 2225 3604 de
2249 3555 2545 3619 Antholog.
2569 3555 2665 3605 Gr.

1574 3630 1638 3679 P.
1662 3628 1712 3677 1.
1740 3642 1867 3691 pag.
1904 3623 1998 3690 57)
2024 3624 2285 3675 scribenti
2310 3617 2544 3679 ’Ἄδωνις
2570 3640 2666 3688 pro

1572 3687 1864 3757 ἀοίδιμος,
1901 3694 2081 3760 quod·
2068 3708 2244 3758 ipsum
2275 3692 2421 3743 infra
2450 3708 2666 3758 quoqne

1574 3781 1697 3829 cap.
1726 3764 1828 3816 135
1865 3763 2122 3814 occurrit.
2176 3761 2317 3811 Item
2354 3763 2410 3811 in
2437 3777 2668 3826 sequen-

1574 3835 1721 3884 tibus
1741 3832 1891 3883 tenui
1907 3832 2167 3882 librorum
2188 3830 2505 3882 lectionem.
2536 3845 2667 3911 ιιυμρ

1575 3899 1805 3967 φέρεται
1840 3894 1905 3949 δὲ
1943 3891 2125 3957 ὥυτός
2156 3893 2303 3950 εἶναι
2328 3895 2431 3950 τὸν
2460 3894 2520 3950 οἵ
2538 3890 2608 3950 F
2612 3903 2667 3950 2.

1574 3972 1764 4036 ληνες,
1827 3970 1920 4020 nbi
1969 3969 2189 4020 Reizius
2237 3986 2267 4021 e
2311 3970 2664 4037 Wesnelingii

1570 4041 1887 4092 coniectura
1915 4039 2188 4089 ediderat.
2229 4038 2575 4104 συμφέρεται
2601 4035 2665 4090 δὲ

1567 4100 1749 4159 τωύτὸ
1775 4102 1925 4157 εἶναι
1947 4101 2008 4156 τὸ
2032 4100 2094 4156 οῖ
2110 4095 2399 4171 Ἕλληνες.
2456 4110 2665 4174 Scripsi

1569 4178 1801 4242 deniqne
1821 4193 1942 4227 cnm
1963 4181 2192 4228 recentt.
2207 4177 2332 4229 edd.
2364 4177 2542 4235 Λίνος
2564 4195 2662 4243 pro

1566 4248 1760 4327 Λινος,
1797 4251 1858 4296 ιιι
1889 4247 2019 4297 olim
2051 4247 2335 4311 vulgatum
2376 4252 2514 4299 erat.
2574 4248 2660 4299 Ad

1563 4306 1704 4379 αλλῃ
1743 4315 1890 4367 conf.
1928 4319 2067 4366 nott.
2106 4316 2178 4367 ad
2216 4316 2263 4380 Ι,
2301 4317 2351 4367 1.

1634 4375 1776 4434 κατὰ
1815 4381 2009 4449 μέντοι
2046 4378 2224 4435 ἔθνεα
2260 4398 2483 4448 ουνομα
2522 4377 2657 4449 ἔχει]
