3109 5092
447 340 597 431 es‘

1316 354 1850 417 HERODOTI

444 540 558 608 καὶ
592 539 853 624 λέγεται
898 530 1013 604 ὅδε
1059 527 1096 601 ὁ
1135 528 1347 617 λόγος.
1403 526 1643 615 ἐούσης
1681 522 1880 615 ὁρτῆς
1921 531 2003 618 τῇ
2030 522 2204 618 ’Ἡρῃ
2250 542 2423 596 τοῖσι
2461 522 2719 613 Ἀργεί-

443 663 611 729 οισι,
654 646 802 710 ἔδεε
842 636 1106 716 πάντως
1133 632 1259 722 τὴν
1294 635 1545 722 μητέρα
1585 626 1814 699 αὐτῶν
1841 629 2068 718 ζεύγει·
2097 636 2507 719 κομισθῆναι
2543 632 2611 709 ἐς
2645 626 2721 697 τὸ

444 745 628 838 ἱρόν·
695 747 766 813 ol'
800 742 883 811 δέ
918 762 1039 828 σφι
1070 736 1224 826 βόες
1270 739 1343 805 ἐκ
1386 739 1508 805 τοῦ
1561 730 1775 824 ἀγροῦ
1805 729 1894 803 ot}
1935 743 2375 825 παρεγίνοντο
2418 737 2495 803 ἐν
2540 729 2713 823 ὥρῃ·

444 845 899 937 ἐκκληϊόμενοι
935 843 1012 913 δὲ
1046 847 1127 934 τῇ
1166 837 1306 931 ὥρῃ
1343 844 1413 908 οἱ
1450 844 1711 926 νεηνίαι
1730 889 1749 924 ,
1794 831 2169 920 ὑποδύντες
2201 835 2394 908 αὐτοὶ
2430 832 2564 907 ὑπὸ
2596 833 2723 923 τὴν
2743 851 2806 902 15

511 1057 633 1113 ἔδεε
677 1053 907 1118 πάντως
950 1052 1059 1126 τὴν
1092 1054 1307 1124 μητέρα
1339 1047 1531 1107 αὐτῶν

439 1133 624 1205 ζεύγεϊ
687 1137 1061 1205 κομισθῆναι]
1122 1138 1299 1188 Mater
1368 1135 1529 1198 enim,

445 1219 599 1268 cuius
682 1233 878 1267 nomen
957 1215 1217 1282 Cydippen
1289 1213 1532 1278 plerique

445 1286 630 1349 edunt,
671 1286 767 1336 alii
814 1285 1019 1336 Theano
1068 1282 1207 1348 (vid.
1255 1284 1532 1333 Hemster·

442 1355 564 1407 hus.
607 1354 677 1405 ad
714 1356 945 1406 Lucian.
991 1352 1294 1417 Contempl.
1331 1352 1436 1402 111.
1474 1367 1528 1415 p.

447 1423 549 1474 386
584 1424 669 1473 ed.
710 1425 880 1489 Bip.),
918 1422 1142 1473 Iunonis
1180 1422 1418 1487 Argivae
1446 1436 1531 1470 sa-

446 1491 687 1542 cerdotio
723 1492 1057 1558 fungebatur
1091 1508 1191 1542 nec
1226 1491 1398 1542 sacris
1432 1505 1530 1555 per

442 1561 620 1626 leg‘em
655 1561 848 1613 abesse
891 1566 1128 1627 poterat.
1202 1561 1377 1624 „Cum
1411 1575 1527 1609 mos

444 1630 648 1694 esset,“
684 1632 853 1683 verba
884 1635 1012 1681 sunt
1047 1630 1223 1682 Servii
1271 1630 1342 1680 ad
1373 1629 1526 1694 Virg.

445 1700 642 1765 Georg.
690 1700 727 1750 l.
774 1701 812 1751 l.
859 1701 1235 1763 „sacerdotem
1269 1699 1529 1764 Argivam

442 1769 644 1820 iunctis
680 1769 854 1820 bobus
899 1771 980 1820 ire
1015 1770 1088 1820 ad
1134 1769 1337 1835 templa
1370 1769 1530 1819 Iuno-

440 1838 546 1901 nis,
585 1843 641 1887 et
673 1838 900 1890 solemni
950 1839 1039 1889 die
1086 1839 1257 1890 boves
1295 1853 1404 1888 non
1449 1839 1528 1886 in-

443 1907 778 1969 venirentun
827 1937 896 1948 —
940 1908 1046 1958 duo
1086 1907 1388 1959 sacerdotis
1432 1906 1531 1956 filii

442 1974 659 2025 Cleobis
695 1983 749 2026 et
782 1978 909 2028 Bito
947 1978 1200 2042 matrem,
1235 1978 1529 2028 subeuntes

444 2043 645 2107 iugum,
684 2046 753 2094 ad
786 2046 990 2111 templa
1017 2047 1256 2098 duxere“
1292 2054 1397 2097 etc.
1443 2047 1528 2096 De

444 2111 638 2172 bobus,
664 2113 856 2175 quibus
895 2117 1187 2167 utebantur
1221 2118 1279 2165 in
1310 2117 1414 2166 hac
1448 2129 1526 2176 re,

444 2177 655 2228 monuit
712 2180 992 2247 Boettiger
1042 2183 1524 2251 Kunstmytholog.

447 2247 524 2296 11.
559 2262 615 2310 p.
657 2243 778 2294 281.
827 2248 935 2298 Nec
973 2252 1133 2304 aliter
1167 2255 1524 2304 Athenienses

449 2314 701 2364 mulieres
762 2312 831 2362 ad
885 2316 1203 2372 celebranda
1247 2323 1531 2374 Eleusinia

450 2382 697 2433 curribus
732 2380 861 2431 vehi
897 2383 1086 2435 solitas
1119 2407 1241 2442 esse
1276 2408 1306 2441 e
1346 2389 1528 2442 Schol.

448 2452 523 2501 ad
565 2449 842 2514 Aristoph.
904 2451 1049 2502 Plut.
1112 2459 1243 2511 1015
1301 2463 1531 2511 annotat

452 2517 757 2584 Schweigh.
828 2519 1009 2580 Quare
1056 2522 1231 2586 ipsum
1268 2530 1529 2580 cadmum

449 2588 913 2651 Harmoniamque
936 2586 1242 2642 huiusmodi
1259 2613 1415 2650 curm
1437 2600 1531 2648 bo-

450 2660 553 2709 bus
586 2662 744 2708 vecto
768 2671 897 2707 usos
924 2671 1043 2705 esse
1064 2656 1210 2717 haud
1241 2666 1428 2716 mirum
1453 2669 1533 2717 vi-

454 2726 612 2777 detur
634 2725 952 2791 Musgravio
974 2725 1045 2775 ad
1064 2725 1308 2789 Euripid.
1333 2732 1530 2785 Bacch,

455 2795 610 2859 1331,
645 2802 709 2845 ut
744 2799 901 2845 notat
936 2796 1043 2855 Cr„
1083 2794 1177 2858 qui
1204 2794 1269 2843 de
1300 2794 1537 2863 Cydippe

448 2866 685 2929 aliisque
721 2864 948 2914 Iunonis
981 2862 1217 2927 Argivae
1251 2861 1540 2912 sacerdoti-

454 2935 557 2983 bus
595 2934 828 2982 conferri
858 2933 1009 2982 iubet
1034 2933 1105 2980 Η.
1130 2929 1315 2980 Vales.
1345 2929 1417 2978 ad
1440 2930 1544 2978 Po·

453 3001 568 3066 lyb.
630 3003 910 3064 Excerptt.
972 3015 1027 3064 p.
1074 3000 1126 3049 8.
1180 3001 1232 3051 9.
1291 3000 1545 3061 Arguunt

457 3084 587 3119 vero
621 3069 782 3119 huius
819 3068 1121 3118 sacerdotis
1150 3083 1338 3131 preces
1362 3067 1434 3115 ad
1457 3065 1544 3114 Iu-

455 3153 670 3201 nonem,
710 3153 832 3188 eam
866 3137 1108 3187 elatioris
1145 3136 1309 3186 animi
1346 3140 1399 3185 et
1437 3133 1546 3184 cul-

459 3207 616 3257 tioris
652 3206 860 3271 ingenii
908 3206 1098 3255 fuisse.
1168 3205 1316 3254 Hinc
1352 3209 1547 3270 sponte

457 3276 517 3325 in
554 3279 789 3326 mentem
824 3275 976 3325 venit
1017 3274 1296 3324 Diotimae
1330 3274 1386 3323 in
1420 3273 1545 3323 Pla-

454 3345 603 3395 tonis
632 3346 884 3410 Sympos.
910 3359 965 3408 p.
988 3344 1110 3394 201.
1135 3359 1190 3408 p.
1220 3343 1323 3393 425
1346 3342 1544 3403 Bekk„

456 3414 546 3464 cui
579 3430 790 3466 summa
840 3413 1065 3478 quaevis
1104 3428 1168 3462 eo
1204 3412 1324 3463 loco
1356 3412 1547 3462 tribuit

456 3483 730 3547 Socrates,
770 3497 1017 3549 quaeque
1060 3487 1115 3532 et
1136 3483 1261 3546 ipsa
1290 3481 1545 3531 sacerdos

458 3552 631 3604 fuisse
667 3554 866 3603 dicitur
913 3551 1052 3617 (vid.
1107 3551 1288 3602 Schol.
1330 3552 1387 3601 in
1427 3550 1545 3600 Ari-

455 3623 585 3674 stid.
643 3637 699 3686 p.
750 3624 847 3673 127
906 3622 990 3672 ed.
1041 3621 1360 3687 Frommel);
1406 3620 1547 3670 unde

452 3706 787 3756 consequens
825 3695 926 3752 est,
951 3697 1168 3755 praeter
1194 3683 1421 3753 ἑταίρας
1452 3705 1545 3739 no-

452 3756 700 3809 bilitatas
765 3757 855 3825 (ut
912 3775 957 3809 e.
1020 3776 1075 3823 g.
1120 3760 1435 3824 Aspasiam)
1491 3764 1545 3808 et

455 3826 829 3890 Pythagoreas
876 3828 1106 3878 feminas
1146 3829 1367 3878 tertium
1413 3843 1542 3891 quo-

454 3908 560 3957 que
611 3909 782 3959 genus
825 3896 1177 3945 eruditiorum
1218 3897 1540 3947 feminarum

452 3964 511 4011 in
555 3963 787 4014 Graecia
832 3964 1030 4024 fuisse,
1088 3965 1339 4015 nimirum
1398 3966 1542 4015 inter

457 4045 572 4092 eas,
611 4047 755 4096 quae
793 4032 1118 4082 sacerdotiis
1164 4032 1539 4097 fungerentur.

453 4101 725 4164 Exposuit
758 4100 893 4150 haec
919 4103 1004 4154 Cr.
1049 4101 1104 4150 in
1125 4100 1369 4152 Censura
1394 4102 1535 4167 Opp.

452 4168 605 4219 Frid.
641 4169 932 4232 Schlegelii
961 4172 1017 4219 in
1064 4169 1282 4222 Annall.
1317 4172 1537 4221 Heidel-

451 4236 603 4301 berg.
645 4239 782 4289 1825
816 4253 869 4302 p.
914 4240 1012 4290 109
1043 4254 1194 4304 seqq.
1220 4270 1290 4281 —-
1313 4232 1378 4289 τὸ
1406 4232 1537 4304 ΐρόν

450 4304 696 4370 intellige
736 4302 835 4356 ‘de
905 4307 1253 4360 celeberrimo
1307 4309 1534 4359 Iunonis

450 4371 651 4438 templo
672 4388 718 4426 s.
739 4375 974 4441 Heraeo,
998 4374 1142 4443 quod
1168 4376 1534 4445 quadraginta

1635 1056 1817 1107 stadia
1877 1056 1947 1106 ab
1993 1055 2156 1120 Argis
2206 1060 2472 1107 remotum
2521 1053 2721 1106 Noster

1636 1142 1854 1192 quoque
1887 1125 2031 1175 infra
2068 1124 2165 1186 VI,
2201 1127 2290 1177 81.
2339 1139 2720 1176 commemora-

1635 1196 1734 1257 vit,
1771 1194 1867 1245 ubi
1901 1194 2013 1246 vid.
2043 1199 2185 1245 nott.

1707 1259 1767 1314 οῖ
1798 1261 1863 1314 δέ
1899 1277 2000 1327 σφι
2038 1256 2166 1329 βόες
2201 1254 2261 1313 ἐκ
2292 1261 2398 1315 τοῦ
2431 1254 2612 1328 ἀγροῦ
2648 1252 2719 1310 οὗ

1635 1332 2012 1398 παρεγίνοντο
2073 1325 2133 1382 ἐν
2176 1324 2316 1399 ὥρῃ]
2367 1332 2542 1384 Aliter
2598 1332 2719 1381 Ser-

1632 1404 1755 1453 vius
1791 1404 1827 1453 l.
1865 1402 1924 1466 l.,
1964 1403 2212 1468 quamvis
2238 1403 2574 1453 Herodotum
2599 1416 2721 1450 nar-

1629 1472 1859 1524 rationis
1896 1477 2094 1522 testem
2128 1472 2388 1523 laudans:
2430 1471 2720 1537 „pestilen-

1630 1544 1712 1593 tia
1736 1543 1896 1605 enim,
1924 1558 2064 1608 quae
2099 1558 2193 1606 per
2221 1543 2478 1603 Atticam,
2498 1547 2560 1591 ut
2585 1540 2720 1590 dixi-

1631 1627 1751 1662 mus
1767 1650 1780 1675 ,
1805 1612 2126 1674 transierat,
2154 1613 2408 1662 universa
2431 1609 2718 1676 (iumenta)

1632 1682 2100 1747 consumpserat.“
2136 1682 2220 1731 De
2243 1681 2430 1731 dativo
2461 1693 2564 1745 σφι
2582 1681 2720 1729 bene

1630 1752 1839 1802 monuit
1873 1750 2129 1802 Kuehner
2163 1752 2257 1803 Gr.
2294 1752 2387 1802 Gr.
2427 1753 2477 1814 5.
2517 1749 2638 1812 580,
2662 1749 2717 1799 b.

1633 1821 1719 1872 Cf.
1759 1822 1924 1873 etiam
1954 1821 2103 1871 infra
2134 1820 2181 1883 I,
2233 1820 2300 1872 34
2346 1821 2530 1885 ibique
2574 1823 2719 1869 nott.

1632 1892 1679 1954 1,
1718 1892 1806 1942 82.

1703 1950 2091 2024 ἔκκληϊόμενοι
2128 1953 2193 2009 δὲ
2238 1955 2309 2022 τῇ
2344 1945 2465 2024 ὥρῃ
2504 1950 2565 2006 οἷ
2596 1970 2721 2020 νεη-

1632 2028 1772 2097 νίαι]
1793 2030 2058 2081 Valcken.
2091 2028 2444 2079 conficiebat:
2487 2017 2720 2076 ἐκδυό-

1630 2113 1830 2162 μενοι
1868 2093 1969 2162 δὲ,
2008 2100 2047 2149 i.
2085 2114 2133 2149 e.
2172 2106 2307 2150 veste
2335 2099 2534 2161 posita,
2571 2095 2721 2145 Cice-

1630 2169 1778 2219 ronis
1840 2168 2183 2233 potissimum
2239 2167 2420 2218 verbis
2492 2181 2722 2215 commo-

1628 2244 1746 2301 tus‚
1793 2237 1938 2302 apud
1972 2237 2140 2303 ‘quem
2197 2237 2398 2288 haecce
2437 2234 2720 2301 leguntur:

1633 2308 1906 2370 „Iuvenes
1951 2307 2008 2357 hi
2051 2337 2120 2346 —-
2166 2312 2320 2357 veste
2371 2306 2554 2373 posita
2606 2321 2722 2355 cor·

1632 2391 1770 2442 pora
1815 2376 1933 2426 oleo
1978 2381 2376 2441 perunxerunt,
2427 2375 2496 2425 ad
2535 2375 2722 2439 iugum

1634 2449 2010 2496 accesserunt:
2057 2448 2139 2496 ita
2186 2446 2440 2496 sacerdos
2491 2445 2724 2494 advecta

1633 2516 1690 2565 in
1727 2515 1973 2565 fanum.“
2011 2514 2118 2566 Sed
2145 2506 2557 2579 ἐκκληϊόμενοι,
2580 2511 2725 2578 quod

1633 2585 1824 2649 optimi
1885 2600 1950 2634 ac
2011 2585 2229 2649 plurimi
2286 2585 2412 2634 libri
2470 2583 2729 2635 exhibent

1636 2652 1837 2718 (nullus
1864 2653 2004 2704 liber
2041 2644 2405 2718 ἐκδυόμενοι,
2443 2654 2604 2718 pauci
2642 2643 2727 2701 ἐκ·

1634 2715 2045 2789 κληϊζόμενοι),
2083 2729 2193 2774 est:
2243 2732 2462 2787 tempore
2512 2724 2726 2785 exclusi,

1635 2793 1674 2841 i.
1715 2808 1763 2844 e.
1802 2797 2033 2858 urgente
2071 2797 2313 2858 tempore
2345 2792 2604 2858 prohibiti
2640 2807 2729 2841 ex-

1635 2867 1884 2922 spectare
1911 2863 2268 2913 iumentorum
2307 2863 2619 2924 adventum,
2642 2877 2731 2911 co-

1643 2931 1854 2992 actique
1903 2932 1973 2981 ad
2009 2933 2268 2997 templum
2304 2947 2626 2997 properare,
2667 2934 2728 2979 ut

1642 2988 1778 3041 bene
1832 3001 2049 3060 exponit
2101 3001 2438 3066 Schweigh.,
2493 2999 2725 3050 laudans

1645 3052 1838 3117 Polyb,
1871 3064 2044 3129 XVII,
2081 3070 2132 3129 8,
2174 3073 2224 3134 2,
2252 3071 2379 3122 alia.
2417 3072 2566 3121 Bene
2597 3084 2729 3134 quo·

1651 3135 1754 3184 ‘1¹10
1784 3128 1964 3176 tuetur
1997 3134 2192 3188 matth.
2244 3141 2336 3191 Gr.
2378 3141 2471 3191 Gr.
2511 3143 2562 3203 ξ.
2602 3138 2723 3199 535,

1650 3204 1680 3238 0
1714 3194 1828 3242 11015·
1878 3195 1930 3244 3·
1965 3211 2020 3276 ιζ.
2071 3201 2200 3254 1052
2247 3211 2326 3259 sic
2363 3214 2609 3260 vertens:
2649 3224 2726 3269 „a

1642 3257 1896 3342 saca-uate
1924 3263 2075 3342 aliud,
2092 3274 2349 3336 quidquam
2379 3278 2610 3343 faciendi
2632 3292 2726 3326 ex-

1648 3328 1774 3379 elusl
1811 3332 1865 3377 et
1901 3335 2136 3380 0080t1.“
2171 3340 2374 3393 EOde
2400 3347 2559 3398 modo
2583 3337 2726 3395 ἀπο-

1647 3394 1940 3447 κλείεσθαι
1977 3396 2203 3463 dicitur,
2240 3420 2485 3464 monente
2514 3418 2726 3466 wegge-

1644 3463 1780 3529 ling.
1833 3466 1903 3515 ad
1951 3467 2178 3520 Diodor.
2226 3470 2301 3533 ῙῙ,
2344 3476 2429 3536 26,
2504 3498 2574 3531 uo
2609 3486 2726 3549 ipse

1645 3550 1778 3585 usus
1821 3551 1940 3586 sum
1988 3536 2059 3586 ad
2113 3537 2394 3590 Plutarch.
2449 3548 2492 3592 A
2514 3550 2619 3599 cib.

1647 3603 1732 3654 79.
1770 3607 1846 3656 Et
1866 3605 2364 3668 συγκλείεσθαι
2399 3624 2428 3657 e
2448 3570 2725 3666 Maccabss'.

1645 3672 1721 3735 11,
1748 3673 1800 3724 8.
1828 3690 1911 3724 vs.
1946 3676 2033 3726 25.
2071 3676 2140 3727 26
2175 3676 2264 3727 hic
2297 3675 2489 3727 laudat
2513 3678 2726 3746 Coraca,

1645 3742 1737 3806 qui
1760 3743 1904 3793 idem
1923 3744 2177 3794 Latinam
2198 3744 2526 3796 locutionem
2550 3745 2734 3810 (‚‚tem-

1638 3824 1769 3873 pore
1796 3812 2096 3879 exclusus“)
2124 3829 2152 3863 e
2177 3814 2398 3866 Caesar.
2428 3817 2489 3865 B.
2519 3817 2584 3867 G.
2606 3816 2731 3879 VII,

1647 3879 1707 3930 11
1749 3886 1803 3930 et
1841 3881 2013 3933 Cicer.
2050 3882 2204 3933 Orat.
2242 3885 2346 3947 111,
2387 3883 2449 3934 15
2491 3900 2732 3950 compro-

1642 3947 1755 3999 bat.
1795 3950 1920 4002 Alia
1949 3967 2094 4002 nunc
2118 3952 2366 4004 consulto
2393 3955 2733 4017 praetermit-

1639 4018 1827 4071 timus.
1867 4021 1952 4070 De
1987 4021 2163 4074 forma
2197 4024 2367 4087 vocis,
2411 4023 2467 4073 in
2506 4040 2616 4090 qua
2645 4026 2731 4076 Io-

1637 4118 1767 4153 num
1801 4122 1948 4157 more
1977 4121 2026 4157 ει
2058 4111 2262 4161 transit
2285 4112 2342 4160 in
2370 4116 2451 4175 ηϊ,
2488 4111 2574 4161 Cr.
2603 4127 2727 4162 con-

1639 4173 1748 4223 fert
1803 4176 2029 4241 Gregor.
2081 4179 2325 4232 Corinth.
2375 4181 2444 4230 de
2503 4180 2722 4233 dialect.

1635 4242 1810 4294 Iom’c.
1863 4249 1914 4306 §-
1960 4245 2013 4298 3.
2064 4262 2118 4311 p.
2167 4250 2268 4301 377
2320 4250 2539 4301 Schaef.
2589 4250 2721 4314 ibiq.

1637 4313 1814 4365 Koen.
1851 4315 2020 4365 Plura
2055 4316 2209 4368 dabit
2251 4319 2487 4370 Bredov,
2524 4335 2579 4382 p.
2621 4319 2723 4369 176

1636 4395 1773 4446 seq„
1811 4383 1905 4448 qui
1937 4381 2080 4435 idem
2116 4383 2191 4451 (p.
2231 4385 2354 4453 306)
2392 4401 2490 4452 pro
2527 4380 2718 4453 ὀχέετο
