3109 5092
224 3553 447 3613 ,etim

1305 394 1556 454 CLIO.
1603 396 1652 454 I.
2562 400 2600 459 3

323 565 493 655 μήτε
534 572 718 668 ἔργα,
740 564 998 654 μεγάλα
1040 592 1113 634 τε
1157 567 1270 635 καὶ
1310 564 1721 656 θωυμαστά,
1768 564 1850 637 τὰ
1890 567 2016 655 μὲν
2048 562 2353 659 Ἕλλησι,
2408 568 2489 638 τὰ
2526 570 2603 639 δὲ

322 669 725 759 βαρβάροισι
761 665 1250 756 ἀποδεχθέντα,
1296 665 1502 740 ἀκλεᾶ
1539 674 1847 760 γένηται,
1901 671 1983 739 ια’
2025 697 2098 740 τε
2135 670 2304 742 ἄλλα
2352 675 2464 743 καὶ
2501 669 2595 742 δι’

320 770 411 863 ἢν
443 779 669 862 αἰτίην
700 774 1122 862 ἐπολέμησαν
1153 769 1517 861 ἀλλήλοισι.

324 972 594 1036 dentiam,
633 988 797 1038 quam
838 974 1057 1057 quidam
1100 974 1157 1023 in
1208 989 1273 1024 eo
1309 974 1415 1025 sibi

326 1043 780 1093 animadvertisse
815 1044 920 1094 visi
958 1048 1111 1122 sunt,
1147 1043 1292 1109 quod
1322 1045 1416 1109 qui

325 1113 486 1162 modo
538 1113 776 1163 dixerat:
825 1105 893 1162 τὰ
942 1082 1243 1179 γενόμενα,
1290 1129 1415 1163 con·

326 1183 483 1232 tinuo
518 1182 670 1232 addit
703 1174 773 1231 τὰ
808 1178 973 1248 ἔργα,
1025 1187 1087 1233 ut
1134 1181 1298 1247 adeo,
1345 1197 1415 1232 ne

327 1251 471 1302 idem
505 1252 708 1303 dixisse
741 1252 944 1303 Noster
979 1256 1291 1315 censeatur,
1326 1265 1414 1317 γε·

326 1313 539 1385 νόμενα
574 1321 894 1372 mutandum
924 1323 997 1372 sit
1030 1323 1088 1372 in
1110 1290 1414 1387 λεγόμενας

324 1392 465 1441 satis
488 1392 623 1442 haec
642 1393 908 1443 refutavit
930 1391 1161 1442 Dorvill.
1192 1390 1262 1441 ad
1279 1391 1417 1442 Cha-

323 1462 487 1511 riton.
526 1476 655 1527 pag.
690 1462 795 1513 202
830 1461 913 1511 ed.
951 1461 1106 1527 LipS.
1143 1462 1298 1511 cuius
1324 1476 1418 1510 no·

322 1538 418 1581 tae
462 1531 546 1581 Cr.
596 1530 726 1581 addi
770 1531 889 1582 vult
923 1530 1204 1582 Aristotel.
1254 1531 1411 1581 Poet.

320 1600 435 1663 lx,
496 1604 550 1654 2.
596 1617 651 1666 p.
715 1602 803 1651 24.
880 1601 965 1651 Tu
1002 1601 1148 1652 conf.
1200 1615 1417 1666 quoque

322 1670 530 1735 Apitzii
556 1669 816 1722 Adversa.
844 1670 914 1720 ad
934 1670 1188 1735 Sophocl.
1213 1669 1411 1721 Trach.

321 1738 447 1790 219.
486 1755 539 1804 p.
582 1741 700 1791 140.
782 1742 857 1790 Et
897 1739 1142 1790 firmatur
1187 1740 1415 1822 vulgata

320 1808 488 1859 lectio
510 1809 764 1875 Dionysii
794 1809 978 1861 Halic.
1010 1810 1323 1860 testimonio
1359 1811 1416 1858 in

318 1880 503 1943 Epist.
540 1878 610 1929 ad
647 1880 746 1929 Cn.
784 1880 1027 1960 Pompei.
1065 1880 1148 1930 Τ.
1169 1879 1246 1931 11.
1283 1894 1411 1945 pag.

319 1948 447 2000 206.
502 1949 749 2014 Namque
785 1941 854 1997 τὰ
888 1941 1168 2015 γενόμενα
1202 1949 1259 1999 in
1294 1949 1412 2000 uni-

320 2033 541 2068 versum
597 2018 844 2070 indicant
906 2035 998 2081 ea,
1063 2033 1205 2084 quae
1264 2019 1416 2069 saeta

320 2088 530 2138 fuerint
563 2087 708 2153 (cum
744 2090 1001 2154 frequens
1047 2088 1208 2139 hulus
1247 2089 1415 2154 parti-

320 2158 457 2239 cipii
490 2159 549 2207 in
583 2159 813 2209 historia
858 2159 1075 2209 omnino
1122 2159 1197 2208 sit
1236 2157 1412 2223 usus),

317 2222 395 2276 τὰ
431 2222 563 2291 ἔργα
596 2228 877 2293 sigillatim
924 2227 1232 2291 declarant,
1273 2242 1414 2293 quae

320 2297 624 2417 praeqipuet
640 2298 943 2418 ὴοιέιὲἒιοιο
978 2298 1085 2347 sibi
1120 2298 1414 2348 tractanda

319 2383 468 2417 sumi
529 2382 601 2433 pa
625 2382 683 2418 er
830 2383 1004 2430 oriae,
1055 2369 1091 2418 i.
1141 2383 1190 2418 e.
1228 2383 1412 2418 narra-

317 2438 529 2489 tionem
565 2453 764 2502 eorum,
797 2454 938 2504 quae
971 2438 1113 2487 inter
1147 2437 1411 2488 barbaros

313 2514 490 2573 atque
526 2507 762 2558 Graecos
798 2507 1003 2558 suerint
1040 2512 1183 2558 acta.
1254 2506 1413 2558 Unde

314 2577 615 2641 suspiceris
659 2577 813 2641 licet,
858 2578 993 2628 bene
1044 2577 1195 2628 hisce
1230 2578 1413 2627 verbis

314 2647 559 2697 indicari
612 2646 809 2712 duplex
867 2646 1150 2712 scriptoris
1195 2662 1409 2709 munus,

315 2722 385 2767 ut
418 2721 476 2767 et
511 2717 568 2765 in
602 2718 915 2769 universum
951 2731 1036 2766 res
1076 2717 1145 2766 ab
1184 2716 1409 2766 homini-

302 2782 425 2837 ‘bus
461 2792 649 2852 gestas
684 2791 900 2837 enarret
937 2790 992 2836 et
1028 2785 1310 2852 sigillatim
1345 2785 1411 2836 de

316 2855 487 2906 bellis
522 2857 662 2906 inter
697 2857 937 2909 Graecos
976 2872 1039 2906 ac
1074 2856 1274 2906 Persas
1321 2871 1410 2920 ge·

317 2926 429 2975 stis
472 2931 725 2991 exponat.
820 2926 926 2989 Qui
981 2925 1151 2991 igitur
1205 2924 1412 2977 Gallice

314 2996 471 3046 hunc
503 2995 682 3046 locum
715 2997 797 3047 sie
830 2994 1208 3059 reddiderunt,
1245 3000 1308 3044 ut
1342 2987 1413 3073 τᾲ

356 3056 604 3129 ενόμενα
647 3070 922 3117 verterent
972 3072 1306 3127 wenements,
1344 3055 1412 3113 τὰ

315 3081 461 3199 ἔργα
508 3138 726 3195 actions,
783 3135 877 3185 vix
934 3133 1014 3183 illi
1065 3149 1251 3184 verum
1304 3133 1413 3184 loci

315 3219 546 3255 sensum
581 3206 819 3255 assecuti
858 3203 1128 3254 videntur.

392 3267 729 3340 θωυμαστά]
785 3273 1127 3325 Retinuimus
1180 3273 1412 3337 scriptu-

316 3359 439 3394 ram
488 3359 521 3392 a
563 3343 869 3409 Schweigh.
916 3340 991 3407 (v.
1047 3343 1178 3394 Var.
1226 3342 1409 3392 Lectt.

319 3413 393 3463 ad
429 3428 553 3478 cap.
592 3412 658 3464 V.
696 3430 749 3478 p.
791 3412 878 3479 13)
925 3417 1091 3477 atque
1132 3411 1408 3463 Gaisford.

318 3486 627 3548 receptam,
676 3482 893 3533 omissis
938 3480 1243 3532 diaereseos
1278 3496 1412 3545 pun-

509 3554 625 3615 „Ac
672 3552 1000 3617 probaverat
1055 3551 1163 3600 iam
1209 3549 1410 3600 dudum

313 3624 384 3673 F.
424 3623 496 3672 A.
509 3589 765 3672 ”Wolfius
807 3623 865 3671 in
910 3618 1183 3672 Analectt.
1236 3620 1406 3670 literr.

316 3691 398 3742 11.
423 3708 483 3757 p.
505 3692 666 3743 ¹120.u
705 3692 791 3742 Cr.
831 3691 917 3741 Tu
951 3689 1077 3740 vide
1111 3705 1255 3740 nunc
1276 3690 1411 3741 Din-

316 3762 464 3812 dorf.
503 3761 559 3810 in
596 3764 881 3812 comment.
911 3760 978 3809 de
999 3759 1218 3809 dialect.
1239 3760 1409 3810 Hero-

316 3830 435 3880 dot.
489 3845 541 3895 p.
580 3830 858 3881 XXXVII.
908 3828 1141 3879 Bredov.
1187 3829 1226 3878 l.
1272 3828 1310 3878 l.
1352 3844 1407 3893 p.

318 3901 425 3951 142
482 3914 599 3965 seq.
653 3901 785 3951 Mox
830 3899 1027 3963 reliqui
1079 3890 1279 3959 ἀκλεᾶ,
1340 3898 1408 3947 ab

316 3968 574 4019 omnibus
610 3969 768 4020 codd.
808 3968 1032 4019 allatum
1071 3972 1127 4017 et
1152 3966 1409 4018 Aristidis

317 4038 480 4089 Orat.
525 4039 602 4089 11.
648 4056 704 4104 p.
745 4037 842 4091 381
887 4038 1040 4089 Iebb.
1080 4036 1410 4088 auctoritate

315 4122 539 4174 quoque
566 4109 884 4173 probatum,
921 4105 1066 4173 quod
1112 4107 1169 4156 in
1217 4097 1415 4155 ἄκλεέα

314 4179 522 4227 mutari
556 4177 677 4228 vult
722 4178 867 4227 idem
911 4175 1143 4229 Bredov,
1164 4191 1243 4241 p.
1290 4177 1413 4226 257.

314 4247 403 4298 Cf.
454 4246 533 4307 11,
578 4247 681 4300 108
728 4238 939 4311 (ἐνδεᾶ)
982 4249 1039 4296 et
1090 4246 1165 4308 11,
1218 4245 1335 4307 121,
1380 4246 1415 4296 4

313 4313 642 4382 (καταδεᾶ),
683 4331 827 4381 quae
873 4315 1063 4366 eodem
1103 4314 1262 4365 modo
1303 4328 1417 4363 mu·

310 4386 491 4437 tanda
529 4390 721 4449 eruut,
770 4385 819 4435 si
856 4384 1187 4437 Bredovium
1223 4398 1415 4448 sequa·

308 4471 453 4506 mur.

1593 966 1663 1024 τά
1705 989 1762 1023 τε
1820 963 1961 1024 ἄλλα
2005 970 2100 1024 καὶ
2150 966 2234 1024 δι’
2290 963 2367 1040 ἣν
2409 971 2603 1042 αἰτίην

1516 1035 1874 1109 ἐπολέμησαν
1908 1036 2215 1112 ἀλλήλοισι]
2254 1046 2464 1109 Quibus
2490 1063 2606 1097 ver-

1515 1114 1604 1164 bis
1640 1116 1696 1164 iu
1733 1114 1995 1179 prooemii
2030 1113 2137 1165 fine
2177 1116 2374 1180 positis
2419 1116 2474 1166 id
2510 1132 2605 1181 po-

1514 1184 1783 1233 tissimum
1822 1189 2013 1235 auctor
2050 1183 2328 1236 declarare
2365 1185 2604 1236 voluisse

1515 1252 1758 1317 videtur,
1819 1253 1965 1319 quod
2033 1253 2315 1320 sigillatim
2372 1255 2475 1305 hoc
2547 1255 2604 1305 in

1517 1338 1679 1389 opere
1727 1328 1963 1389 spectet,
2024 1323 2154 1388 quid
2213 1330 2430 1390 praeter
2491 1322 2602 1374 alia

1515 1394 1804 1459 praecipue
1857 1410 1921 1444 eo
1975 1394 2338 1446 contineatur.
2413 1395 2602 1460 Neque

1517 1465 1659 1513 enim
1699 1478 1765 1513 ea
1807 1468 2048 1525 tantum,
2111 1479 2250 1529 quae
2305 1469 2360 1515 et
2407 1464 2603 1515 Graeci

1512 1538 1572 1592 ‚et
1615 1533 1835 1583 barbari
1878 1533 2096 1583 omnino
2147 1535 2448 1601 gesserint,
2504 1533 2603 1584 sed

1516 1618 1713 1653 causas
1773 1608 2080 1668 praeterea,
2145 1605 2340 1669 quibus
2385 1608 2601 1654 tantum

1517 1671 1718 1723 bellum
1753 1673 1826 1723 sit
1863 1677 2137 1735 exortum,
2187 1686 2455 1740 exponere
2496 1673 2601 1722 sibi

1515 1743 1574 1791 in
1621 1743 1799 1793 animo
1847 1758 1966 1793 esse
2024 1741 2286 1794 declarat.
2360 1744 2603 1807 Quapro-

1515 1816 1637 1877 pter
1673 1817 1821 1863 recte
1839 1809 2318 1877 wyttenbachius:
2359 1827 2502 1874 „own
2522 1826 2605 1861 re·

1516 1885 1655 1947 liqna
1703 1880 1949 1948 [opera],
1995 1889 2092 1931 tum
2138 1897 2228 1942 ea,
2276 1897 2407 1945 quae
2452 1882 2608 1930 munti

1514 1950 1635 2001 belli
1700 1966 1906 2001 causam
1965 1950 2375 2013 praebuerunt.“
2469 1948 2604 1999 Inde

1516 2020 1676 2083 enim,
1706 2020 1912 2102 opinor,
1941 2024 2185 2085 apparet,
2212 2019 2412 2070 haecce
2435 2019 2604 2069 verba

1514 2105 1637 2140 cum
1667 2090 1908 2154 proxime
1953 2088 2398 2140 antecedentibus
2438 2104 2603 2139 sensu

1514 2160 1635 2225 ipso
1672 2160 1877 2209 arctius
1913 2160 2204 2210 coniuncta
2248 2174 2396 2223 esse,
2475 2174 2601 2209 uam

1514 2233 1578 2279 ut
1598 2228 1667 2279 ad
1690 2229 2003 2280 remotiora.
2032 2219 2136 2294 ‘HQ
2140 2226 2227 2279 οδ.
2255 2197 2418 2278 ‘Altus
2478 2242 2603 2278 στο-

1516 2297 1644 2363 ριής
1680 2289 1952 2359 ἀπόδεξις
1987 2287 2091 2362 ἥδε
2105 2246 2297 2366 ρ(ςιιαο
2331 2297 2602 2363 Schweig-

1511 2367 1762 2419 haeuseri
1795 2369 2132 2435 aliorumque
2176 2372 2261 2419 cst
2304 2364 2605 2430 sententia)

1513 2422 1682 2503 probe
1715 2438 1905 2489 referri
1939 2438 2169 2503 possint.

1583 2508 1649 2558 In
1684 2507 1930 2558 clausula
1949 2506 2180 2574 denique
2201 2512 2454 2557 notamus
2480 2519 2602 2555 cum

1513 2577 1796 2642 Wyttenb.
1847 2576 2079 2642 aliisque
2118 2575 2418 2640 simplicem
2451 2574 2600 2623 illam

1516 2650 1572 2696 et
1605 2661 1733 2696 vere
1768 2647 2047 2712 antiquam
2086 2644 2301 2695 dicendi
2335 2642 2602 2692 rationem

1514 2717 1570 2783 in
1609 2714 1857 2775 exordio,
1903 2731 2010 2779 quo
2046 2714 2279 2779 scriptor
2311 2726 2442 2763 usus
2479 2725 2604 2775 ope·

1514 2786 1590 2835 ris
1644 2785 1730 2834 sui
1775 2784 2060 2834 consilium
2103 2783 2294 2848 paucis
2339 2780 2600 2832 declarat.

1513 2857 1857 2905 Documento
1901 2858 2031 2905 sunt
2075 2853 2172 2903 alii
2208 2852 2352 2902 illius
2400 2849 2601 2900 aetatis

1515 2925 1836 2989 scriptores,
1883 2939 2019 2991 quos
2072 2922 2237 2974 simili
2278 2920 2437 2973 modo
2475 2934 2600 2984 ope-

1513 2994 1665 3045 ribus
1723 2995 1836 3045 suis
1890 2993 2170 3060 praefatos
2216 3007 2336 3043 esse
2392 2989 2601 3054 accepi-

1515 3080 1653 3115 ιιιιιε.
1693 3065 1910 3115 Mittam
1935 3060 2422 3127 nuncThucydidis
2448 3074 2601 3109 exor-

1516 3135 1687 3193 dium3
1747 3135 1970 3199 propius
2021 3133 2127 3184 huc
2182 3131 2420 3197 pertinet
2490 3144 2602 3178 mo-

1516 3209 1680 3254 nente
1748 3203 2017 3254 Creuzero
2096 3202 2445 3265 „Hecataeus
2508 3197 2602 3247 ille

1512 3272 1789 3336 Milesius,
1852 3273 1946 3339 qui
1998 3276 2141 3322 teste
2193 3269 2474 3321 Demetrio
2534 3266 2602 3317 de

1511 3342 1730 3393 Elocut.
1771 3343 1837 3393 12
1870 3343 1952 3392 ita
1984 3341 2248 3392 historiae
2275 3353 2407 3389 suae
2441 3337 2600 3386 initio

1510 3416 1794 3477 posuerat.
1835 3402 2136 3468 Εκαταίος
2168 3402 2454 3473 Μιλήσιος
2487 3394 2600 3453 ὦδε

1509 3479 1803 3546 μυθέεται.
1876 3480 2096 3531 Ocellus
2139 3478 2420 3528 Lucanus.
2469 3466 2605 3522 τάδε

1514 3547 1835 3629 συνέγραψε
1877 3540 2143 3629 Ὦκελλος
2198 3538 2229 3594 ὁ
2300 3533 2602 3598 Δουκανὸς

1512 3615 1644 3684 περὶ
1677 3616 1780 3682 τῆς
1814 3615 1921 3666 τοῦ
1959 3628 2176 3670 παντος
2211 3603 2455 3691 φύσεως.
2508 3610 2601 3661 'ri-

1512 3703 1700 3739 maeus
1733 3687 1970 3737 Locrus:
2023 3682 2265 3747 Τίμαιος
2310 3671 2341 3730 ὁ
2377 3671 2602 3743 Λοκρὸς

1510 3750 1646 3806 τάδε
1681 3749 1808 3820 ἔφα.
1837 3754 1963 3806 Vid.
2001 3753 2196 3805 Valck.
2234 3750 2306 3802 ad
2319 3750 2595 3802 Theocrit.

1512 3828 1556 3888 Ι,
1571 3826 1684 3922 95.
1729 3825 1831 3876 Th.
1871 3824 2008 3876 Gale
2044 3824 2246 3890 Opusc.
2282 3820 2515 3887 Mythol.
2544 3835 2602 3884 p.

1592 3895 1730 3946 ‘Ac
1763 3899 1978 3961 spectat
2010 3895 2117 3945 huc
2148 3905 2365 3958 quoque
2401 3889 2598 3941 Dionis

1513 3965 1888 4031 chrysostomi
1913 3962 2257 4016 locusinOr.
2286 3960 2439 4019 LIII,
2465 3959 2517 4008 9.
2542 3972 2596 4023 p.

1512 4034 1614 4086 637
1625 4037 1864 4118 Emper„
1888 4035 1982 4085 ubi
2005 4037 2148 4084 iuter
2167 4031 2478 4093 scriptores,
2505 4026 2599 4092 qui

1513 4105 1695 4169 operis
1729 4105 1885 4154 initio
1931 4107 1988 4155 et
2021 4103 2126 4153 fine
2171 4100 2401 4164 aliisque
2438 4097 2602 4147 etiam

1511 4175 1760 4239 partibus
1802 4188 1998 4224 nomen
2035 4186 2192 4222 suum
2228 4165 2599 4231 adposuerfflt,

1514 4250 1569 4294 et
1593 4244 1908 4294 Hecataeus
1945 4247 1999 4293 et
2022 4238 2332 4293 Herodotus
2365 4237 2603 4301 itemque

1512 4312 1860 4378 Thucydides
1896 4311 2395 4363 commemorantur.
2449 4308 2605 4369 Quae

1513 4397 1637 4431 cum
1689 4383 1772 4432 ita
1817 4382 1953 4444 sint,
2000 4381 2263 4431 mittimus
2308 4390 2456 4437 eum,
2506 4373 2602 4439 qui

1512 4455 1690 4501 totum
1728 4450 2030 4514 exordium,
2067 4450 2135 4500 ab
2160 4445 2488 4510 antiquitate
2514 4443 2604 4507 (ut

2097 4527 2186 4589 1*
