3109 5092
410 337 490 398 44
1280 322 1820 395 HERODOTI

413 512 746 599 σύβουλος
781 507 857 577 δὲ
893 506 1161 593 σαφέως
1193 502 1752 591 προπεπυσμένος
1792 495 2009 567 πάντα
2045 493 2279 582 λόγον,
2335 497 2449 564 καὶ
2497 494 2695 580 εἰδώς

412 613 494 684 τά
530 610 887 700 Ἀλυάττης
921 611 1150 699 μέλλοι
1187 605 1528 694 ποιήσειν,
1575 606 1947 693 μηχανᾶται
1985 599 2233 670 τοιάδε.
2308 595 2462 680 οσος
2499 591 2582 688 ἦν
2619 605 2694 672 ἐν

413 723 506 812 τῷ
536 714 727 786 ἄστει·
757 730 935 794 σῖτος
962 713 1128 783 καὶ
1098 716 1357 782 εωυτοῦ
1380 711 1491 779 καὶ
1519 703 1856 786 ἰδιωτικὸς
1875 757 1893 791 ,
1928 708 2169 774 τοῦτον
2197 701 2417 773 πάντα
2444 725 2692 791 συγκο-

414 829 613 910 μίσας
653 821 719 899 ἐς
765 815 888 906 τὴν
923 814 1209 905 ἀγορὴν,
1271 829 1550 904 προεῖπε
1589 816 2021 898 Μιλησίοισι,
2084 804 2289 877 ἐπεὰν
2332 804 2532 886 αὐτὸς
2574 831 2693 900 ση-

416 925 627 1015 μήνῃ,
662 919 809 991 τότε
849 927 1076 991 πίνειν
1109 946 1180 988 τε
1217 917 1471 998 πάντας
1504 917 1618 985 καὶ
1649 918 1853 1023 κώμῳ
1888 915 2206 1003 χρέεσθαι
2244 914 2310 992 ἐς
2345 909 2695 1000 ἀλλήλους.

322 1035 403 1097 22
432 1033 655 1098 Ταῦτα
692 1026 767 1095 δὲ
810 1025 1032 1094 ἐποίεέ
1070 1051 1142 1092 τε
1192 1023 1305 1090 καὶ
1349 1019 1768 1111 προηγόρευε
1816 1015 2295 1107 Θρασύβουλος
2337 1020 2555 1085 τῶνδε
2604 1025 2697 1088 εἵ-

418 1158 653 1217 νεκεν,
691 1125 863 1208 ὅκως
887 1123 974 1197 ἂν
1004 1121 1144 1216 δὴ’
1114 1155 1150 1197 ο
1180 1120 1453 1213 κῆρυξ’
1423 1155 1459 1195 ο
1489 1119 1905 1213 Σαρδιηνὸς,
1946 1118 2113 1190 ἰδών
2140 1148 2212 1189 τε
2241 1118 2464 1210 σωρὸν
2488 1124 2703 1211 μέγαν

419 1243 610 1306 σίτου
657 1234 1030 1320 κεχυμένον
1073 1230 1185 1298 καὶ
1233 1228 1387 1309 τοὺς
1427 1226 1838 1317 ἀνθρώπους
1878 1227 1954 1294 ἐν
1996 1220 2403 1310 εὐπαθείῃσι
2451 1223 2702 1312 ἐόντας,

419 1336 697 1428 ἀγγείλῃ
724 1333 1070 1423 Ἀλυάττῃ.
1112 1331 1195 1403 τὰ
1223 1330 1307 1421 δὴ
1337 1333 1445 1403 καὶ
1475 1334 1757 1420 ἐγένετο.
1802 1322 1891 1409 ὥς
1919 1327 2046 1418 γὰρ
2076 1325 2160 1416 δὴ
2189 1324 2360 1398 ἰδών
2383 1357 2455 1397 τε
2482 1332 2708 1400 ἐκεῖνα

424 1438 458 1510 ὁ
495 1443 706 1529 κῆρυξ
736 1438 850 1506 καὶ
893 1447 1084 1517 εἴπας
1115 1432 1282 1524 πρὸς
1318 1436 1805 1522 Θρασύβουλον
1842 1431 1957 1514 τὰς
1998 1429 2268 1512 ἐντολὰς
2301 1438 2423 1503 τοῦ
2450 1440 2710 1517 Λυδοῦ,

424 1542 689 1634 ἀπῆλθε
731 1543 797 1621 ἐς
843 1540 959 1622 τὰς
983 1539 1290 1630 Σάρδις,
1339 1535 1427 1621 ὥς
1463 1536 1596 1627 ἐγώ
1633 1536 2109 1627 πυνθάνομαι,
2169 1533 2263 1605 δι’
2306 1534 2513 1607 οὐδὲν
2547 1536 2710 1608 ἄλλο

427 1746 552 1797 dere
586 1740 809 1823 κῆρυξ,
839 1741 1329 1824 quemadmodum'
1313 1742 1521 1793 inveni·

428 1824 518 1866 tur
555 1816 723 1865 etiam
758 1806 820 1862 τὸ
857 1805 1180 1862 ἀπόστολον
1209 1827 1287 1862 sc.
1314 1812 1524 1861 πλοιον

430 1884 652 2008 gquod'
625 1900 801 1949 ipsum
831 1883 968 1934 adeo
996 1882 1229 1932 subinde
1252 1879 1521 1946 additum)

468 1973 498 2006 e
532 1955 652 2004 navi
693 1956 948 2014 vec-toria,
984 1953 1068 2002 uti
1114 1952 1300 2003 docuit
1334 1952 1524 2003 Ruhn-

1993 1738 2128 1789 cir.
2163 1740 2348 1792 XXII.

1694 1858 1737 1892 π
1750 1860 1781 1907 ρ
1795 1856 1825 1891 ο
1839 1857 1875 1907 η
1889 1859 1920 1906 γ
1934 1833 1966 1891 6
1981 1858 2011 1905 ρ
2027 1857 2052 1892 ε
2064 1859 2097 1892 υ
2110 1856 2134 1892 ε
2160 1834 2590 1910 Θρασύβουλος]
2617 1846 2720 1895 Re-

1625 1914 1819 1963 vocavi
1852 1918 2076 1963 auctore
2129 1913 2366 1965 Bredov.
2403 1930 2458 1978 p.
2507 1914 2610 1964 296
2645 1913 2720 1965 le-

430 2025 625 2076 kenius
675 2022 747 2072 ad
792 2023 1002 2072 Timaei
1052 2022 1239 2074 Lexic.
1287 2022 1523 2103 ἱΡῙιι,ιοιι.
1628 1984 1863 2035 cuonem
1912 1981 2034 2033 edd·
2088 1983 2515 2049 ve²¹³·501'11fl213
2567 1983 2720 2034 hbris

431 2112 487 2161 p.
526 2092 612 2143 43.
653 2094 835 2153 Quare
869 2106 978 2140 non
1016 2091 1209 2140 mirum
1244 2084 1347 2140 τὸν
1381 2081 1525 2140 ἀπό-

434 2160 638 2213 στολον
673 2160 798 2209 dein
822 2160 896 2209 de
930 2159 1097 2210 classi
1132 2161 1254 2224 ipsa
1290 2176 1336 2210 s.
1379 2176 1527 2211 exer-

435 2234 548 2284 citu
595 2230 703 2279 dici
748 2228 893 2293 apud
935 2228 1214 2279 Plutarch.
1262 2229 1526 2281 Phocion.

437 2318 559 2367 cap.
601 2299 684 2350 11.
726 2315 781 2363 p.
820 2296 923 2347 746
958 2299 1022 2348 E.
1086 2298 1166 2348 Ut
1200 2298 1344 2349 enim
1382 2296 1531 2348 στέλ-

435 2369 638 2421 λεσθαι
675 2367 1019 2433 potissimum
1064 2366 1131 2417 de
1174 2370 1417 2419 maritimo
1452 2369 1533 2419 iti-

436 2457 560 2492 nere
588 2442 885 2502 usurpatur
904 2434 995 2499 (de
1030 2452 1136 2501 quo
1164 2438 1258 2488 Cr.
1300 2437 1536 2489 conferri

438 2509 559 2561 vult
592 2513 736 2559 nott.
772 2506 840 2557 ad
878 2505 1079 2558 Plotin.
1121 2505 1187 2557 de
1223 2507 1441 2572 pulcrit.
1478 2524 1532 2571 p.

437 2579 542 2633 356
582 2582 638 2630 et
674 2577 1000 2628 Stallbaum.
1039 2576 1111 2626 ad
1145 2576 1364 2630 Platon.
1412 2577 1536 2627 Phi-

433 2651 541 2701 leb.
577 2666 630 2714 p.
674 2645 822 2710 159),
858 2645 1004 2696 haud
1051 2645 1210 2697 aliter
1254 2648 1533 2699 invenitur

438 2711 896 2770 ἀποστέλλεσθαι
946 2719 1002 2766 et
1049 2731 1190 2781 quae
1225 2717 1353 2768 inde
1398 2718 1535 2768 deri·

438 2794 671 2846 vantur3
722 2785 869 2852 quod
916 2789 1101 2835 tamen
1146 2802 1425 2852 nunquam
1471 2802 1535 2836 eo

440 2860 627 2909 valere
663 2856 886 2920 poterit,
924 2860 987 2905 ut
1020 2854 1126 2904 hoc
1164 2871 1380 2921 quoque
1412 2856 1536 2906 loco

443 2928 861 2979 caduceatorem
905 2923 1073 2973 istum
1099 2924 1341 2988 Alyattis
1380 2925 1539 2975 mari·

442 2998 576 3048 timo
611 2994 810 3048 itinere
841 2991 1353 3059 Miletumdvenisse
1394 2993 1541 3044 dica-

445 3080 583 3127 mus,
621 3078 764 3128 quae
799 3061 1062 3112 Gronovii
1107 3067 1192 3112 est
1245 3063 1538 3114 sententia.

445 3138 584 3186 Nam
648 3132 717 3183 de
779 3131 973 3196 quovis
1043 3131 1239 3183 itinere
1301 3133 1541 3196 pedestri

447 3218 620 3268 aeque
675 3217 741 3251 ac
792 3199 1065 3249 maritimo
1127 3203 1346 3266 saepius
1407 3202 1544 3252 haec

446 3273 618 3324 verba
652 3270 905 3349 usurpari
937 3273 1173 3320 constat.

517 3337 613 3392 καὶ
649 3331 816 3405 κιόμῳ
853 3331 1126 3404 χρέεσθαι
1152 3329 1206 3395 ἐς
1239 3329 1540 3403 ἀλλήλους]

447 3408 717 3478 χρέεσθαι
749 3410 942 3459 merito
991 3424 1021 3459 e
1065 3408 1221 3458 libris
1272 3408 1546 3459 nonnullis

449 3483 795 3532 retinuerunt
832 3477 1086 3542 editores,
1124 3477 1246 3529 loco
1281 3479 1545 3545 vulgatae

450 3548 734 3615 χρῆσθαι,
788 3565 930 3614 quae
979 3548 1107 3599 olim
1142 3553 1353 3600 textum
1390 3565 1547 3600 occu-

452 3624 701 3684 paverat.
740 3618 899 3668 Conf.
936 3608 1173 3669 Bredov.
1199 3636 1255 3684 p.
1294 3618 1415 3680 380,
1454 3620 1547 3683 qui

452 3688 822 3738 Herodoteam
843 3686 1073 3737 formam
1098 3687 1351 3751 χρᾶσθαι
1377 3688 1548 3738 fuisse

452 3756 734 3806 contendit
803 3756 1139 3820 eandemque
1206 3758 1298 3807 hic
1358 3758 1550 3822 reponi

452 3824 590 3874 vult.
628 3824 736 3873 Sed
767 3822 880 3873 vid.
920 3825 965 3885 Ι,
1006 3824 1127 3875 187.
1159 3827 1280 3876 207.
1319 3826 1550 3876 Sensum

451 3894 561 3943 loci
611 3893 690 3943 sic
724 3890 961 3941 reddidit
993 3891 1331 3959 Schweigh.:
1380 3910 1550 3955 „com-

452 3964 778 4012 messationes
822 3969 1016 4011 mutuas
1060 3964 1224 4011 cuncti
1269 3961 1372 4026 (ut)
1410 3968 1551 4014 insti-

455 4030 716 4084 tuerent.“
752 4029 1001 4080 Recurrit
1028 4028 1317 4094 aliquoties
1343 4032 1400 4080 in
1426 4031 1551 4082 Plu-

456 4101 666 4163 tarcho,
704 4101 849 4148 teste
884 4099 1274 4163 Wyttenbach.
1316 4100 1385 4148 ad
1422 4101 1550 4151 Plu-

457 4170 630 4221 tarch.
667 4167 864 4218 Moral.
896 4170 961 4218 T.
986 4170 1032 4218 Ι.
1059 4186 1114 4234 p.
1149 4169 1269 4221 569.
1304 4170 1388 4220 De
1414 4186 1552 4221 voce

458 4238 647 4302 κῶμος
672 4235 1064 4304 (commessatio)
1086 4239 1253 4301 confi,
1282 4255 1348 4290 ne
1373 4241 1548 4304 plura,

460 4307 773 4373 Spanhemii
800 4322 865 4356 ac
886 4307 1135 4357 Fischeri
1160 4314 1300 4361 nott.
1334 4311 1405 4360 ad
1430 4311 1550 4361 Ari-

463 4376 719 4444 stophan.
754 4375 1104 4429 Plan-1040.

1630 2052 1917 2105 admodum
1955 2021 2363 2103 fluctuantibus.
2416 2053 2720 2119 Schweigh.

1632 2128 1686 2176 et
1723 2124 1896 2174 Gaisf.
1947 2113 2326 2186 προαγόρευες
2371 2123 2466 2172 alii
2511 2137 2722 2187 προςη-

1630 2186 1845 2257 γόρευε.
1887 2194 2014 2241 Mox
2051 2208 2173 2241 cum
2208 2192 2389 2272 plures
2439 2192 2597 2243 codd.
2637 2210 2724 2244 ex-

1629 2264 1858 2314 hibeant
1904 2253 2333 2325 Σαρδιηνὸς,
2384 2267 2447 2312 ιιι
2493 2262 2639 2314 infra
2676 2263 2724 2326 Ι,

1633 2334 1720 2383 79.
1760 2332 1827 2383 83
1864 2337 1919 2382 et
1957 2332 2021 2381 R.
2053 2331 2307 2382 Pococke
2338 2331 2622 2397 Inscriptt.
2669 2349 2723 2398 p.

1634 2405 1719 2465 85,
1746 2404 1807 2464 5,
1846 2400 1981 2451 nihil
2017 2400 2444 2452 sollicitandum.

1706 2480 1775 2538 τὰ
1824 2480 1896 2553 δὴ
1949 2483 2045 2537 καὶ
2094 2478 2337 2553 ἐγένετο]
2388 2490 2531 2538 Nos:
2588 2491 2734 2553 „und

1637 2576 1695 2612 so
1729 2558 1948 2625 aeschah
1990 2575 2046 2610 es
2092 2558 2223 2608 deun
2269 2558 2459 2610 auek.“
2499 2558 2582 2608 Ob
2619 2560 2731 2610 vim

1637 2629 1942 2695 particulae
1975 2620 2048 2691 δὴ
2085 2627 2243 2678 affert
2276 2629 2532 2693 Hartung
2556 2629 2732 2681 Lehre

1640 2701 1692 2750 d.
1719 2700 1812 2751 Gr.
1840 2700 1992 2750 Part.
2032 2697 2079 2748 Ι.
2121 2714 2173 2762 p.
2208 2698 2332 2748 274.
2370 2697 2496 2747 Vid.
2523 2699 2728 2750 Herod.

1640 2772 1687 2820 Ι.
1731 2769 1817 2821 73.
1865 2769 1950 2817 74.
2017 2769 2147 2817 Mox
2190 2768 2390 2819 retinui
2436 2764 2602 2826 εἴπας
2635 2785 2732 2830 pro

1639 2830 1820 2889 εἰπὼν
1851 2838 2026 2903 (conf.
2055 2841 2196 2888 nott.
2227 2837 2296 2887 ad
2319 2838 2365 2898 Ι,
2388 2833 2482 2899 49)
2507 2842 2563 2888 et
2587 2839 2734 2889 edidi

1643 2904 1934 2970 σιτοδείην
1995 2921 2117 2957 cum
2186 2907 2440 2958 Bekkero
2510 2923 2540 2958 e
2610 2908 2731 2960 cod.

1640 2977 1886 3029 Florent.
1925 2975 2246 3042 duobusque
2292 2977 2414 3027 aliis
2449 2992 2545 3043 pro
2583 2978 2730 3042 vulg.

1643 3041 1961 3109 σιτοδηΐην.
2013 3046 2101 3097 cf.
2135 3047 2181 3110 Ι,
2228 3046 2297 3098 94
2341 3052 2397 3097 et
2440 3047 2551 3099 vid.
2607 3050 2734 3098 Bre

1644 3114 1767 3165 δον.
1803 3131 1858 3180 p.
1899 3114 2018 3166 186.

1715 3193 1792 3257 ὥς
1854 3190 1957 3265 ἐγώ
2019 3193 2396 3261 πυνθάνομαι
2451 3217 2502 3251 κ.
2563 3219 2610 3251 τ.
2668 3202 2737 3267 L]

1644 3272 1828 3322 Verba
1877 3273 2016 3321 satis
2078 3272 2256 3337 clara,
2299 3272 2566 3323 immerito
2609 3272 2743 3323 viris

1648 3342 1824 3392 doctis
1880 3341 2204 3403 sollicitata,
2251 3346 2313 3391 ut
2367 3345 2516 3392 recte
2559 3347 2746 3392 monet

1649 3410 1954 3475 Schweigh.
2032 3412 2283 3475 Namque
2327 3410 2598 3474 Alyattis‚
2647 3413 2743 3477 qui

1648 3480 1897 3530 inducias
1944 3479 2105 3529 modo
2148 3481 2206 3528 in
2251 3480 2306 3528 id
2352 3485 2592 3545 tempus,
2633 3497 2741 3545 quo

1649 3550 1909 3613 templum
1931 3554 2078 3598 esset
2105 3549 2509 3613 exstruendum,
2536 3551 2743 3613 pacisci

1649 3620 1900 3669 voluerat
1958 3616 2044 3683 (eo
2110 3617 2484 3683 praeterlapso
2540 3619 2744 3670 bellum

1652 3689 1864 3739 scilicet
1909 3686 2370 3749 restauraturus),
2420 3704 2592 3751 nnnc,
2649 3690 2744 3738 ubi

1651 3759 1876 3808 nuntius
1911 3757 2051 3808 talia
2086 3758 2301 3816 retulit,
2337 3758 2483 3807 hanc
2513 3760 2581 3809 ob
2620 3775 2745 3808 cau-

1654 3843 1787 3888 sam,
1822 3844 1924 3877 nec
1942 3826 2110 3877 ullam
2135 3828 2203 3877 ob
2230 3827 2392 3878 aliam
2425 3844 2549 3878 cum
2574 3828 2747 3879 Thra-

1655 3896 1849 3960 sybulo
1887 3898 1944 3946 in
1980 3897 2214 3961 gratiam
2249 3896 2414 3946 rediit
2449 3914 2748 3962 pacemque

1658 3963 1782 4028 (nec
1822 3966 1996 4015 solum
2032 3963 2306 4027 inducias)
2345 3966 2489 4017 iniit.
2553 3968 2748 4018 Decla-

1653 4038 1778 4084 rant
1815 4039 1994 4085 autem
2041 4036 2210 4085 verba
2251 4028 2327 4091 ὥς
2371 4025 2477 4099 ἔγω
2519 4028 2749 4085 πυνθά-

1654 4117 1822 4153 νοιιαι
1862 4106 2140 4169 egregium
2183 4105 2373 4155 Nostri
2414 4105 2653 4156 studium
2691 4108 2750 4155 in

1653 4175 1815 4224 rebus
1849 4174 2167 4235 enarrandis
2202 4175 2448 4237 adeoque
2485 4176 2571 4234 iis,
2610 4191 2752 4239 quae

1652 4245 1886 4294 maxime
1904 4249 2291 4295 controversae
2309 4244 2642 4303 viderentur,
2664 4259 2751 4293 ea-

1653 4329 1879 4378 rumque
1925 4314 2138 4363 caussis
2187 4310 2552 4377 iudagandisz'
2585 4317 2647 4362 ut
2684 4312 2749 4362 il-

1651 4382 1763 4433 lum
1809 4382 2148 4433 Milesiorum
2206 4388 2407 4434 terram
2451 4382 2764 4449 urbemque.
