3109 5092
1108 346 1604 407 EUTERPE.
1650 349 1736 408 II.
1778 359 1901 411 121.

2517 356 2631 417 691

363 510 442 581 τὰ
487 519 777 602 ἔμπαλιν
810 515 1074 587 τούτων
1114 520 1410 607 ἔρδουσι.
1501 525 1816 589 Πλοῦτον
1859 520 1935 588 δὲ
1980 521 2197 615 τούτῳ
2236 528 2330 616 τῷ
2369 527 2683 614 βασιλὲει

361 618 683 702 γενέσθαι
712 615 1017 709 ἀργύρου
1045 626 1291 710 μέγαν,
1320 620 1440 691 τὸν
1465 620 1715 695 οὐδένα
1741 628 1879 691 τῶν
1906 619 2192 713 ὕστερον
2223 629 2628 719 ἐπιτραφέν-

359 747 499 788 των
541 723 880 808 βασιλέων
933 723 1273 797 δύνασθαι
1322 721 1864 813 ὑπερβαλέσθαι,
1920 723 2074 796 οὐδ’
2131 726 2330 814 ἐγγὺς
2377 734 2629 802 ἐλθεῖν.

358 823 779 911 βουλόμενον
809 825 885 894 δὲ
911 823 1121 897 αὐτὸν
1149 831 1224 898 ἐν
1249 826 1584 916 ἀσφαλείῃ
1611 827 1692 898 τὰ
1724 827 2024 917 χρήματα
2065 840 2505 920 θησαυρίζειν
2531 841 2631 903 οἰ-

359 927 808 1015 κοδομέεσθαι
848 938 1092 1018 οἴκημα
1132 939 1442 1017 λίθινον,
1486 938 1608 1000 τοῦ
1648 937 1787 1001 τῶν
1825 939 2071 1019 τοίχων
2117 936 2240 1001 ἕνα
2287 937 2352 1015 ἐς
2392 934 2467 1006 τὸ
2507 940 2631 1019 ἔξω

355 1028 556 1117 μέρος
593 1035 709 1118 τῆς
749 1038 965 1118 οἰκίης
1017 1038 1214 1121 ἔχειν.
1300 1032 1417 1104 τὸν
1459 1034 1532 1103 δὲ
1578 1033 2055 1125 ἐργαζόμενον,
2100 1038 2631 1123 ἐπιβουλεύοντα

359 1194 598 1258 proxime
624 1196 976 1261 antecedunt,
1013 1200 1182 1250 verba
1219 1191 1321 1249 τὸν
1343 1194 1446 1265 μὲν

359 1255 505 1327 πρὸς
561 1258 739 1330 βορέω
795 1257 1034 1316 ἑστεῶτα
1085 1270 1442 1334 interpretor:

357 1349 463 1381 eum
495 1338 735 1384 colossum
750 1372 763 1395 ,
816 1340 902 1400 qui
929 1338 1004 1387 ita
1040 1340 1308 1391 collocatus
1344 1348 1440 1399 est,

357 1409 412 1452 ut
429 1402 486 1467 (e
518 1402 739 1453 meridie
762 1404 908 1471 scil.)
929 1411 1309 1470 septentrionem
1328 1424 1442 1458 ver·-

355 1488 442 1521 sus
487 1479 706 1535 spectet:
757 1466 860 1522 τὸν
918 1470 980 1524 δὲ
1033 1469 1181 1542 πρὸς
1237 1470 1439 1527 νότοντ

356 1557 488 1602 eum,
535 1545 620 1608 qui
661 1540 714 1602 (e
757 1546 1143 1610 septentrione)
1191 1548 1440 1597 meridiem

355 1628 532 1662 versus
565 1620 784 1675 spectat;
825 1613 917 1663 ubi
953 1615 1009 1664 in
1046 1621 1321 1666 structura
1358 1617 1439 1666 ita

354 1681 553 1731 Noster
601 1683 872 1745 variavit,
931 1690 994 1733 ut
1046 1686 1437 1750 praepositioni

354 1742 500 1812 πρὸς
531 1750 691 1801 modo
739 1752 1038 1817 genitivum
1090 1756 1248 1806 modo
1281 1771 1435 1805 accu-

353 1820 587 1870 sativum
618 1820 962 1887 adiungeret,
1007 1829 1067 1874 ut
1106 1826 1162 1888 Ι,
1200 1824 1318 1875 201.
1359 1824 1434 1887 ΙΙ,

351 1887 438 1939 09.
489 1888 588 1939 149
625 1894 730 1940 etc.
780 1891 904 1942 coll.
954 1893 1008 1954 1,
1046 1893 1134 1945 84.
1191 1895 1272 1955 11,
1314 1894 1432 1944 101.

351 1958 447 2020 IV,
487 1958 586 2010 122
618 1965 721 2009 etc.
796 1962 1123 2026 Aequabunt
1158 1969 1339 2014 autem
1380 1963 1434 2012 hi

352 2026 551 2078 colossi
586 2026 655 2092 (si
690 2028 758 2079 ad
793 2038 1008 2082 nostras
1042 2048 1324 2083 mensuras
1356 2048 1435 2083 re·

349 2097 657 2163 vocaveris)
706 2100 1081 2164 magnitudine
1128 2103 1293 2166 pedes
1342 2103 1436 2152 tri-

350 2166 504 2232 ginta
539 2183 635 2218 sex
670 2172 725 2217 et
762 2168 1038 2222 dimidium
1077 2171 1304 2222 alterius
1346 2188 1435 2237 pe-

352 2235 456 2286 dis.
527 2237 611 2286 De
658 2240 942 2304 utriusque
987 2240 1184 2290 colossi
1232 2241 1435 2306 signifi-

350 2306 565 2356 catione
615 2321 754 2371 quae
798 2307 887 2358 hic
933 2308 1216 2373 leguntur,
1273 2327 1337 2361 ea
1385 2309 1433 2360 si

349 2390 476 2425 vere
512 2375 716 2425 tradita
741 2383 886 2439 sunt,
927 2380 1018 2428 vix
1045 2378 1153 2430 alio
1186 2387 1432 2445 spectare

347 2448 630 2508 poterunt,
680 2450 843 2511 atque
881 2447 1089 2512 reliqna
1134 2449 1200 2499 de
1238 2449 1435 2500 Rham-

348 2514 550 2578 psinito
610 2530 749 2579 quae
801 2532 924 2565 mox
981 2518 1296 2580 traduntur,
1368 2517 1434 2567 de

347 2583 546 2648 quibus
582 2584 694 2634 vid.
742 2589 881 2636 nott.
920 2586 990 2636 ad
1026 2586 1113 2648 11,
1155 2588 1254 2637 122
1291 2593 1346 2637 et
1377 2588 1434 2637 in

347 2654 593 2703 Excursu
630 2653 700 2703 ad
740 2654 794 2705 h.
834 2653 869 2704 l.
944 2656 1084 2705 Nam
1114 2655 1199 2705 vel
1235 2656 1320 2706 his
1345 2672 1433 2705 co-

347 2720 508 2771 lossis
556 2722 821 2773 declarari
867 2728 1050 2788 putem
1104 2726 1253 2775 vices
1308 2724 1431 2775 illas

345 2790 402 2840 in
438 2791 584 2841 omni
636 2807 812 2842 rerum
858 2798 1057 2844 natura
1100 2795 1317 2856 obvias,
1371 2799 1433 2843 ut

345 2860 494 2910 vitae
531 2866 586 2910 et
618 2862 832 2923 inertie,
893 2862 973 2911 ita
1021 2862 1158 2913 lucis
1194 2869 1250 2913 et
1287 2868 1434 2914 tene-

346 2929 560 2979 brarum
602 2935 707 2980 etc.
752 2946 818 2981 ac
861 2932 1202 2996 potissimum
1254 2938 1431 2984 terrae

343 3013 510 3049 verno
540 3000 867 3065 ,aestivoque
901 3002 1030 3051 anni
1065 3006 1306 3067 tempore
1338 3002 1431 3052 flo-

344 3069 514 3118 rentis
548 3070 836 3134 omniaque
860 3070 927 3121 ad
952 3070 1225 3122 hominum
1260 3073 1432 3122 vitam

343 3138 758 3189 sustentandam
793 3142 1151 3205 procreantis,
1189 3142 1283 3192 sed
1321 3142 1431 3191 hie-

342 3207 469 3257 mali
516 3213 757 3272 tempore
797 3208 1000 3259 sterilis
1050 3216 1216 3276 atque
1259 3211 1430 3260 infru-

341 3282 594 3339 ctuosae‚
631 3282 752 3326 tota
788 3276 901 3327 fere
926 3283 1123 3330 natura
1158 3280 1430 3331 exstincta

343 3349 510 3409 atque
545 3350 818 3395 emortua:
869 3361 1008 3410 quae
1042 3349 1194 3411 ipsae
1229 3355 1430 3412 tempe-

344 3418 548 3463 statum
591 3414 742 3464 vices
785 3429 906 3463 cum
960 3415 1118 3465 bonis
1166 3422 1222 3467 et
1269 3418 1426 3467 malis

341 3483 517 3547 geniis
554 3482 670 3532 sive
712 3481 815 3532 diis
852 3483 1251 3548 significentur,
1301 3487 1428 3536 inde

342 3552 397 3602 h.
422 3551 483 3613 1.,
515 3551 608 3601 ubi
627 3552 683 3600 in
703 3552 1093 3616 Aegyptiorum
1127 3554 1287 3605 rebus
1313 3570 1428 3604 ver·

342 3636 550 3685 samur,
602 3619 849 3671 Osiridem
887 3620 1089 3685 altero,
1147 3622 1429 3689 Typhonem

339 3689 516 3741 altero
587 3690 799 3740 colosso
866 3705 1176 3754 expressum
1238 3693 1428 3755 fuisse,

342 3765 554 3811 statuas
590 3760 739 3810 licet.
808 3758 1055 3811 Confer-ri
1093 3776 1306 3828 quoque
1337 3777 1431 3826 po·

340 3831 470 3880 terit
505 3828 803 3894 Seyffarth:
843 3830 1102 3895 Beitrsge
1138 3847 1186 3881 z.
1225 3833 1430 3882 Kennt·

341 3900 475 3950 niss.
518 3899 571 3950 d.
614 3898 711 3950 alt.
748 3899 983 3965 Aegypt.
1028 3900 1104 3949 11.
1142 3916 1198 3965 p.
1238 3901 1357 3951 124.
1436 3950 1444 3955 .

414 4101 678 4153 Πλοῦτον
712 4129 779 4139 -
812 4093 1067 4167 ἀργύρου
1100 4098 1296 4167 μέγαν]
1345 4116 1423 4152 sc.

337 4167 529 4237 ἔλεγον
584 4167 644 4222 οἴ
705 4165 868 4236 ἱρέες.
958 4172 1042 4222 Ad
1098 4172 1428 4222 locutionem

336 4241 565 4293 laudant
598 4243 798 4293 Anacr.
831 4241 1059 4304 XXIII,
1101 4241 1159 4303 1,
1210 4240 1304 4290 ubi
1343 4244 1427 4292 est

335 4308 583 4367 πλοῦτος
619 4307 853 4375 χρυσοῦ.
944 4311 1232 4361 Sordidam
1280 4311 1424 4374 regis

334 4379 493 4430 huius
532 4380 822 4430 avaritiam
857 4384 1015 4431 notat
1052 4393 1266 4447 quoque
1291 4379 1425 4429 Dio·

1548 1199 1664 1250 dor.
1698 1199 1754 1263 1,
1793 1198 1891 1261 62,
1944 1201 2036 1265 qui
2075 1215 2196 1250 eum
2232 1204 2442 1253 tantam
2473 1219 2632 1268 pecu—

1547 1270 1671 1319 niae
1689 1270 1903 1333 copiam
1923 1268 2209 1335 reliquisse
2226 1271 2436 1335 scribit,
2464 1288 2633 1337 quan·

1546 1344 1657 1388 tam
1675 1354 1861 1403 regum
1878 1343 2006 1389 ante
2022 1340 2198 1404 ipsum
2216 1355 2372 1391 nemo
2387 1358 2400 1403 ;
2418 1343 2632 1406 argenti

1543 1409 1686 1457 enim
1721 1412 1775 1458 et
1803 1409 1925 1458 auri
1948 1408 2159 1458 talenta
2181 1409 2627 1476 quadringenties

1541 1476 1689 1527 mille
1711 1477 1861 1527 illum
1889 1478 2157 1542 coegisse.
2205 1478 2269 1528 Id
2292 1494 2422 1531 vero
2449 1480 2627 1544 ipsum

1539 1546 1684 1597 haud
1717 1547 1832 1597 scio
1886 1562 1958 1597 an
1994 1548 2048 1596 in
2085 1562 2256 1598 causa
2287 1548 2480 1611 fuerit,
2530 1564 2628 1599 cur

1540 1631 1681 1680 quae
1743 1631 1866 1665 mox
1926 1621 2209 1666 enarratur
2266 1616 2479 1680 fabula,
2555 1617 2627 1667 ad

1538 1684 1975 1749 Rhampsinitum
2020 1686 2202 1750 potins
2240 1701 2401 1751 quam
2437 1687 2511 1737 ad
2546 1686 2627 1737 ul·

1539 1753 1651 1804 lum
1685 1754 1849 1804 alium
1888 1770 2071 1820 regem
2106 1755 2393 1807 referatur.
2424 1786 2495 1796 —
2538 1757 2622 1807 De

1537 1824 1659 1888 ipsa
1699 1823 1911 1885 fabula,
1959 1839 2100 1889 quae
2147 1822 2399 1889 deinceps
2437 1840 2623 1875 narra-

1537 1898 1656 1954 tur,
1692 1892 1817 1942 vide
1856 1894 2181 1942 Excursum.

1607 1952 1816 2011 οὐδένα
1864 1959 1978 2010 τῶν
2033 1950 2272 2025 ὕστερον
2333 1951 2623 2026 ἐπιτρα-

1539 2026 1808 2095 φέντων
1844 2026 2137 2096 βασιλέων]
2174 2028 2301 2080 Noli
2339 2030 2528 2081 invitis
2560 2030 2624 2079 li-

1536 2100 1650 2149 bris
1686 2099 1972 2150 emendare
2008 2091 2503 2163 ἐπιτραφθέντων,
2542 2115 2621 2151 sc.

1534 2161 1642 2234 τὴν
1672 2159 1741 2231 ἀρ
1784 2161 1881 2233 ὴν,
1928 2174 1991 2219 ιιι
2024 2169 2078 2231 1,
2118 2171 2174 2231 7,
2224 2168 2318 2218 ubi
2353 2168 2466 2219 vid.
2502 2174 2619 2219 not.

1535 2240 1674 2289 Nam
1750 2235 2147 2302 πιτραφέντων
2199 2238 2253 2299 (a
2290 2237 2457 2288 verbo
2505 2228 2625 2286 ἐπι-

1531 2305 1952 2426 .>““
1972 2308 2204 2439 2222
2217 2296 2625 2427 ‚amm

1604 2424 1612 2439 .
1795 2413 1809 2437 ν
1870 2413 1883 2428 ·
1957 2414 1970 2429 ·
2454 2412 2469 2436 9

1536 2448 1827 2497 cedentium.
1912 2447 2149 2497 Verbum
2208 2436 2623 2509 ἔπιτρέφεσθαι

1534 2530 1701 2579 supra
1734 2516 1845 2565 iam
1878 2516 2184 2566 invenimus
2223 2515 2269 2576 1,
2301 2513 2422 2565 123.
2479 2512 2620 2565 Add.

1536 2585 1631 2644 IV,
1671 2583 1722 2634 3.
1761 2613 1832 2623 —
1875 2584 2005 2634 Mox
2040 2584 2111 2634 ad
2141 2582 2364 2634 verbum
2401 2580 2624 2645 θησαυ-

1535 2650 1709 2716 ρίζειν
1743 2652 1932 2702 confer
1971 2651 2043 2703 ad
2078 2653 2166 2714 11,
2204 2652 2274 2701 8ss
2310 2649 2618 2715 disputata3

1537 2714 1980 2785 οἰκοδομέεσθαι
2017 2725 2103 2771 est
2138 2720 2499 2781 aedificandum
2535 2734 2621 2767 eu-

1534 2806 1687 2853 rare,
1736 2795 1797 2839 ut
1830 2788 2128 2839 ποιεῖσθαι
2160 2803 2326 2852 supra
2360 2788 2445 2850 ΙΙ,
2504 2787 2618 2838 100.

1533 2861 1643 2910 Pro
1693 2848 2009 2924 ἄσφαληΐῃ,
2073 2862 2133 2908 ιιι
2187 2857 2413 2908 dederat
2465 2857 2623 2907 Gais-

1533 2926 1705 2989 ford.‚
1765 2928 1979 2992 reposui
2042 2943 2163 2977 cum
2211 2930 2440 2977 recentt.
2493 2925 2617 2979 edd.

1530 2988 1831 3064 ἀσφαλείῃ,
1850 2997 2171 3048 Bredovium
2192 3001 2414 3047 secutus
2432 3012 2484 3061 p.
2506 2995 2619 3047 186.

1604 3064 1709 3115 τοῦ
1753 3064 1871 3115 τῶν
1915 3064 2124 3130 τοίχων
2172 3061 2273 3115 ἕνα
2311 3056 2365 3122 ἐς
2413 3058 2477 3114 τὸ
2512 3058 2620 3126 ἔξω

1531 3126 1705 3199 μέρος
1742 3133 1843 3200 τῆς
1876 3132 2063 3199 οἰκίης
2087 3130 2256 3201 ἔχειν]
2295 3136 2333 3186 i.
2364 3150 2411 3185 e.
2441 3137 2623 3197 „euius

1532 3202 1812 3271 (aedificii)
1863 3223 1968 3254 eum
2014 3221 2142 3255 umas
2182 3207 2368 3269 paries
2415 3211 2624 3254 extror-

1529 3290 1636 3324 sum
1679 3276 1996 3338 spectaret.“
2066 3275 2157 3325 Ita
2204 3271 2622 3337 Schweighaeu-

1532 3359 1713 3405 serus3
1758 3345 1851 3394 ubi
1895 3344 2138 3409 neglexit
2183 3343 2351 3392 verba
2396 3339 2499 3403 τῆς
2538 3335 2621 3388 οἰ-

1532 3410 1679 3475 κίης,
1705 3428 1843 3479 quae
1868 3413 1937 3462 ad
1962 3413 2109 3477 regis
2140 3412 2333 3475 opinor
2360 3407 2623 3472 palatium

1530 3482 1836 3545 pertinent,
1895 3481 1989 3531 ubi
2038 3483 2316 3530 exstructa
2363 3476 2469 3525 fuit
2514 3476 2624 3526 ista

1534 3565 1768 3599 camera.
1856 3552 2195 3614 Quamquam
2255 3546 2397 3596 enim
2456 3559 2624 3609 supra

1535 3618 1596 3678 Ι,
1640 3619 1701 3668 17
1739 3610 2022 3682 οἰκήματα
2061 3615 2279 3666 easdem
2319 3614 2510 3663 domus
2546 3613 2624 3663 di·

1534 3686 1612 3736 cit
1663 3688 1888 3749 Noster,
1952 3700 2088 3750 quas
2161 3678 2374 3743 οἰκίας,
2437 3686 2622 3732 tamen

1535 3755 1658 3806 aliis
1706 3756 1842 3806 locis
1897 3755 2204 3805 discernere
2260 3750 2477 3801 videtur
2524 3751 2620 3814 ita,

1533 3832 1595 3875 ut
1643 3821 1853 3889 οἴκημα
1902 3823 1968 3874 de
2018 3820 2262 3873 aedicula
2311 3834 2356 3868 s.
2406 3836 2624 3870 camera

1534 3898 1632 3943 aut
1668 3892 1916 3945 conclavi
1963 3891 2248 3951 adhibeat,
2302 3894 2363 3938 ut
2406 3890 2492 3952 11,
2532 3890 2619 3941 86.

1534 3963 1656 4013 100.
1707 3963 1826 4014 148.
1870 3962 1916 4013 Ι.
1971 3962 2086 4011 164.
2138 3960 2255 4011 179.
2330 3959 2411 4009 Ac
2453 3957 2619 4009 talem

1532 4047 1800 4083 cameram
1848 4047 1895 4082 s.
1933 4028 2232 4081 aediculam
2279 4027 2487 4092 palatio
2525 4029 2619 4081 ad-

1531 4103 1730 4152 iectam
1765 4101 1818 4151 h.
1849 4114 2061 4166 quoque
2097 4098 2135 4149 l.
2168 4095 2469 4161 intelligere
2508 4113 2619 4147 ma-

1527 4169 1640 4220 lim.
1723 4172 1807 4221 Ex
1853 4185 1959 4234 qna
2009 4170 2162 4219 vocis
2219 4166 2619 4231 significatione

1528 4256 1649 4290 eum
1699 4255 1914 4304 qnoque
1965 4254 2120 4289 usum
2173 4240 2419 4301 repetere
2465 4235 2616 4296 licet,

1529 4309 1596 4360 de
1633 4324 1738 4374 quo
1791 4308 1862 4359 ad
1909 4308 1996 4369 11,
2050 4308 2170 4359 121.
2227 4304 2276 4366 §-
2326 4307 2358 4357 ὃ
2405 4304 2619 4355 notabi-

1529 4394 1668 4431 mus.
1743 4376 2050 4429 Larcherus
2095 4375 2301 4426 reddit:
2360 4375 2515 4432 „dont
2553 4389 2616 4422 un

2069 4453 2201 4515 44*
