3109 5092
557 317 682 383 806

1424 327 1963 390 HERODOTI

555 500 869 581 Θηβαῖος,
897 503 1375 586 Βουβαστίτης,
1397 495 1756 589 Ἀφθίτης,
1795 510 2102 594 Τανίτης,
2133 507 2544 597 Μενδήσιος,
2572 518 2856 599 Σεβεν-

551 593 792 684 νύτης,
812 594 1199 688 Ἀθριβίτης
1217 651 1236 684 ,
1265 608 1769 693 Φαρβαιθίτης,
1803 614 2161 698 Θμουΐτης,
2191 607 2613 701 Ὀνουφίτης,
2634 611 2852 683 Ἀνύ-

547 762 624 824 ΙΙ,
667 762 765 814 129
802 764 984 830 ibique
1029 771 1172 817 nott.
1227 771 1284 816 et
1333 782 1475 832 quae
1521 768 1638 834 plu-

548 832 686 881 rima
747 848 919 898 nuper
968 836 1154 885 attulit
1195 837 1488 887 Frotscber
1544 837 1637 902 (ad

547 901 820 967 Anonymi
852 903 1052 953 Graeci
1081 911 1220 955 orat.
1243 905 1453 956 funebr.
1484 908 1639 957 Frei-

547 969 699 1035 berg.
753 971 905 1024 1855.
943 988 1071 1038 pag.
1110 973 1178 1026 36
1229 975 1370 1040 seq.)
1419 974 1486 1025 de
1532 977 1636 1027 boc

547 1039 714 1089 verbo
750 1042 974 1107 eiusque
1013 1042 1418 1108 significatione
1453 1045 1638 1110 dispu-

548 1112 691 1159 tans.
1079 1125 1086 1130 “

874 1264 1006 1315 Cu.
1045 1263 1286 1315 CLXVI.

615 1359 888 1428 Θηβαῖος,
918 1363 1320 1432 Βουβαστίτης]
1338 1369 1630 1420 Thebanus

543 1446 735 1480 nomus
775 1446 808 1481 a
843 1433 1148 1485 Thebarum
1185 1437 1320 1486 urbe
1358 1441 1631 1502 cognomi-

543 1505 724 1550 natus.
801 1500 886 1550 Tu
909 1504 1056 1555 conf.
1080 1505 1155 1565 11,
1179 1507 1231 1554 4.
1275 1507 1360 1557 15.
1396 1509 1484 1557 42.
1546 1508 1628 1557 De

540 1569 759 1619 Bubasti
785 1570 948 1633 urbe,
994 1574 1137 1623 unde
1172 1573 1487 1624 Bubastites
1535 1592 1629 1626 no-

540 1652 688 1700 mus,
726 1638 958 1690 diximus
991 1643 1060 1692 ad
1096 1642 1172 1704 11,
1210 1644 1298 1694 60.

599 1713 953 1791 Ἀφθίτης]
998 1727 1197 1778 Urbem
1243 1743 1343 1779 nec
1379 1729 1625 1781 Herodo-

537 1795 627 1841 tus
663 1808 765 1842 nec
810 1796 1096 1860 quisquam
1143 1796 1315 1860 alius,
1364 1804 1625 1863 quantum

536 1861 679 1921 scio,
731 1862 1016 1915 indicavit.
1091 1867 1295 1916 Nomus
1342 1868 1481 1917 iuter
1515 1870 1624 1919 Bu-

535 1929 720 1980 bastin
754 1937 810 1982 et
846 1934 1023 1984 Tanin
1060 1936 1199 1986 situs
1240 1936 1457 1986 videtur
1491 1938 1622 1987 Lar-

536 1998 695 2050 chero
731 2005 861 2052 tom.
895 2003 1049 2054 VIII.
1081 2020 1205 2070 pag.
1247 2005 1311 2056 37
1350 2020 1394 2057 s.
1428 2023 1481 2055 v.

606 2083 881 2151 Τανίτης]
927 2088 1132 2140 Tanites
1159 2107 1350 2143 nomus
1381 2093 1448 2142 ab
1488 2094 1623 2143 urbe

542 2152 697 2214 Ταηί,
747 2170 887 2218 quae
935 2159 1214 2210 Herodoto
1263 2162 1474 2226 quidem
1511 2179 1620 2212 non

533 2223 874 2285 nominatur,
919 2242 1244 2292 quamquam
1283 2230 1444 2281 valde
1482 2232 1621 2280 anti-

534 2305 641 2354 qua
679 2291 922 2357 adeoque
969 2296 1309 2348 Pharaonum
1357 2300 1512 2350 sedes
1560 2302 1617 2350 in

531 2357 702 2409 Moeis
748 2359 977 2412 historia
1024 2364 1324 2427 celebrata,
1381 2375 1442 2418 ut
1487 2385 1516 2418 e
1551 2369 1617 2417 li-

529 2426 643 2476 bris
678 2430 850 2480 sacris
886 2440 1142 2497 apparet,
1182 2437 1378 2501 quibus
1416 2439 1615 2488 dicitur

529 2509 645 2576 '3³⁹²'
660 2499 878 2563 (Ζοαη).
903 2502 1048 2553 Hinc
1060 2501 1270 2570 μεγάλη
1284 2499 1447 2564 πόλις
1465 2507 1610 2572 apud

526 2581 780 2638 Strabon.
828 2588 1005 2641 XVII.
1056 2606 1181 2657 pag.
1243 2592 1345 2643 802
1390 2597 1446 2642 et
1495 2593 1613 2643 Ste-

524 2651 688 2712 phan.
737 2655 970 2720 Byzant.
1017 2676 1064 2711 s.
1101 2678 1154 2711 v.
1204 2660 1432 2724 dicitur,
1484 2664 1612 2712 inde

525 2715 555 2769 ὁ
592 2720 844 2788 Τανίτης
891 2721 1066 2790 νομὸς
1122 2731 1252 2780 ibid.
1328 2731 1448 2781 Sita
1492 2736 1611 2782 erat

524 2789 579 2839 in
604 2793 854 2843 orientali
878 2797 997 2860 ripa
1022 2799 1258 2849 Tanitici
1288 2799 1439 2849 fluvii
1462 2800 1608 2850 haud

521 2861 707 2923 procul
739 2862 807 2911 ab
845 2880 908 2914 eo
940 2864 1090 2929 loco,
1128 2869 1219 2918 ubi
1256 2868 1450 2918 fluvius
1484 2885 1606 2919 cum

520 2943 792 3046 :fflbssssz'
799 2940 972 3051 &¹¹:¹35ss
977 2937 1609 3070 ¹33·.„.¹3331.1¹¹3¹53¹5:221¹33

520 3062 736 3115 dicitur.
811 3068 1068 3134 Magnam
1095 3072 1265 3123 fuisse
1299 3076 1483 3125 urbem
1520 3088 1605 3127 at-

519 3147 623 3196 que
661 3135 893 3198 amplam
931 3140 1225 3191 etiamnum
1258 3152 1492 3208 arguunt
1519 3163 1604 3196 ru-

516 3200 673 3265 dera,
712 3205 905 3268 quibus
941 3209 1011 3258 ab
1048 3211 1318 3261 Arabibus
1347 3212 1484 3266 idem
1511 3230 1603 3265 no·

514 3286 638 3321 men
673 3273 984 3337 impositum
1017 3277 1143 3329 San.
1215 3280 1380 3331 Plura
1411 3282 1602 3333 Cham-

514 3340 645 3404 poll.
693 3342 937 3410 l'Egypt.
988 3363 1114 3399 sous
1149 3347 1187 3399 l.
1227 3350 1390 3402 Phar.
1427 3351 1504 3402 11.
1543 3370 1599 3418 p.

515 3410 616 3462 104
634 3412 864 3478 eeq.107
890 3430 1026 3481 seq„
1063 3419 1265 3469 Ritter:
1304 3421 1599 3472 Erdkunde

510 3478 558 3529 1.
612 3496 738 3547 pag.
789 3482 892 3534 829
940 3502 1052 3552 seq.
1102 3487 1226 3539 coll.
1285 3489 1480 3540 Gesen.
1529 3491 1599 3541 ad

508 3547 676 3602 Iesai.
712 3552 859 3614 XIX,
899 3554 982 3606 11.
1021 3573 1147 3623 pag.
1187 3557 1306 3620 616,
1343 3575 1500 3624 quem
1527 3561 1597 3610 ad

508 3617 563 3668 h.
590 3618 630 3668 l.
671 3621 807 3671 citat
845 3624 930 3673 Gr.

578 3698 936 3775 Μενδήσιος]
975 3710 1132 3761 Conf.
1174 3727 1338 3777 supra
1381 3714 1452 3763 ad
1488 3714 1592 3778 ΙΙΙ,

506 3772 594 3823 43.
636 3777 704 3826 46
741 3782 881 3828 nott.

575 3854 1050 3927 Σεβεννύτης]
1114 3865 1199 3914 De
1259 3865 1421 3915 fluvio
1478 3868 1594 3918 Nili

506 3926 877 3993 Sebennytico
903 3931 1135 3981 diximus
1169 3935 1225 3984 in
1247 3935 1497 3985 Excursu
1521 3938 1592 3987 ad

504 3994 582 4056 ΙΙ,
624 3997 705 4046 17.
780 3998 981 4049 Urbem
1019 4001 1191 4064 ipsam
1216 4002 1357 4053 haud
1395 4019 1592 4057 memo-

504 4067 592 4113 rat
624 4064 849 4127 Noster,
906 4083 1045 4132 quae
1094 4071 1351 4122 Straboni
1388 4071 1587 4136 (XVII.

502 4148 631 4197 pag.
684 4133 810 4199 802)
868 4135 1067 4187 dicitur
1122 4132 1156 4201 ἡ
1207 4137 1589 4208 Σεβεννυτικὴ

500 4195 693 4266 πόλις,
743 4219 889 4254 nunc
935 4220 1065 4256 vero
1114 4206 1374 4258 Samanud
1408 4225 1453 4259 s.
1490 4211 1588 4262 Se-

499 4273 706 4334 menud,
744 4273 1109 4338 Sebennytico
1145 4276 1311 4327 fluvio
1345 4279 1415 4328 ab
1445 4282 1587 4331 occi-

499 4340 660 4393 dente
697 4343 966 4409 apposita.
1002 4373 1073 4383 -·
1116 4345 1274 4397 Conf.
1317 4345 1585 4401 Schli'cht-

1740 772 1893 823 horst
1938 774 1976 825 1.
2022 776 2062 827 l.
2108 793 2237 842 pag.
2283 778 2368 831 69.
2425 785 2481 829 et
2535 781 2848 847 Forbiger:

1739 841 1958 895 Handb.
1998 845 2051 897 d.
2090 846 2186 895 alt.
2224 847 2530 914 Geograph.
2570 849 2646 899 11.
2700 867 2847 914 pag.

1740 911 1860 961 797.
1896 944 1967 954 —
2006 907 2362 981 Σεβεννύτης
2396 910 2573 982 νομὸς
2598 935 2847 970 comme-

1740 989 1982 1032 moratur
2017 985 2161 1048 apud
2201 985 2463 1051 Stephan.
2502 988 2633 1051 Byr..
2682 1005 2735 1039 s.
2781 1007 2842 1039 v,

1739 1046 2121 1116 Σεβὲννυτοςς
2148 1053 2465 1121 Sebennyten
2492 1072 2710 1107 nonium
2738 1074 2846 1108 no-

1738 1119 1819 1168 vit
1864 1136 2078 1185 quoque
2128 1123 2338 1174 Plinius
2382 1127 2531 1178 Hist.
2581 1128 2713 1176 Nat.
2767 1128 2839 1190 V,

1798 1187 2037 1324 Ἀἓθριβ
2050 1257 2158 1322 ίτη
2174 1257 2225 1323 ς]
2260 1260 2421 1311 Nomi
2457 1262 2616 1313 huius
2646 1280 2841 1330 aeque

1733 1330 1901 1390 atque
1934 1328 2083 1377 urbis
2122 1330 2365 1380 meminit
2406 1331 2603 1383 Strabo
2641 1335 2834 1384 XVII.

1732 1411 1857 1460 pag.
1906 1395 2035 1458 802,
2083 1388 2404 1465 Ἀθριβίτου
2453 1400 2636 1464 νομοῦ
2693 1419 2838 1468 quo-

1733 1479 1837 1527 que
1895 1465 2203 1529 Stephanus
2262 1468 2602 1532 Byzantinus
2660 1489 2708 1523 s.
2774 1489 2830 1524 v·

1739 1527 2013 1596 Ψενακώ,
2064 1550 2130 1585 ex
2171 1536 2541 1600 Artemidor03
2590 1541 2833 1591 Athribi-

1733 1611 1814 1652 ten
1869 1604 2012 1653 inter
2058 1620 2247 1655 nomos
2301 1606 2693 1672 Aegyptiorum
2739 1627 2831 1661 re-

1731 1677 1916 1722 censet
1957 1673 2167 1723 Plinius
2204 1675 2350 1726 Hist.
2396 1679 2525 1727 Nat.
2562 1680 2629 1740 V,
2676 1681 2732 1731 9.
2771 1683 2828 1742 §-

1729 1738 1817 1791 49.
1906 1741 2070 1792 Urbis
2114 1743 2286 1807 ipsius
2340 1746 2616 1813 (Athribis)
2666 1750 2829 1799 nulla

1729 1808 1873 1872 apud
1909 1811 2168 1861 Nostrum
2207 1816 2439 1876 mentio,
2490 1832 2824 1883 quamquam

1728 1892 1758 1927 e
1798 1881 2105 1943 praecipuis
2145 1882 2380 1947 Aegypti
2417 1885 2689 1936 inferioris
2732 1903 2827 1937 ur·

1727 1947 1884 1997 bibus
1922 1948 2094 1998 fuisse
2132 1951 2330 2012 fertur,
2367 1955 2510 2005 conf.
2542 1958 2823 2009 Ammian.

1726 2015 2027 2069 Marcellin.
2064 2020 2246 2082 XXII,
2284 2021 2365 2084 16,
2391 2023 2444 2072 6.
2518 2024 2668 2074 Idem
2698 2027 2823 2076 Ste-

1723 2084 1937 2147 phanus
1974 2088 2208 2152 Byzant.
2245 2089 2313 2153 (s.
2336 2106 2388 2139 v.
2418 2082 2693 2159 Ἄθλιβις)
2732 2110 2823 2144 ur-

1722 2154 1807 2203 bis
1844 2171 2036 2205 nomen
2079 2157 2284 2221 duplici
2330 2160 2489 2211 modo
2528 2163 2818 2227 scriptum,

1709 2212 1961 2290 ’Ἀθλιβις
1996 2225 2084 2274 vel
2120 2217 2401 2291 Ἆθριβις,
2452 2231 2685 2294 profert;
2728 2249 2821 2283 eo-

1722 2290 1951 2357 demque
1988 2295 2153 2343 etiam
2209 2297 2410 2347 referre
2458 2299 2659 2348 volunt
2690 2317 2815 2351 eam

1719 2360 1959 2426 Aegypti
1990 2363 2176 2413 urbem
2195 2402 2208 2424 ‚
2240 2381 2378 2429 quae
2408 2368 2551 2431 apud
2578 2371 2815 2421 eundem

1717 2428 2049 2494 Stephanum
2081 2448 2144 2481 ex
2168 2435 2449 2486 Hecataeo
2475 2436 2690 2488 Milesio
2732 2440 2817 2490 af·

1716 2497 1918 2562 fertur,
1982 2490 2350 2566 Ἀθάρᾆβιςς
2416 2504 2488 2555 cf.
2547 2506 2808 2558 Mueller:

1713 2567 1989 2633 Fragmm.
2030 2571 2157 2620 hist.
2207 2572 2398 2622 Graec.
2438 2573 2548 2624 111.
2588 2591 2641 2639 p.
2682 2578 2811 2629 632.

1715 2636 1836 2686 Sita
1870 2643 1989 2688 erat
2025 2640 2095 2689 ad
2133 2641 2451 2691 orientalem
2479 2651 2687 2707 partem
2714 2648 2815 2697 flu-

1713 2706 1875 2755 minis
1912 2706 2185 2758 Pelusiaci
2223 2710 2367 2761 haud
2404 2713 2592 2775 procul
2627 2716 2702 2765 ab
2741 2733 2807 2767 eo

1711 2774 1852 2836 loco,
1875 2776 1970 2826 ubi
1993 2792 2026 2827 a
2046 2778 2333 2830 Pelusiaco
2356 2787 2641 2844 separatur
2660 2785 2806 2835 Pha-

1711 2844 1977 2895 tmiticum
2005 2848 2223 2899 ostium.
2281 2850 2576 2915 Antiquam
2604 2868 2805 2905 nomen

1710 2912 1930 2963 Amr-ebt·
1968 2930 2014 2966 s.
2060 2917 2284 2979 Ackrbpe
2333 2934 2476 2969 nunc
2523 2927 2607 2971 est
2650 2939 2805 2973 com-

1710 2987 1977 3032 mutatum
2018 2985 2072 3034 in
2107 2986 2284 3048 Aer-ib,
2326 2990 2417 3052 qui
2448 2990 2605 3040 vicus
2646 2993 2800 3043 urbis

1708 3052 1908 3100 veteris
1946 3052 2122 3103 locum
2149 3062 2400 3120 occupat.
2456 3059 2581 3110 vid.
2603 3060 2800 3111 Cham-

1708 3119 1836 3183 poll.
1876 3120 1912 3170 l.
1962 3120 2000 3172 l.
2047 3138 2173 3188 pag.
2212 3125 2298 3185 48,
2347 3126 2546 3179 Ritter.
2584 3128 2623 3180 l.
2670 3129 2709 3180 l.
2745 3132 2795 3181 1.

1913 3193 1941 3224 ·)

1704 3190 2013 3322 Ραέ).αῗυ.β8ι·κ
2025 3275 2046 3307 ι
2057 3257 2104 3307 θ
2117 3258 2145 3308 ί
2152 3276 2181 3308 τ
2194 3276 2227 3323 η
2242 3259 2288 3325 ς]
2304 3261 2689 3315 Pharbaethites
2699 3281 2796 3316 no-

1704 3341 1841 3386 mus,
1869 3343 2027 3392 quem
2050 3335 2265 3393 praeter
2278 3330 2615 3382 Herodotum
2639 3335 2793 3385 Stra-

1703 3395 1772 3444 bo
1816 3396 1993 3447 XVII.
2045 3413 2173 3462 pag.
2219 3396 2340 3449 802.
2395 3399 2520 3465 (ubi
2565 3393 2594 3449 ὁ
2642 3402 2794 3465 Φαρ-

1700 3459 1933 3528 βητίτης
1968 3461 2168 3528 νομὸς)
2199 3472 2253 3516 et
2286 3466 2425 3518 Plin.
2452 3470 2526 3520 H.
2550 3471 2616 3521 N.
2648 3472 2713 3534 V,
2734 3473 2789 3522 9.

1702 3534 1753 3594 5.
1791 3531 1859 3582 49
1895 3540 2222 3598 memorant,
2269 3552 2465 3587 nomen
2513 3540 2679 3589 traxit
2719 3543 2793 3592 ab

1699 3601 1830 3650 urbe
1860 3604 2194 3667 Phar-bacchi,
2228 3621 2391 3670 quam
2413 3608 2638 3659 eandem
2668 3627 2793 3661 esse

1699 3674 1868 3734 atque
1887 3687 2032 3736 eam,
2065 3689 2202 3738 quae
2239 3689 2385 3725 nunc
2412 3682 2643 3728 vocatur
2664 3679 2790 3730 Bal-

1698 3739 1842 3802 beie‚
1904 3743 2149 3792 nonnulli
2195 3758 2476 3808 perperam
2533 3748 2791 3799 arbitrati

1698 3814 1853 3871 sunt,
1911 3816 1973 3861 ut
2031 3811 2273 3875 pluribus
2336 3819 2788 3868 commonstravit

1696 3876 1999 3942 Champoll.
2042 3880 2081 3931 1.
2134 3880 2172 3932 l.
2221 3882 2298 3932 11.
2348 3898 2474 3947 pag.
2518 3884 2585 3934 94
2625 3901 2781 3951 seqq.

1694 3946 1833 3996 Nam
1847 3948 2220 4000 Pharbaethus
2246 3952 2355 4000 sita
2378 3958 2497 4002 erat
2510 3952 2580 4002 ad
2608 3956 2785 4005 orien-

1693 4014 1858 4066 talem
1903 4017 2078 4082 ripam
2125 4019 2365 4070 Tanitici
2410 4021 2589 4086 fluvii,
2638 4024 2783 4074 occi-

1693 4082 1908 4135 dentem
1946 4101 2136 4137 versus
2163 4088 2534 4152 aPelusia00‚
2571 4092 2784 4142 ubiad-

1688 4151 1794 4203 huc
1828 4154 2024 4206 rudera
2053 4158 2461 4220 conspiciuntur
2489 4159 2560 4210 ad
2597 4161 2779 4211 vicum

1687 4221 1942 4285 Harbait,
1981 4225 2037 4273 iu
2079 4240 2183 4290 quo
2220 4227 2339 4290 ipso
2377 4229 2593 4278 nomine
2629 4235 2781 4280 vete-

1686 4304 1798 4339 rem
1835 4292 2285 4356 appellationem,
2332 4296 2513 4347 demto
2561 4299 2775 4350 scilicet

1685 4360 1916 4411 articulo
1928 4361 1989 4425 Ρ,
2013 4365 2239 4428 agnovit
2252 4363 2608 4430 Cbampollio.
2630 4366 2773 4420 Nam
