3109 5092
1239 330 1491 394 OLIO.
1536 333 1589 392 Ι.
1636 341 1758 397 180.

361 501 698 586 ὡσαύτως.

2513 300 2637 391 3‘53

775 511 914 575 ἔστι
966 506 1042 576 δὲ
1086 503 1254 593 ἄλλη
1295 504 1485 586 πόλις
1526 502 1870 594 ἀπέχουσα
1908 502 2082 574 ὀκτώ
2122 500 2429 595 ἡμερέων
2475 499 2640 575 ὁδὸν

360 608 493 680 άπὸ
518 615 963 697 Βαβυλῶνος,
994 604 1085 690 ’Ὶς
1129 607 1386 698 οὕνομα
1424 605 1619 698 αὐτῇ.
1690 615 1864 679 ἔνθα
1895 611 2033 678 ἐστὶ
2075 606 2366 697 ποταμὸς
2395 604 2478 678 οὐ
2516 609 2634 697 μέ-

361 741 515 801 γας,
545 707 635 793 Ἲς
667 712 781 782 καὶ
821 718 915 807 τῷ
953 718 1230 807 ποταμῷ
1273 710 1348 782 τὸ
1388 709 1678 802 οὕνομα·
1722 712 2030 801 ἐσβάλλει
2073 712 2149 781 δὲ
2189 703 2385 792 οὗτος
2426 713 2494 792 ἐς
2517 708 2639 780 τὸν

361 814 735 907 Εὐφρήτην
773 814 1071 905 ποταμὸν
1109 814 1184 886 τὸ
1225 818 1535 905 ῥέεθρον.
1604 805 1800 896 οὗτος
1846 844 1944 886 ων
1980 811 2016 885 ὅ
2048 810 2142 897 Ἲς
2182 811 2473 903 ποταμὸς
2501 809 2638 903 ἅμα

358 925 453 1013 τῷ
509 915 709 988 ὕδατι
771 918 1119 1010 θρόμβους
1173 916 1524 1007 ἀσφάλτου
1580 915 1899 989 ἀναδιδοῖ
1946 915 2237 998 πολλους
2256 970 2275 1004 ,
2331 924 2540 987 ἔνθεν
2593 911 2635 1004 ἡ

362 1019 700 1111 ἄσφαλτος
728 1024 794 1102 ἐς
834 1021 910 1093 τὸ
936 1026 1011 1092 ἐν
1038 1027 1399 1110 Βαβυλῶνι
1426 1037 1641 1110 τεῖχος
1668 1024 2017 1111 ἐκομίσθη.
2101 1028 2474 1109 Τετείχιστο
2505 1021 2629 1109 μέν
2653 1031 2775 1094 180

361 1153 497 1195 νυν
537 1121 580 1215 ἦ
617 1124 951 1212 Βαβυλών
990 1124 1219 1222 τρόπφ
1258 1129 1519 1219 τοιῷδε.
1603 1131 1741 1195 ἔστι
1789 1124 1866 1195 δὲ
1903 1124 2028 1195 δύο
2069 1123 2335 1215 φάρσεα
2362 1129 2480 1212 τῆς
2507 1121 2631 1192 πό-

969 1328 1193 1374 auctore
1228 1323 1453 1374 Polluce

366 1393 651 1444 Onomast.
686 1393 734 1444 Ι.
771 1396 824 1457 5.
860 1391 929 1443 76
958 1398 1015 1443 et
1047 1391 1288 1458 Hesych.
1321 1408 1367 1444 s.
1394 1408 1449 1443 ν.

363 1452 739 1526 ὑπέρθυρα
795 1462 1076 1527 superiora
1133 1467 1326 1528 portae
1384 1461 1452 1511 li-

364 1531 540 1594 mina,
576 1532 1007 1596 superliminaria,
1043 1535 1107 1582 ut
1142 1531 1276 1581 dicit
1298 1532 1453 1597 Wyt-

362 1601 686 1652 tenbachius
757 1599 1003 1666 (Selectt.
1061 1601 1340 1652 historice.
1396 1618 1449 1666 p.

364 1670 490 1736 354)
509 1707 523 1734 ‚
572 1670 703 1736 quia
750 1675 877 1722 sunt
919 1670 1109 1721 limina
1152 1671 1451 1737 superiora,

364 1741 423 1791 id
452 1745 562 1804 est,
598 1745 912 1790 transversa
948 1755 1106 1805 pars,
1143 1755 1283 1805 quae
1318 1739 1453 1790 duos

366 1814 552 1875 postes
582 1824 814 1875 superne
848 1809 1052 1874 iungit,
1090 1810 1263 1859 limini
1290 1824 1454 1875 oppo-

368 1880 477 1930 sita
511 1884 679 1944 atque
710 1879 1044 1930 ornamentis
1073 1894 1171 1943 pro
1196 1894 1344 1928 more
1376 1879 1456 1928 in·

368 1949 785 2071 ¹flgn1i3ta³1550nf
820 1948 1141 2069 &getticher
1176 1947 1455 1998 Tektonik

921 2033 980 2067 se

420 2077 505 2144 ’Ἲς
538 2033 782 2151 οὔνομῖτ
838 2032 1035 2153 mityjcf
1075 2086 1181 2137 vix
1233 2083 1456 2136 dubium

369 2172 491 2277 {sse
524 2159 735 2274 potegt‚
786 2156 856 2206 ab
903 2155 1186 2206 Herodoto
1223 2171 1344 2206 eam
1380 2154 1459 2274 int

407 2241 543 2276 icari
581 2241 646 2275 ur
684 2240 801 2287 em,
840 2226 928 2275 cui
962 2240 1109 2275 nunc
1142 2239 1339 2275 nomen
1373 2239 1432 2274 es

367 2296 493 2358 Hic,
539 2294 636 2344 ubi
675 2293 852 2345 adhuc
896 2294 1077 2344 fontes
1122 2294 1217 2343 isti
1262 2292 1458 2344 fervidi

371 2381 437 2416 ac
455 2365 727 2414 fumantes
750 2363 991 2429 conspici
1012 2363 1282 2426 dicuntur,
1314 2363 1460 2427 ipsa-

371 2449 477 2501 que
511 2434 686 2497 fama,
723 2434 771 2483 si
795 2448 963 2497 penes
985 2431 1266 2483 Herbelot.
1304 2432 1456 2496 fides,

371 2508 592 2554 servata
630 2507 741 2564 est,
791 2502 895 2553 hoc
928 2502 1192 2552 bitumine
1223 2501 1460 2567 Babylo-

370 2588 497 2623 nem
543 2571 670 2623 olim
720 2572 891 2621 fuisse
939 2576 1290 2622 exstructam.
1376 2570 1463 2622 cf.

370 2641 598 2693 Rennel.
655 2640 692 2693 1.
729 2640 766 2691 l.
803 2656 934 2706 pag.
975 2642 1080 2692 552
1135 2646 1192 2691 et
1226 2640 1463 2691 Heereu.

371 2711 542 2763 Ideen
578 2711 626 2772 1,
664 2712 717 2761 2.
745 2725 872 2775 pag.
918 2709 1029 2774 148,
1067 2710 1163 2775 qui
1195 2710 1334 2760 bene
1373 2709 1464 2760 ad—

363 1326 492 1373 sunt
521 1330 694 1387 postes
724 1330 935 1387 portae,

374 2780 486 2843 dit,
523 2779 688 2830 hosce
725 2780 907 2829 fontes
943 2794 1053 2830 non
1085 2779 1279 2830 unicos
1312 2779 1369 2827 in
1403 2777 1491 2839 il-,

374 2849 442 2899 lis
480 2849 794 2914 regionibus
830 2862 977 2911 esse,
1026 2863 1215 2898 verum
1247 2852 1465 2913 praeter

374 2919 517 2969 alios
565 2919 622 2967 in
657 2918 811 2983 Tigri
864 2917 1175 2982 frequentes
1211 2918 1462 2967 inveniri.

372 2989 455 3040 Ac
490 2987 780 3053 praecipue
810 3001 955 3037 nunc
980 2986 1341 3037 consulendus
1378 2990 1463 3037 est

376 3058 557 3109 Ritter
582 3055 901 3120 (Erdkunde
923 3055 1022 3106 Xl.
1054 3071 1110 3120 p.
1135 3054 1239 3106 749
1264 3054 1461 3120 seqq.)‚

376 3128 472 3192 qui
508 3142 619 3176 non
656 3124 831 3175 solum
868 3129 1114 3176 veterum
1151 3124 1464 3175 testimonia

378 3195 447 3247 de
500 3195 603 3246 hoc
661 3194 783 3245 loco
839 3194 1107 3256 excussit,
1171 3194 1465 3259 docuitque

378 3281 499 3316 eam
530 3265 747 3327 urbem,
794 3278 935 3329 quae
970 3263 1199 3328 Aeipolis
1237 3267 1464 3313 vocetur

377 3334 520 3401 apud
558 3333 831 3384 Isidorum
866 3333 1027 3383 Char.
1046 3369 1060 3395 ,
1105 3347 1215 3382 non
1251 3332 1465 3382 differre

377 3406 449 3455 ab
481 3403 823 3464 Herodotea,
874 3417 1062 3452 verum
1108 3401 1274 3451 etiam
1319 3418 1349 3452 e
1383 3416 1465 3451 re-

378 3474 678 3525 centiorum
745 3471 1212 3537 peregrinatorum
1288 3468 1467 3535 (Aius-

378 3542 574 3606 vorth,
597 3538 883 3604 Wellsted,
914 3540 1185 3605 Chesney,
1215 3538 1464 3604 aliorum)

380 3610 857 3665 observationibus
881 3625 948 3660 ea
966 3609 1173 3672 attulit,
1203 3624 1342 3674 quae
1361 3610 1470 3659 He·

379 3681 562 3733 rodoti
609 3680 976 3730 narrationem
1021 3678 1181 3745 plane
1227 3693 1470 3743 compro-

381 3752 518 3802 bant
551 3764 791 3815 veraque
835 3764 983 3812 esse,
1033 3764 1174 3813 quae
1219 3747 1285 3798 de
1328 3747 1469 3798 bitu-

380 3821 526 3871 mine
560 3819 675 3870 illic
709 3819 1059 3884 proveniente
1094 3817 1294 3868 Noster
1340 3817 1469 3867 scri-

381 3890 495 3952 bit,
542 3887 863 3950 ostendunt,
915 3902 1036 3938 cum
1083 3886 1262 3938 adhuc
1312 3889 1470 3936 tanta

383 3925 625 4024 asp’halti
661 3957 821 4022 copia
854 3958 1168 4022 proveniat,
1222 3969 1363 4021 quae
1399 3952 1470 4006 ad

382 4028 577 4079 urbem
641 4025 1022 4078 exstruendam
1084 4024 1338 4076 sufficere
1391 4021 1471 4074 vi·

385 4098 601 4149 deutur.
672 4097 758 4147 De
791 4096 914 4161 ipso
959 4096 1155 4157 fluvio,
1204 4094 1299 4159 qui
1344 4092 1474 4144 dici-

384 4173 478 4218 tur
510 4166 591 4230 Is,
630 4181 787 4216 nemo
814 4169 1060 4215 veterum
1094 4164 1477 4215 recentiorum·

386 4251 495 4301 que
546 4234 841 4301 quidquam
888 4233 1046 4285 dixit.
1124 4234 1278 4295 Quae
1333 4232 1475 4282 enim

388 4321 455 4356 ex
476 4303 806 4369 Etymologo
843 4307 1009 4369 atque
1037 4301 1332 4354 Eustathio
1362 4302 1479 4352 lau-

387 4374 490 4424 dat
510 4371 933 4439 Wesselingius,
972 4371 1051 4423 nil
1079 4370 1346 4422 adiuvant
1378 4384 1480 4421 nec

484 4473 822 4517 HERODO'I'.
868 4473 916 4516 1.
954 4484 968 4497 ·

1553 1325 1774 1376 aliunde
1810 1326 1917 1377 nisi
1967 1341 2034 1376 ex
2078 1326 2198 1391 ipso
2234 1325 2516 1376 Herodoto
2552 1322 2641 1375 de·

1553 1402 1806 1461 prompta
1849 1394 2122 1446 videntur.
2206 1396 2412 1445 Nostra
2454 1396 2642 1445 aetate

1555 1465 1650 1530 qui
1674 1465 1810 1516 haec
1839 1464 1966 1515 loca
1996 1466 2376 1531 inspexerunt,
2414 1462 2548 1514 nihil
2575 1461 2643 1514 de

1556 1534 1721 1586 fluvio
1773 1539 2025 1598 narrant,
2073 1533 2170 1584 sed
2215 1549 2426 1585 omnem
2468 1533 2644 1599 regio-

1554 1619 1679 1654 nem
1738 1603 1983 1655 fontibus
2053 1603 2335 1654 abundare
2399 1602 2645 1653 scribunt

1553 1673 1765 1739 largam
1799 1687 2061 1738 aquarum
2093 1673 2305 1737 copiam
2341 1671 2646 1737 praebenti-

1558 1743 1691 1792 bus:
1754 1758 1916 1808 quam
1959 1743 2135 1807 ipsam
2181 1741 2336 1791 fluvii
2380 1757 2426 1791 s.
2479 1739 2645 1790 rivuli

1560 1810 1632 1875 (si
1666 1812 1761 1875 qui
1797 1811 2014 1860 omnino
2051 1810 2292 1871 exstitit,
2345 1825 2522 1874 neque
2558 1824 2646 1859 ca-

1556 1879 1699 1930 nalis
1741 1881 1850 1930 fuit
1893 1882 1951 1929 in
1985 1879 2318 1944 Euphratem
2357 1876 2645 1944 deductus)

1558 1951 1616 2000 in
1660 1949 1840 2000 locum
1893 1964 2037 1999 nunc
2084 1948 2318 1999 cessisse
2368 1948 2645 1999 existimes

1560 2034 1684 2070 cum
1717 2020 1932 2070 Rittero
1969 2017 2009 2067 l.
2055 2016 2093 2068 1.
2131 2034 2186 2082 p.
2224 2018 2347 2069 750.
2420 2016 2646 2066 Minime

1561 2103 1689 2139 vero
1738 2088 1843 2138 hoc
1886 2086 1998 2137 tale
2034 2091 2149 2150 est,
2200 2086 2346 2152 quod
2378 2085 2646 2137 Herodoti

1559 2157 1719 2208 fidem
1766 2158 2065 2209 diminuere
2113 2157 2319 2221 possit,
2367 2156 2510 2207 bene
2551 2170 2648 2206 no·

1561 2232 1716 2277 tante
1741 2227 1984 2292 Breiger.
2016 2227 2073 2276 in
2100 2226 2406 2292 Geograph.
2439 2223 2645 2276 Herod.

1561 2297 1792 2361 Specim.
1849 2312 1977 2363 pag.
2035 2297 2104 2347 54
2148 2311 2265 2361 seq.
2362 2295 2650 2346 Caeterum

1560 2366 1703 2416 hunc
1742 2366 2010 2417 Herodoti
2063 2364 2240 2416 locum
2292 2364 2360 2415 de
2404 2365 2540 2415 urbe
2595 2367 2650 2414 et

1561 2435 1747 2497 fluvio,
1777 2436 1864 2486 cui
1896 2449 2092 2485 nomen
2109 2434 2188 2494 Is,
2220 2434 2508 2514 exscripsit
2532 2434 2652 2485 Ste-

1561 2504 1773 2570 phanus
1798 2505 2033 2569 Byzant.
2072 2519 2119 2555 s.
2144 2519 2199 2553 v.
2225 2494 2321 2560 Ἲς.
2361 2503 2521 2555 Conf.
2541 2505 2650 2554 Eu·

1569 2573 1735 2624 stath.
1778 2574 1846 2624 ad
1881 2572 2043 2624 Iliad.
2081 2588 2136 2637 p.
2171 2572 2305 2634 877,
2341 2572 2407 2623 16
2445 2588 2489 2623 s.
2527 2572 2649 2633 827,

1571 2643 1636 2695 19
1673 2642 1796 2692 coll.
1846 2639 2088 2706 Etymol.
2134 2640 2277 2692 Gud.
2324 2655 2379 2704 p.
2429 2639 2558 2702 270,
2596 2637 2649 2690 3.

1569 2728 1633 2762 ex
1683 2710 1865 2762 Schol.
1913 2710 2192 2761 Theocrit.
2226 2708 2384 2772 XVI,
2434 2709 2535 2760 100
2580 2707 2652 2757 ab

1568 2781 1770 2832 Aderto
1819 2779 1997 2830 editus
2055 2794 2183 2844 pag.
2231 2777 2317 2829 49.
2400 2778 2486 2828 De
2531 2777 2654 2843 ipsa

1569 2867 1702 2902 voce
1730 2850 1978 2915 disputat
1992 2847 2217 2900 Lobeck
2250 2848 2307 2897 in
2333 2848 2483 2900 Diss.
2511 2847 2560 2897 1.
2584 2846 2653 2897 de

1567 2920 1809 2970 nominn.
1857 2919 1952 2969 Gr.
2000 2919 2068 2970 L.
2119 2916 2407 2982 monosyll.
2465 2917 2539 2995 (R

1566 2995 1735 3039 mont.
1792 2987 1949 3053 1833)
2008 3004 2062 3052 p.
2117 2987 2200 3039 13.
2254 3016 2326 3026 -
2393 2931 2655 3051 θρόμὲοι

1564 3049 1858 3121 ἀσφάλτου
1904 3061 2033 3108 sunt
2085 3059 2251 3122 yrum·
2302 3055 2548 3107 bituminis
2596 3054 2654 3104 in

1565 3129 1685 3193 ipso
1722 3126 1886 3177 fluvio
1935 3127 2077 3176 inter
2119 3126 2234 3177 eius
2280 3125 2454 3175 undas
2503 3123 2654 3186 editi,

1567 3197 1757 3262 quales
1809 3195 1988 3246 adhuc
2055 3195 2112 3244 in
2161 3195 2285 3244 istis
2305 3194 2656 3322 ‚regionibus

1566 3264 1714 3316 haud
1746 3281 1872 3315 raro
1909 3269 2217 3315 cernuntur.
2287 3251 2400 3313 ἄνα
2441 3256 2634 3312 ιδόναι

1570 3335 1716 3399 quod
1760 3334 2107 3384 intransitive
2154 3333 2354 3383 Noster
2407 3331 2655 3382 adhibuit

1568 3404 1697 3464 VII,
1735 3402 1820 3464 26,
1855 3401 1945 3452 hic
1989 3400 2138 3452 valet
2178 3401 2360 3463 edere,
2412 3401 2654 3456 mttere.

1570 3472 1851 3537 mtfsteiqen
1902 3472 2098 3528 tossen,
2166 3473 2229 3518 ut
2283 3469 2425 3520 bene
2475 3466 2658 3518 reddit

1568 3541 1713 3592 Held
1753 3539 1824 3589 ad
1858 3538 2138 3589 Plutarch.
2173 3537 2497 3589 Timoleont.
2532 3552 2654 3601 cap.

1572 3612 1639 3662 27
1676 3608 1798 3660 init.
1834 3624 1890 3673 p.
1928 3610 2014 3670 52,
2050 3607 2147 3658 ubi
2180 3606 2294 3659 vid.

1898 3780 2031 3833 Cu.
2071 3778 2335 3831 CLXXX.

1647 3881 1836 3964 Τετείχ
1841 3896 1963 3932 ιστο
2005 3879 2108 3947 μέν
2157 3896 2265 3930 νυν
2308 3870 2343 3945 ἡ
2389 3869 2660 3948 Βαβυλὼν

1571 3946 1764 4022 τρόπῳ
1804 3901 2031 4018 τοιωδε]
2088 3951 2268 4017 Vulgo
2309 3954 2365 4002 et
2411 3949 2466 4001 h.
2513 3950 2555 4001 l.
2604 3953 2661 4000 et

1573 4039 1695 4089 cap.
1742 4023 1836 4075 181
1898 4001 2255 4085 ἐτετείχιστο,
2313 4035 2476 4086 quam
2532 4019 2663 4070 scri-

1573 4099 1789 4159 pturam
1812 4092 2141 4144 auctoritate
2159 4087 2664 4142 Schellershemiani

1577 4163 1704 4213 libri
1726 4162 2027 4223 reiecimus‚
2053 4165 2116 4210 ut
2148 4159 2310 4226 paulo
2337 4163 2465 4224 post
2489 4154 2663 4217 διείρ-

1578 4245 1682 4297 γει,
1715 4231 1869 4282 cuius
1898 4230 2019 4282 loco
2053 4245 2120 4280 ex
2147 4229 2334 4281 eodem
2357 4228 2496 4278 libro
2519 4241 2664 4276 nunc

1580 4304 1857 4366 receptum
1920 4296 2146 4362 διέργει.
2228 4299 2313 4347 De
2372 4298 2665 4362 augmento

1580 4368 1916 4435 reduplieato
1986 4365 2506 4432 plusquamperfecti
2572 4378 2666 4413 ne-

2152 4442 2234 4507 23
