3109 5092
414 319 541 397 58'2

1289 336 1831 398 HERODOTI

419 510 704 603 πήχεας,
760 509 876 578 καὶ
922 513 1139 600 μέζων
1185 515 1304 580 ἔτι.
1398 517 1534 600 ἔχει
1589 511 1666 581 δὲ
1707 505 2107 600 ὀφθαλμοὺς
2146 509 2276 598 μὲν
2308 504 2458 595 ὑὸς,
2503 505 2704 579 ὀδόν-

418 644 537 698 τας
584 615 659 685 δὲ
694 612 1030 704 μεγάλους
1074 614 1188 684 καὶ
1236 615 1717 702 χαυλιόδοντας
1733 668 1751 701 ,
1803 612 1969 685 κατὰ
2000 612 2206 701 λόγον
2231 618 2351 683 τοῦ
2378 613 2705 702 σώματος.

418 723 733 808 γλῶσσαν
769 716 845 787 δὲ
883 723 1141 807 μοῦνον
1166 726 1435 807 θηρίων
1461 715 1589 789 οὐκ
1634 724 1883 806 ἔφυσε,
1929 714 2092 787 οὐδὲ
2118 715 2243 806 τὴν
2276 716 2457 787 κάτω
2492 719 2703 787 κινέει

418 917 538 973 ὥοῦ
586 916 825 986 γένεται]
870 917 1146 971 crocodili
1188 917 1398 984 pullus,
1444 925 1508 971 ut

419 992 584 1044 iidem
616 992 837 1040 monent
866 989 972 1038 viri
1006 988 1187 1051 docti,
1226 989 1322 1039 ubi
1346 1005 1506 1040 ovum

420 1059 709 1127 relinquit,
759 1056 1101 1124 longitudine
1159 1064 1367 1123 septem
1410 1064 1508 1109 aut

333 1181 338 1186 ,
423 1135 547 1182 octo
593 1127 817 1195 pollices
866 1128 980 1178 fere
1032 1132 1261 1193 aequat,
1311 1133 1367 1179 et
1412 1128 1509 1178 ali-

422 1205 556 1268 quot
589 1201 715 1264 post
750 1211 963 1247 meuses
1005 1196 1113 1247 iam
1155 1197 1228 1246 ad
1276 1197 1509 1264 plurium

424 1270 620 1335 pedum
659 1265 1056 1331 longitudinem
1105 1269 1381 1330 pervenit,
1429 1269 1510 1316 ita

421 1344 486 1390 ut
530 1335 749 1388 adultus
809 1335 1039 1400 triginta
1083 1336 1249 1399 pedes
1301 1341 1355 1387 et
1400 1352 1514 1386 am-

422 1408 564 1474 plius
590 1403 932 1469 longitudine
962 1403 1195 1468 expleat.
1267 1406 1513 1456 Herodo-

422 1482 512 1527 tus
547 1489 672 1524 mox
707 1473 862 1538 ponit
881 1473 1250 1538 septendecim
1275 1475 1510 1538 cubitos,

424 1545 519 1611 qui
547 1544 747 1610 viginti
770 1543 1007 1609 quinque
1030 1542 1196 1607 pedes
1221 1543 1512 1595 Rhenanus

425 1617 594 1666 ferme
631 1617 895 1678 aequant3
945 1612 1206 1663 Aelianus
1241 1629 1371 1663 vero
1408 1614 1511 1664 sub

422 1681 814 1735 Psammiticho
870 1681 1064 1731 scribit
1110 1683 1288 1732 visum
1342 1683 1512 1734 fuisse

423 1752 754 1805 crocodilum
789 1751 989 1815 viginti
1034 1753 1275 1817 quinque
1310 1753 1516 1803 cubito-

426 1839 573 1887 rum,
628 1836 770 1887 quae
824 1821 1055 1886 triginta
1109 1821 1348 1888 quinque
1401 1822 1515 1873 fere

425 1892 620 1960 pedum
659 1896 743 1941 est
786 1905 1064 1953 mensura,
1099 1890 1375 1957 aliumque
1413 1892 1514 1942 sub

426 1963 644 2024 Amasi,
681 1960 837 2012 cuius
870 1959 1158 2026 longitudo
1187 1961 1383 2026 viginti
1418 1977 1512 2013 sex

427 2032 596 2083 fuerit
620 2030 954 2091 cubitorum;
986 2029 1099 2082 vid.
1126 2030 1258 2082 Nat.
1276 2031 1511 2082 Animal.

425 2101 604 2162 XVII,
636 2100 690 2150 6.
760 2098 914 2149 Alios
952 2105 1196 2150 veterum
1243 2100 1394 2151 locos
1430 2107 1513 2151 at-

426 2171 553 2221 tulit
589 2166 957 2232 Lindenbrog.
984 2168 1054 2218 ad
1074 2169 1343 2219 Ammian.
1368 2171 1513 2221 Mar-

427 2237 549 2290 cell.
586 2235 766 2297 XXII,
795 2237 878 2287 15.
916 2239 967 2299 §-
1001 2238 1083 2289 16.
1153 2237 1306 2298 Quae
1330 2243 1513 2290 tamen

427 2322 536 2358 non
556 2305 754 2355 fictitia
788 2319 937 2367 esse,
976 2305 1391 2370 crocodilorum,
1420 2311 1514 2374 qui

426 2376 591 2426 bodie
636 2374 1015 2434 inveniuntur,
1073 2376 1259 2440 arguit
1303 2379 1515 2443 magni-

427 2445 582 2496 tudo.
634 2443 906 2494 Observat
924 2444 1234 2510 Russegger
1264 2444 1301 2496 l.
1330 2445 1390 2508 l.,
1419 2463 1515 2511 per

429 2514 665 2566 Nubiam
689 2513 921 2564 maiores
945 2514 1170 2579 reperiri
1211 2515 1515 2567 crocodilos

428 2600 591 2652 quam
637 2584 695 2633 in
742 2583 1024 2648 Aegypto,
1072 2599 1274 2649 eosque
1315 2586 1516 2652 viginti

428 2659 663 2721 quatuor
718 2651 914 2718 pedum
973 2653 1368 2719 longitudinem
1422 2656 1516 2705 ha-

426 2724 579 2787 bere,
620 2738 757 2789 quae
789 2723 1022 2774 subinde
1056 2723 1126 2773 ad
1163 2725 1395 2790 triginta
1427 2739 1515 2776 us-

430 2810 533 2860 que
578 2793 743 2859 pedes
789 2793 1073 2844 ascendat.
1145 2794 1300 2846 Conf.
1349 2795 1514 2845 etiam

427 2863 781 2913 Tiedemanu.
816 2861 855 2911 l.
891 2862 929 2913 l.
957 2878 1086 2928 pag.
1109 2862 1178 2913 69
1208 2870 1264 2914 et
1296 2864 1518 2916 Schnei-

431 2931 545 2982 der.
583 2929 621 2980 l.
659 2931 696 2978 l.
733 2944 862 2994 pag.
905 2930 1004 2982 142
1040 2947 1192 2996 seqq.

498 2994 608 3063 ἔχει
634 2992 698 3046 δὲ
725 2992 1069 3063 ὀφθαλμοὺς
1090 2995 1194 3062 μὲν
1225 2990 1355 3066 ὑὸς]
1376 3000 1517 3051 Sunt

429 3065 692 3120 crocodili
725 3067 870 3116 oculi
916 3083 1014 3134 pro
1059 3073 1221 3124 tauta
1271 3069 1514 3134 corporis

428 3137 570 3189 mole
604 3151 901 3200 sanequam
935 3138 1120 3202 parvi,
1173 3137 1346 3188 minus
1383 3139 1517 3191 elati

430 3212 485 3258 et
529 3206 845 3272 plerumque
889 3220 923 3255 a
970 3206 1241 3271 palpebris
1291 3207 1515 3272 obtecti,

428 3283 491 3328 ut
528 3275 706 3326 suillis
743 3274 915 3325 oculis
952 3275 1102 3326 haud
1133 3275 1275 3326 male
1300 3292 1515 3343 compa-

428 3348 539 3398 rari
561 3345 792 3412 possint,
832 3360 1157 3411 quamquam
1181 3345 1367 3396 felium
1391 3363 1517 3397 ocu-

430 3418 499 3467 lis
535 3415 820 3468 similiores
855 3415 979 3466 illos
1010 3430 1130 3465 esse
1158 3415 1283 3465 olim
1321 3419 1520 3468 statuit

433 3487 632 3537 Camus
669 3485 917 3550 idemque
955 3500 1099 3546 nunc
1127 3487 1324 3535 statuit
1342 3487 1518 3537 Minu-

431 3555 532 3606 toli
566 3554 607 3607 l.
644 3553 680 3604 l.
718 3569 848 3620 pag.
887 3554 989 3605 160
1025 3555 1150 3611 coll.
1180 3553 1436 3621 Geoffroy
1461 3573 1515 3621 p.

431 3626 551 3679 379.
624 3624 711 3673 Tu
745 3624 856 3675 vid.
904 3625 1249 3689 potissimum
1297 3625 1522 3676 Schnei-

432 3694 546 3745 der.
593 3692 632 3743 1.
681 3692 718 3743 1.
761 3709 890 3758 pag.
940 3694 1008 3745 23
1059 3699 1116 3745 et
1163 3693 1518 3746 Tiedemann.

429 3763 469 3815 l.
511 3764 547 3814 l.
580 3777 708 3827 pag.
746 3763 834 3814 28.

503 3824 748 3888 ὀδόντας
787 3825 850 3880 δὲ
873 3823 1150 3895 μεγάλους
1172 3828 1269 3882 καὶ
1292 3824 1517 3898 χαυλιό-

430 3897 663 3964 δοντας]
716 3892 1117 3964 χαυλιόδοντες
1168 3907 1297 3953 sunt
1341 3903 1519 3954 dentes

433 3971 659 4033 exserti,
698 3969 790 4035 des
823 3968 971 4019 dente
1004 3973 1255 4031 saillants,
1302 3976 1366 4022 ut
1398 3987 1517 4022 ver-

428 4039 498 4089 tit
544 4036 877 4098 Lai-chorus,
935 4038 1164 4090 Diodori
1216 4041 1516 4091 admonens

427 4109 475 4168 1,
500 4106 567 4158 35
605 4110 662 4155 et
695 4106 778 4156 Io.
818 4105 1042 4158 Diacon.
1069 4108 1241 4161 schol.
1278 4110 1335 4160 in
1356 4110 1510 4162 Scut.

424 4174 654 4228 Hesiod.
691 4189 775 4226 vs.
805 4174 927 4239 303,
963 4176 1060 4240 qui
1094 4180 1316 4244 exponit
1343 4170 1514 4229 ὀδόν-

423 4260 524 4304 τας
560 4235 923 4308 ἐξεστηκότας
955 4243 1060 4296 τοῦ
1108 4239 1400 4312 στόματος.
1439 4280 1510 4291 -

426 4316 494 4366 In
526 4313 648 4379 ipsa
684 4329 745 4364 re
793 4328 980 4379 nemo,
1036 4317 1128 4381 qui
1175 4317 1348 4368 oculis
1395 4319 1509 4369 suis

422 4385 542 4450 ipse
585 4382 886 4450 inspexerit
931 4385 1287 4452 crocodilum,
1337 4388 1510 4440 Hero-

1612 920 1799 970 dotum
1836 917 2036 969 erroris
2062 922 2273 984 arguet.
2344 918 2487 968 Nam
2511 916 2703 967 dentes

1611 987 1883 1040 crocodilo
1922 990 2049 1037 sunt
2084 987 2271 1053 magni
2295 991 2349 1036 ct
2385 987 2440 1036 in
2479 987 2702 1037 maxilla

1611 1059 1892 1124 superiore
1936 1056 2181 1122 plerique
2236 1057 2318 1106 ita
2362 1057 2588 1119 exserti,
2640 1060 2705 1106 ut

1612 1129 1775 1179 etiam
1822 1141 1915 1177 ore
1963 1126 2178 1188 clauso,
2238 1141 2361 1176 cum
2399 1124 2551 1175 labia
2593 1141 2704 1176 nou

1612 1198 1823 1258 adsint,
1859 1196 1993 1246 foris
2030 1200 2348 1260 spectentur
2368 1211 2397 1245 e
2423 1195 2703 1260 superiore

1612 1266 1836 1317 maxilla
1862 1265 2114 1316 deorsum
2136 1266 2522 1329 prominentes.
2548 1265 2704 1315 Haec

1618 1341 1673 1387 et
1701 1336 1859 1400 plura
1902 1333 2261 1385 Schneiderus
2303 1333 2342 1384 l.
2391 1333 2429 1383 l.
2468 1350 2594 1400 pag.
2632 1334 2704 1386 34

1615 1405 1740 1457 coll.
1780 1404 2137 1456 Tiedemann.
2173 1419 2230 1468 p.
2270 1403 2338 1455 39
2374 1419 2546 1470 seqq„
2596 1419 2706 1469 quo

1615 1481 1849 1541 utroque
1883 1473 2003 1524 loco
2045 1473 2204 1539 plura
2248 1474 2413 1525 etiam
2463 1474 2706 1525 invenies

1622 1545 1689 1595 de
1726 1544 1969 1595 dentium
2004 1558 2225 1593 numero
2261 1549 2428 1608 atque
2463 1542 2622 1593 serie.

1688 1611 1949 1679 γλῶσσαν
1985 1607 2050 1662 δὲ
2085 1611 2308 1676 μοῦνον
2339 1611 2569 1692 θηρίων
2599 1602 2707 1661 οὔτι
2745 1618 2751 1623 ’

1614 1678 1807 1749 ἔφυσε]
1850 1698 1927 1733 sc.
1978 1672 2009 1731 ὁ
2046 1674 2439 1744 κροκόδειλος,
2486 1695 2582 1732 non
2615 1698 2709 1747 qe-

1618 1757 1749 1812 nm't,
1810 1768 1955 1804 imum
1999 1767 2070 1804 σω
2124 1752 2343 1802 omnibus
2394 1751 2707 1806 annualibus.

1614 1823 1714 1874 ciba·
1742 1823 1985 1887 linquam,
2033 1822 2069 1874 i.
2109 1837 2157 1871 e.
2203 1822 2343 1871 haud
2382 1830 2579 1872 naccum
2626 1829 2711 1871 ese

1615 1896 1831 1956 linquam
1872 1905 2018 1940 umcm
2067 1890 2161 1941 hoc
2215 1893 2349 1941 incer
2389 1892 2553 1941 omm‘a
2594 1891 2707 1940 ani·

1615 1963 1730 2011 mal.
1770 1985 1842 1998 ·-
1876 1961 1985 2011 Res
2024 1961 2147 2024 ipsa
2180 1960 2341 2011 valde
2377 1959 2705 2025 disceptata,

1613 2030 1936 2097 praesertim
1990 2045 2113 2080 cum
2162 2029 2484 2081 Aristoteles
2531 2030 2705 2088 (Hist.

1615 2102 1718 2151 An.
1758 2100 1806 2162 I,
1863 2100 1942 2150 11.
1995 2099 2071 2162 11,
2120 2099 2204 2149 10.
2253 2102 2321 2162 V,
2369 2098 2460 2164 33)
2507 2099 2709 2165 aliique

1616 2171 1908 2234 scriptores
1959 2168 2049 2232 (ut
2103 2168 2313 2220 Plinius
2372 2170 2522 2220 Hist.
2568 2170 2703 2219 Nat.

1616 2241 1771 2302 VIII,
1800 2240 1885 2291 37.
1958 2237 2236 2289 Plutarch.
2278 2239 2346 2288 de
2369 2239 2446 2288 Is.
2476 2243 2533 2289 et
2558 2238 2707 2289 Osir.

1616 2325 1738 2374 cap.
1778 2310 1862 2360 75.
1901 2324 1955 2373 p.
1995 2305 2127 2372 381)
2153 2309 2288 2359 haec
2321 2324 2387 2358 ex
2426 2308 2708 2359 Herodoto

1618 2378 1954 2443 repetierint,
1978 2394 2077 2428 nec
2097 2379 2390 2428 recentiori
2412 2383 2597 2428 aetate
2620 2378 2711 2428 ‹le-

1618 2448 1841 2509 suerint,
1877 2447 1971 2512 qui
1994 2448 2279 2499 Herodoto
2302 2449 2712 2513 patrocinaren-

1618 2522 1707 2566 tur
1733 2517 1802 2566 ab
1835 2515 1959 2565 aliis
1981 2516 2311 2567 obtrectato.
2383 2518 2544 2568 Nunc
2578 2533 2709 2569 vero

1616 2601 1701 2636 res
1741 2585 2013 2650 expedita.
2084 2587 2272 2637 Habet
2304 2587 2490 2652 utique
2525 2603 2711 2638 croco-

1617 2655 1759 2704 dilus
1795 2655 2065 2722 linguam,
2103 2660 2166 2705 ut
2200 2655 2411 2722 reliqua
2432 2656 2710 2721 animalia,

1616 2723 1711 2774 sed
1743 2723 1844 2774 sub
1887 2723 2141 2774 maxillae
2192 2725 2466 2776 inferioris
2512 2741 2712 2792 aspera

1618 2793 1786 2858 pelle,
1839 2795 1995 2859 quasi
2050 2793 2175 2844 laxo
2212 2794 2431 2846 vinculo
2469 2811 2711 2862 compre-

1616 2864 1867 2926 hensam,
1918 2864 1998 2914 sic
2035 2863 2473 2928 delitescentem,
2518 2871 2582 2915 ut
2613 2868 2708 2916 vix

1617 2934 1790 2999 primo
1828 2932 2093 2999 adspectu
2138 2940 2450 3000 compareat
2500 2935 2710 2986 multis-

1620 3018 1726 3068 que
1758 3003 1891 3052 viris
1926 3018 2149 3067 prorsus
2186 3005 2382 3055 abesse
2412 3004 2705 3056 videretur.

1618 3073 1759 3123 Nam
1775 3071 2028 3122 maxillae
2054 3073 2326 3124 inferioris
2347 3074 2708 3126 interstitium

1618 3147 1793 3192 totum
1826 3146 2059 3208 occupat
2093 3144 2320 3208 eiusque
2356 3145 2590 3210 margini
2623 3146 2706 3195 in·

1616 3211 1805 3262 teriori
1840 3215 1895 3261 et
1923 3211 2071 3276 apici
2102 3216 2224 3262 tota
2259 3219 2345 3263 est
2383 3213 2578 3275 affixa,
2623 3216 2706 3265 uti

1617 3297 1711 3332 ore
1729 3285 1921 3345 aperto
1948 3286 2202 3347 apparet3
2240 3282 2463 3349 liuguae
2496 3284 2709 3335 scilicet

1618 3350 1921 3401 ministerio
1958 3351 2263 3402 crocodilus
2302 3368 2437 3419 opus
2466 3368 2578 3403 non
2611 3353 2709 3405 ha-

1619 3421 1714 3471 bet
1750 3435 1851 3470 nec
1887 3418 1956 3469 ad
1992 3435 2182 3471 vocem
2217 3437 2319 3473 nec
2352 3421 2424 3473 ad
2446 3422 2705 3487 praedam

1620 3488 2060 3541 convertendam.
2135 3490 2261 3542 vid.
2311 3491 2630 3543 Schneider.
2669 3493 2707 3542 l.

1621 3559 1657 3610 l.
1704 3574 1834 3625 pag.
1884 3558 1952 3610 43
2003 3574 2138 3625 seq„
2193 3560 2550 3612 Tiedemann.
2591 3562 2628 3613 l.
2667 3561 2705 3612 1.

1623 3643 1750 3694 pag.
1774 3627 1842 3680 32
1877 3643 1994 3693 seq.
2040 3629 2589 3694 Schweighaeuserus
2609 3634 2708 3694 ait,

1622 3699 1680 3747 in
1714 3697 1872 3760 libro,
1910 3698 2003 3763 qui
2039 3698 2383 3751 inscribitur:
2425 3700 2709 3764 „Histoire

1623 3767 1719 3817 des
1745 3768 2004 3817 animaux
2023 3768 2341 3833 d’Aristote,
2369 3770 2579 3820 traduit
2608 3786 2708 3836 par

1622 3836 1822 3888 Camus
1855 3837 1921 3887 T.
1949 3837 2027 3888 11.
2052 3842 2157 3889 art.
2186 3838 2528 3902 Crocodile,“
2567 3855 2708 3906 quae

1619 3906 1727 3957 buc
1762 3912 2016 3972 spectant
2043 3908 2356 3974 praecipue,
2393 3909 2627 3960 collecta
2651 3915 2707 3960 et

1622 3990 1852 4026 excussa
1876 3991 2015 4027 esse.
2087 3978 2426 4029 Herodotum
2451 3995 2580 4031 vero
2618 3995 2709 4030 ex-

1618 4060 1811 4096 cusare
1854 4045 2043 4096 licebit
2061 4085 2073 4108 ‚
2119 4048 2213 4112 qui
2263 4053 2545 4098 externam
2589 4065 2709 4115 spe-

1617 4116 1752 4165 ciem
1789 4117 1966 4181 magis
2015 4122 2236 4166 secutus
2293 4116 2431 4167 talia
2474 4132 2583 4168 non
2625 4119 2705 4170 vi-

1614 4184 1722 4247 dit,
1771 4200 1913 4250 quae
1945 4184 2034 4236 vel
2083 4186 2433 4237 doctissimos
2481 4193 2706 4238 nostrae

1614 4254 1814 4304 aetatis
1840 4256 1987 4305 viros
2023 4254 2117 4306 diu
2150 4255 2440 4318 latuerint,
2468 4272 2575 4308 nec
2598 4256 2705 4308 nisi

1612 4323 1941 4375 cadaverum
1968 4326 2303 4377 sectionibus
2336 4327 2608 4380 institutis
2635 4329 2707 4378 ad

1609 4392 1875 4459 liquidum
1906 4394 2132 4459 perduci
2169 4396 2468 4461 potuerint.
