3109 5092
449 372 532 432 66
1024 354 1033 359 '
1322 363 1857 425 HERODOTI

447 541 625 612 ἐόντι
652 541 1064 632 χρησάμενος
1091 542 1269 625 λέγει
1291 561 1304 574 ·
1342 529 1422 606 Ὦ
1450 543 1765 626 βασιλεῦ,
1813 540 2064 606 Τέλλον
2094 534 2480 624 Ἀθηναῖον.
2534 534 2731 604 Ἀπο-

447 646 820 734 θωυμάσας
856 644 931 713 δὲ
972 651 1262 728 Κροῖσος
1302 639 1376 711 τὸ
1423 642 1669 729 λεχθὲν
1728 651 1945 729 εἴρετο
1995 638 2482 731 ἐπιστρεφέως·
2557 646 2734 728 Κοίῃ

449 747 533 837 δὴ
557 757 811 838 κρίνεις
845 749 1095 816 Τέλλον
1125 744 1299 815 εἶναι
1326 742 1769 833 diffinitam-0113
1809 741 1880 812 ‘0
1909 745 1982 814 δὲ
2015 744 2191 814 εἶπε·
2254 747 2510 836 Τέλλῳ,
2539 748 2737 812 τοῦτο

446 851 604 940 μὲν,
656 857 774 940 τῇς
812 850 1041 930 πόλιος
1079 841 1157 918 εὖ
1196 846 1520 938 ἡκούσης,
1571 854 1808 929 παῖδες
1839 840 2014 937 ἦσαν
2061 854 2259 917 καλοί
2303 875 2375 916 τε
2420 844 2735 934 κάγαθοὶ,

447 961 566 1023 καί
615 974 738 1042 σφι
794 953 933 1024 εἶδε
988 949 1195 1023 ἅπασι
1243 955 1447 1024 τέκνα
1508 952 1918 1041 ἐκγενόμενα
1963 954 2075 1021 καὶ
2131 952 2350 1022 πάντα
2405 958 2733 1042 παραμεί-

448 1078 692 1126 ναντα·
748 1063 948 1126 τοῦτο
985 1058 1094 1143 δὲ,
1141 1062 1263 1125 τοῦ
1296 1064 1455 1146 βίου
1492 1048 1571 1126 εὖ
1613 1054 1878 1145 ἥκοντι,
1927 1052 2016 1135 ὥς
2059 1053 2140 1124 τὰ
2179 1052 2340 1145 παρ’
2382 1049 2579 1143 ἡμῖν,
2623 1082 2731 1123 τε·

448 1239 616 1275 verum
631 1223 987 1305 respondens,
1035 1225 1116 1275 uti
1161 1225 1208 1286 Ι,
1260 1225 1352 1274 14;
1402 1217 1537 1286 ἄλη·

450 1290 554 1342 θέὶ·
580 1284 728 1359 λόγῳ
770 1286 1102 1358 χρεώμενος.
1143 1294 1374 1356 Conf.1,
1416 1294 1535 1344 116.

448 1363 516 1424 V,
563 1361 681 1413 106.
716 1363 955 1412 Pausan.
1002 1362 1048 1425 1,
1087 1363 1172 1414 35.
1219 1367 1272 1425 6.
1311 1364 1363 1414 6.
1402 1363 1537 1427 ibiq.

452 1399 653 1481 Si'ebeI.

521 1497 703 1563 εἴρετο
739 1489 1134 1562 ἐπιστρεφέως]
1167 1489 1542 1564 ἐπιστρεφέως

452 1573 536 1619 est
563 1576 823 1631 accurate,
849 1568 1129 1631 diligenter,
1155 1556 1442 1633 ἐπιμελῶς,
1480 1574 1544 1619 ut

453 1655 518 1688 ex
554 1633 608 1687 li.
641 1638 681 1689 1.
717 1639 1108 1701 interpretatur
1154 1634 1351 1685 Suidas
1398 1655 1442 1686 n.
1484 1655 1539 1690 v.

451 1708 496 1758 1.
537 1709 589 1758 2.
631 1724 686 1772 p.
722 1706 828 1757 466
859 1702 1197 1768 Bernhardy.
1236 1704 1542 1754 Larcherus

450 1778 618 1827 vertit
640 1792 802 1842 „avec
824 1776 1071 1825 vivacite“
1077 1811 1090 1836 ,
1125 1788 1446 1837 comparans
1475 1775 1542 1821 si

451 1845 634 1897 milem
667 1845 857 1897 Nostri
892 1845 1072 1894 locum
1120 1842 1276 1903 VIII,
1324 1842 1421 1891 62:
1460 1838 1544 1888 λέ-

450 1930 569 1979 γων
631 1913 845 1980 μᾶλλον
908 1904 1349 1976 ἐπεστραμμένα.
1410 1909 1545 1959 Inde

451 1985 668 2035 1acobs,
728 1988 994 2035 verterat·
1052 1986 1175 2045 „mit
1231 1978 1545 2043 Emplzasef‘

452 2055 568 2105 Nec
599 2054 801 2103 aliam
788 2069 843 2104 ιιι
870 2053 1201 2103 sententiam
1224 2050 1401 2114 accipi
1424 2046 1546 2098 vult

453 2122 758 2187 Schweigh.
796 2124 854 2171 in
885 2123 1019 2172 Lex.
1057 2119 1292 2171 Herod..
1342 2117 1547 2183 „conci-

455 2199 578 2254 tate‚
633 2193 671 2240 i.
736 2206 783 2240 e.
822 2191 1101 2240 concitata
1160 2194 1214 2237 et
1272 2187 1547 2251 asperiore

450 2274 588 2310 voce
625 2264 680 2309 et
718 2260 993 2309 concitato
1021 2258 1191 2307 animi
1210 2257 1427 2318 affectu,
1456 2270 1551 2319 qm

453 2329 622 2378 etiam
641 2344 704 2379 co
773 2329 881 2378 oris
907 2334 1059 2379 motu
1083 2342 1203 2376 sese
1223 2324 1549 2390 prodebatf‘

524 2344 804 2463 Κοίῃᾞὴ
834 2394 1067 2459 κρίνεις]
1113 2397 1150 2446 i.
1192 2410 1238 2444 e.
1269 2410 1407 2459 „qua
1439 2401 1551 2443 tan·

454 2466 565 2516 dem
613 2470 812 2517 ratione
870 2464 1111 2530 (ductus)
1159 2462 1397 2513 indic-02⁴⁴
1441 2467 1545 2512 etc.

454 2535 541 2585 Ad
582 2534 716 2601 κοίῃ
764 2534 980 2586 Iacobs.
1031 2533 1109 2598 (in
1157 2533 1328 2583 Attio.
1378 2548 1433 2597 p.
1474 2547 1546 2580 m.

455 2604 580 2670 315)
628 2604 843 2669 supplet
890 2596 1106 2670 γναὶιιῃ.
1154 2603 1426 2681 Equidem
1462 2617 1549 2652 eo·

456 2673 577 2724 dem
613 2674 792 2738 modo,
840 2688 947 2739 quo
993 2664 1050 2739 ἦ,
1093 2667 1289 2737 ταύτῃ,
1334 2671 1447 2722 alia
1492 2670 1550 2719 id

454 2757 658 2808 genus,
714 2743 1079 2808 explicuerim.
1163 2741 1432 2791 Voculam
1477 2730 1549 2803 δὴ

457 2828 579 2862 οιιιιι
609 2813 667 2862 vi
704 2812 939 2877 quadam
978 2812 1066 2860 hic
1103 2810 1347 2860 additam
1383 2809 1551 2874 expli·

455 2886 546 2931 cat
581 2884 839 2946 Hartung
873 2881 1049 2930 Lehre
1094 2880 1146 2930 d.
1195 2881 1350 2930 Part.
1404 2880 1448 2929 Ι.
1493 2894 1547 2943 p.

454 2948 576 3001 268.
623 2951 708 2999 De
747 2950 1061 2999 narratione
1113 2950 1236 3012 ipsa
1291 2951 1377 2999 Cr.
1428 2963 1552 2998 con-

452 3018 563 3067 fert
599 3018 901 3068 Lucianum
938 3018 993 3066 in
1033 3016 1336 3081 Contempl.
1376 3020 1426 3078 6.
1464 3016 1549 3066 10.

454 3086 590 3150 ibiq.
632 3085 945 3136 Hemsterh.
983 3103 1038 3151 p.
1079 3083 1200 3136 386.
1240 3086 1395 3135 Tom.
1435 3086 1542 3135 111.

456 3154 541 3204 ed.
580 3155 802 3219 Bipont.
842 3170 908 3205 ac
932 3156 1186 3205 Nonnum
1222 3154 1291 3203 ad
1318 3156 1544 3219 Gregor.

454 3224 593 3276 Naz.
630 3239 685 3287 p.
728 3224 846 3275 132.
882 3224 1179 3284 ed.Eton.‚
1216 3224 1396 3287 quiet
1430 3225 1547 3288 ipse

452 3292 793 3343 historiolam
826 3293 894 3342 de
935 3292 1091 3343 Tello
1138 3294 1401 3342 servavit.

521 3360 693 3411 τοῦτο
738 3356 861 3426 μὲν,
898 3359 1000 3425 τῆς
1035 3352 1235 3417 πόλιος
1271 3349 1337 3410 εὖ
1370 3353 1547 3426 ἡκού-

456 3443 576 3494 σης,
643 3428 847 3489 παιδες
912 3428 1083 3485 καλοί
1145 3442 1203 3478 τε
1269 3422 1341 3479 κά
1344 3427 1544 3497 γαθοὶ]

451 3500 840 3565 wyttenbach.
899 3500 957 3560 in
1005 3498 1230 3551 Selectt.
1284 3499 1437 3551 histt.
1486 3516 1542 3565 p.

451 3567 574 3620 346.
652 3571 989 3635 suspicatur,
1061 3568 1349 3634 legendum
1423 3586 1544 3620 esse

448 3627 673 3718 ἥκοντι,
730 3644 791 3689 ut
834 3638 999 3704 paulo
1044 3639 1216 3688 infra·
1264 3636 1368 3688 τοῦ
1411 3637 1544 3706 βίου

449 3693 517 3754 εὖ
547 3697 767 3787 ἥκοντι,
805 3720 928 3758 cum
964 3707 1220 3758 solemnis
1255 3710 1332 3758 sit
1370 3709 1546 3758 forma

452 3761 518 3823 εὖ
575 3790 696 3838 ηκω
743 3769 920 3838 τινὸς,
968 3792 1078 3826 ιιοιι
1130 3777 1264 3826 item
1307 3764 1371 3826 εὖ
1418 3792 1546 3842 ηκει

451 3840 557 3905 μοί
586 3856 658 3903 τι,
697 3843 927 3894 docente
950 3845 1212 3898 Valcken.
1245 3846 1314 3895 ad
1338 3846 1547 3897 Herod.

456 3909 581 3970 VII,
624 3911 742 3961 157.
780 3917 835 3961 et
861 3912 1060 3963 Matth.
1100 3917 1150 3975 6.
1191 3912 1310 3965 337.
1355 3914 1449 3966 fin.
1488 3931 1542 3979 p.

453 3977 578 4028 664.
614 3977 773 4028 Unde
810 3980 890 4028 sic
930 3980 1343 4044 interpretatur.
1382 3982 1544 4048 „Tel-

448 4047 518 4107 lo,
543 4047 806 4110 florentem
829 4048 1036 4099 habenti
1056 4053 1301 4113 patr-Iam,
1324 4066 1369 4100 s.
1403 4069 1546 4116 quum

445 4115 715 4177 frueretur
743 4117 962 4181 florente
1002 4121 1208 4181 patria,
1251 4122 1351 4181 filie·
1397 4130 1547 4170 erant

440 4186 618 4247 pulcri
658 4184 883 4250 bonique.
893 4186 933 4213 ‘⁶
1005 4187 1113 4237 Sed
1159 4194 1377 4253 praeter
1424 4190 1543 4239 Sui-

450 4251 574 4302 dam
619 4257 675 4302 et
728 4254 1046 4320 Gregorium
1104 4256 1444 4308 Corinthium
1488 4262 1538 4321 6.

447 4320 537 4371 87.
575 4320 642 4371 de
679 4322 807 4374 dial.
846 4323 1018 4375 Ionic.
1056 4341 1111 4391 p.
1150 4326 1274 4379 497.
1311 4327 1416 4378 498
1452 4328 1537 4378 ed.

449 4389 685 4454 Schaef„
712 4382 966 4458 ἡκούσης
1000 4409 1029 4444 e
1062 4400 1252 4446 nostro
1275 4394 1397 4447 loco
1424 4395 1540 4448 lau-

1030 4474 1061 4503 «ν

1642 1221 1865 1285 dantes,
1914 1238 2098 1272 omnes
2151 1222 2318 1272 etiam
2372 1222 2500 1272 libri
2545 1221 2739 1286 scripti

1643 1292 1994 1342 consentiunt
2029 1294 2087 1341 in
2138 1292 2367 1356 vulgata
2398 1292 2664 1353 lectione,
2703 1306 2736 1339 a

1646 1362 1952 1427 Schweigh.
2002 1362 2235 1425 aliisque
2289 1362 2408 1412 iure
2460 1379 2570 1412 non
2624 1376 2737 1411 mu-

1644 1436 1782 1482 tata.
1819 1432 2009 1497 Neque
2045 1432 2188 1481 enim
2230 1431 2459 1497 vulgata
2502 1431 2739 1482 lectione

1645 1505 1860 1551 mutata
1905 1502 2182 1551 sententia
2222 1499 2332 1552 loci
2378 1501 2541 1552 valde
2587 1501 2738 1552 adiu-

1644 1575 1826 1634 vatur,
1861 1587 2038 1638 neque
2074 1586 2244 1621 causa
2278 1573 2416 1622 satis
2462 1572 2612 1623 iusta
2648 1586 2738 1635 ap-

1642 1646 1818 1705 paret,
1852 1657 1947 1692 cur
1977 1641 2261 1691 Herodoto
2289 1642 2467 1691 minus
2502 1642 2739 1758 secriberie

1645 1710 1886 1760 licuerit·
1922 1709 2026 1774 τῆς
2051 1704 2251 1768 πόλιος
2289 1699 2351 1760 εὖ
2389 1702 2662 1776 ἡκούσης,

1648 1793 1693 1826 e.
1744 1784 1944 1830 civitate
1984 1782 2217 1845 florente.
2292 1781 2378 1831 De
2424 1778 2598 1830 τοῦτο
2635 1748 2740 1844 μὲν

1647 1875 1715 1884 -
1750 1847 1920 1896 τοῦτο
1957 1843 2021 1897 δὲ
2056 1850 2203 1899 conf.
2244 1850 2403 1900 modo
2435 1851 2737 1900 Hermann.

1648 1912 1720 1959 ad
1753 1913 1934 1977 Vigor.
1982 1931 2035 1979 p.
2086 1920 2205 1970 702.
2279 1920 2364 1969 Ad
2411 1920 2739 1970 sententiam

1650 1981 1736 2029 Gr.
1794 1997 1859 2031 ea
1913 1986 2106 2049 refert,
2169 2004 2310 2052 quae
2367 1989 2625 2054 leguntur
2681 1989 2740 2037 in

1647 2049 1852 2113 ΗΨΙΜι
1895 2054 2115 2117 maiori,
2135 2060 2256 2184 pqui
2300 2058 2551 2109 Platonis
2607 2073 2740 2123 prae

1652 2132 1712 2167 se
1745 2120 1849 2167 fert
1884 2133 2098 2181 nomen,
2227 2128 2325 2175 291
2355 2129 2423 2177 D.
2456 2145 2586 2194 pag.
2616 2129 2737 2178 151.

1652 2186 1736 2236 ed.
1766 2186 1968 2236 Heind.
1994 2139 2222 2237 Videtur
2262 2194 2404 2242 enim
2437 2203 2534 2247 aut
2556 2197 2738 2257 Plato,

1651 2260 1751 2305 aut
1787 2256 2037 2320 quisquis
2081 2255 2228 2306 illius
2276 2258 2481 2327 dialogi
2526 2274 2611 2314 est,
2645 2281 2740 2316 au-

1652 2329 1790 2388 ctor,
1834 2325 2175 2374 Herodotum
2229 2330 2358 2374 ante
2416 2331 2602 2380 oculos
2649 2334 2741 2382 ha-

1652 2394 1857 2444 buisse.
1899 2420 1966 2429 —
2000 2394 2236 2443 Locutio
2273 2394 2444 2445 καλοί
2481 2411 2539 2446 τε
2573 2391 2740 2461 κὰγα-

1652 2459 1758 2512 θοὶ
1796 2462 1886 2512 hic
1919 2478 2029 2512 non
2076 2463 2255 2513 minus
2305 2464 2372 2514 de
2419 2466 2604 2530 specie
2648 2473 2745 2515 aut

1654 2533 1721 2582 de
1768 2532 1982 2598 generis
2034 2535 2403 2597 praestantia,
2462 2550 2626 2600 quam
2679 2536 2747 2585 de

1654 2603 1829 2652 omnis
1889 2603 2114 2652 virtutis
2161 2603 2345 2654 indole
2403 2604 2743 2669 accipienda.

1652 2673 1795 2723 Nam
1831 2671 1898 2721 de
1944 2672 2302 2736 optimatibus
2346 2689 2639 2739 eorumque
2688 2674 2746 2723 fi-

1651 2741 1740 2790 liis
1787 2742 1948 2791 unice
2010 2743 2106 2806 qui
2152 2743 2403 2807 accipere
2459 2743 2549 2793 hic
2593 2742 2745 2806 velit,

1655 2826 1777 2862 eum
1814 2812 1907 2861 vix
1942 2810 2236 2862 locutionis
2276 2827 2495 2862 sensum
2529 2828 2749 2863 assecu-

1653 2884 1769 2930 tum
1780 2880 2133 2955 crediderim.
2165 2880 2332 2931 Plura
2356 2888 2482 2947 post
2501 2886 2586 2932 tot
2609 2882 2748 2932 alios

1654 2930 1914 3000 disseruit
1958 2950 2231 3001 Welcker.
2284 2951 2342 3000 in
2379 2952 2636 3018 Prolegg.
2678 2952 2749 3002 ad

1654 3019 1903 3083 Theogn.
1939 3036 1993 3084 p.
2030 3021 2231 3070 XXIV.

1725 3088 1896 3136 τοῦτο
1947 3082 2039 3168 δὲ,
2087 3086 2194 3138 τοῦ
2236 3085 2367 3154 βίου
2416 3075 2480 3138 εὖ
2521 3074 2744 3153 ἥκοντι,

1653 3146 1733 3212 ὡς
1765 3149 1835 3206 τὰ
1870 3148 2010 3218 παρ’
2048 3149 2207 3222 ἡμῖν,
2247 3151 2473 3222 τελευτὴ
2511 3173 2562 3207 κ.
2590 3174 2637 3207 τ.
2671 3156 2744 3223 1.]

1648 3215 1712 3274 εὖ
1756 3213 1920 3290 ἥκειν
1955 3224 2058 3275 τοῦ
2095 3223 2244 3292 βίου,
2278 3229 2469 3293 florere
2504 3229 2643 3293 quod
2676 3228 2750 3276 ad

1647 3297 1798 3345 vitam
1834 3296 2015 3345 attinet
2048 3310 2092 3345 s.
2127 3299 2180 3346 ιἰι
2216 3312 2275 3346 re
2313 3295 2619 3363 (familiari)
2655 3312 2744 3347 sa-

1648 3365 1716 3414 tis
1772 3366 1916 3415 lauta
1964 3366 2277 3415 constitutum
2332 3382 2471 3430 esse,
2534 3368 2600 3417 de
2657 3366 2745 3429 iis,

1649 3434 1845 3497 quibus
1880 3433 2036 3484 lauta
2069 3449 2138 3484 ac
2164 3434 2320 3502 larga
2346 3437 2590 3500 suppetit
2608 3436 2744 3515 vita,

1649 3503 1897 3552 omnibus
1927 3503 2086 3554 bonis
2108 3504 2417 3555 abundans.
2454 3505 2636 3556 Verba
2670 3495 2749 3561 ὥς

1647 3562 1718 3619 τὰ
1753 3562 1888 3636 παρ’
1941 3563 2083 3636 ἡμῖν
2117 3579 2266 3624 recte
2310 3579 2562 3624 vertunt.
2610 3589 2747 3638 ,ρ,νο

1647 3641 1841 3690 modulo
1890 3642 2180 3692 nostratium
2194 3644 2555 3724 facultatum
2544 3644 2580 3671 ‘⁶
2630 3644 2748 3694 Ste-

1647 3724 1812 3772 gerus
1854 3711 2121 3775 explicat.
2171 3703 2250 3768 ὥς
2295 3704 2370 3775 δὴ
2410 3703 2555 3793 παρ’
2605 3704 2749 3778 ἡμῖν

1646 3791 1707 3842 γε
1754 3772 1865 3843 ἔχει
1925 3778 2120 3842 ταῦτα,
2175 3794 2320 3844 anso
2363 3773 2745 3845 εὐδαιμονίαν

1646 3845 1950 3911 καλοῦμεν.
1989 3816 2130 3899 Add'.
2153 3850 2517 3900 Bornemann.
2548 3850 2619 3899 ad
2638 3851 2743 3900 Xe-

1647 3917 1908 3980 nophont.
1949 3918 2254 3983 Cyropaed.
2291 3919 2368 3980 H,
2411 3921 2460 3982 1,
2498 3920 2551 3971 6.
2591 3919 2744 3969 Solo-

1649 3999 1772 4034 nem
1828 3986 1912 4035 ita
1978 3986 2251 4038 dicentem
2321 3989 2524 4039 Noster
2585 3990 2742 4053 facit,

1650 4069 1772 4104 cum
1824 4053 1919 4104 illa
1977 4060 2164 4108 aetate
2210 4056 2576 4110 Athenienses
2633 4075 2744 4109 ιιοιι

1646 4127 1761 4173 tam
1796 4123 1996 4176 divites
2032 4126 2168 4176 facti
2198 4132 2403 4191 essent,
2429 4144 2590 4194 quam
2616 4134 2746 4193 post

1644 4191 1792 4242 bella
1837 4195 2061 4246 Persica
2107 4197 2450 4261 potissimum
2501 4200 2741 4257 fuerunt,

1646 4261 1742 4311 sed
1797 4278 1918 4313 cum
1983 4265 2186 4316 Croeso
2251 4267 2477 4332 eiusque
2531 4266 2741 4315 divitiis

1646 4333 1949 4396 comparati
1995 4348 2264 4399 pauperes
2311 4335 2450 4385 adeo
2499 4334 2739 4414 habendi

1644 4405 1847 4452 essent.
1869 4401 2024 4453 —In
2059 4416 2210 4468 seqq.
2238 4402 2409 4483 verba
2435 4394 2582 4466 πρὸς
2605 4396 2744 4460 τοὺς
