3109 5092
1244 366 1496 429 OLIO.
1541 363 1596 427 r.
1647 376 1766 432 185.

2517 371 2641 435 369

358 535 678 627 Ἀσσυρίῃ
721 533 1107 610 ἀπικνέεται
1150 538 1350 629 ῥέων.
1416 544 1503 628 τῇ
1548 541 1625 610 δὲ
1664 540 1854 631 κώμῃ
1898 538 2156 631 οὔνομά
2193 539 2333 613 ἐστι
2347 597 2366 629 ,
2419 540 2487 625 ἐς
2513 542 2640 632 τὴν

363 639 751 712 ἀπικνέεται
791 638 827 709 ὁ
856 640 1255 733 Εὐφρήτης,
1292 639 1710 734 Ἀρδέρικκα.
1782 646 1893 715 καὶ
1933 651 2065 716 νῦν
2089 653 2160 715 οἳ
2191 641 2279 717 ἄν
2306 654 2633 736 κομίζων-

362 774 471 815 ται
508 742 641 815 ἆπὸ
683 749 888 834 τῆσδε
936 752 1051 835 τῆς
1091 745 1439 835 θαλάσσης
1486 743 1553 827 ἐς
1582 755 1997 837 Βαβυλῶνα,
2034 750 2523 831 καταπλέοντες
2572 748 2638 832 ἐς
2671 790 2680 796 ·

361 947 572 997 reiecta
617 961 684 996 ea
732 947 1039 1011 sententia,
1093 961 1235 1012 quae
1284 947 1452 997 toties

364 1020 648 1066 curvatum
686 1016 858 1067 fuisse
896 1015 1014 1066 vult
1050 1016 1298 1079 fluvium,
1345 1018 1454 1066 He-

364 1085 545 1136 rodoti
583 1085 788 1135 ‘verbis
840 1084 919 1136 nil
977 1085 1127 1136 aliud
1187 1086 1454 1137 contineri

366 1155 678 1218 contendit,
724 1155 833 1205 nisi
867 1160 950 1205 ter
995 1156 1066 1205 ad
1113 1155 1344 1205 eundem
1378 1155 1455 1205 lo·

366 1239 488 1274 cum
524 1224 752 1274 rediisse
791 1225 1032 1289 fluvium,
1070 1224 1290 1275 minime
1322 1241 1454 1275 vero

364 1299 448 1343 ter
494 1309 615 1343 eum
658 1295 855 1345 flexum
904 1310 1043 1345 esse.
1125 1295 1306 1360 Atque
1352 1295 1456 1345 hoc

366 1365 446 1413 sic
484 1364 690 1414 factum
731 1380 852 1415 esse
887 1365 994 1415 sibi
1028 1364 1218 1430 fingit,
1258 1370 1320 1414 ut
1351 1365 1457 1428 pri-

365 1449 453 1483 mo
488 1434 685 1484 fluvius
722 1449 954 1499 superne
989 1434 1170 1484 vIcum
1206 1432 1454 1496 allueret,

365 1503 604 1554 seeundo
656 1519 786 1555 vero
842 1503 966 1554 loco
1011 1503 1178 1554 semel
1222 1504 1454 1554 inflexus

363 1588 460 1638 per
506 1572 741 1624 medium
788 1574 970 1624 vicum
1018 1575 1240 1636 flueret,
1297 1574 1453 1624 cuius

364 1642 436 1693 ad
485 1641 712 1693 alteram
759 1647 970 1708 partem
1020 1642 1214 1692 deinde
1256 1643 1451 1692 iterum

365 1717 622 1762 curvatus
655 1713 821 1762 tertio
857 1713 978 1763 loco
1009 1713 1079 1763 ad
1100 1714 1280 1762 vicum
1312 1712 1454 1762 redi-

364 1787 478 1845 ret,
531 1798 690 1847 quem
730 1781 836 1832 hac
883 1783 1006 1833 viee
1051 1782 1199 1831 infra
1244 1780 1453 1831 alluere

364 1857 573 1916 posset.
645 1851 753 1902 Sed
782 1852 985 1916 fateor,
1024 1851 1156 1900 mihi
1179 1850 1315 1901 baec
1342 1865 1455 1900 ma-

367 1922 451 1986 gis
488 1922 739 1986 quaesita
755 1922 1043 1986 minusque
1079 1920 1348 1985 simplicia
1373 1921 1455 1969 vi-

369 1990 483 2040 deri
517 2007 649 2056 prae
696 1990 790 2041 illa
831 1991 1137 2053 sententia,
1184 2005 1325 2055 quae
1359 1990 1455 2039 flu-

366 2060 513 2109 vium
536 2065 620 2110 ter
638 2066 920 2111 curvatum
952 2075 1072 2111 esse
1096 2061 1272 2123 docet,
1304 2074 1457 2124 prae-

369 2130 554 2179 sertim
588 2146 709 2180 cum
747 2130 882 2180 nihil
916 2131 1131 2195 legatur
1165 2128 1313 2193 apud
1347 2130 1457 2179 He-

366 2199 634 2263 rodotum,
657 2201 881 2251 fluvium
899 2215 995 2265 per
1017 2199 1254 2250 medium
1272 2198 1454 2248 vicum

367 2269 714 2333 perfluxisse3
752 2269 820 2318 *id
866 2269 1011 2334 quod
1046 2269 1201 2335 ponit
1236 2269 1457 2333 Breige-

368 2353 480 2388 rus.
553 2338 817 2390 Addimus
840 2338 989 2389 hisce
1017 2338 1344 2388 Haerenium
1371 2338 1452 2386 int

367 2407 534 2458 Ideen
572 2408 617 2471 Ι,
654 2410 707 2459 2.
754 2424 882 2473 pag.
934 2407 1035 2460 138
1082 2423 1198 2473 seq.
1236 2406 1303 2457 de
1350 2407 1456 2456 hoc

367 2477 490 2527 loco
550 2478 924 2527 disserentem.
1007 2477 1115 2528 Ubi
1178 2476 1457 2527 existimat

369 2561 506 2610 opus
540 2546 644 2597 hoc
669 2548 820 2596 fluvii
853 2547 1065 2596 curvati
1097 2547 1166 2595 iis
1204 2547 1259 2595 in
1283 2546 1459 2610 regio-

369 2615 529 2666 nibus
564 2616 772 2667 factum
821 2631 970 2679 esse,
1017 2616 1109 2666 ubi
1146 2615 1455 2679 Euphrates

373 2685 612 2749 scopulis
658 2687 913 2750 saxisque
969 2684 1208 2750 repletus
1256 2684 1456 2734 labitur

371 2754 531 2804 celeri
553 2770 731 2819 cursu,
756 2753 987 2820 indeque
1008 2753 1314 2819 periculosa
1339 2754 1456 2804 eius

371 2824 675 2889 navigatiO.
750 2823 852 2873 Cui
874 2829 935 2874 ut
970 2825 1299 2885 subveniret,
1335 2838 1458 2888 pro-

372 2893 626 2943 babiliter
646 2892 958 2943 institutum
983 2892 1118 2943 illud
1148 2908 1269 2943 esse
1288 2890 1457 2957 (quod

370 2962 497 3013 inde
539 2978 797 3028 magnum
852 2963 1021 3013 fuisse
1087 2961 1458 3024 „Sclzleussem

370 3031 549 3082 πνοι-Η(
593 3028 897 3095 coniicias),
944 3030 1214 3095 simulque
1273 3031 1457 3092 etiam,

373 3117 496 3151 cum
530 3106 750 3166 propter
770 3102 1079 3166 frequentes
1106 3099 1313 3150 canalis
1340 3115 1458 3150 cur·

371 3172 619 3221 vationes
638 3172 795 3236 plura
817 3169 1083 3220 eiusmodi
1107 3184 1288 3233 opera,
1317 3183 1459 3234 quae

373 3256 475 3290 nos
537 3239 871 3305 appellamus
935 3238 1261 3300 Sentetes-sen,
1343 3254 1460 3303 per-

373 3309 607 3360 meanda
643 3312 853 3371 essent,
890 3307 1025 3358 illud
1062 3308 1143 3357 sic
1179 3308 1459 3357 diductum

374 3380 573 3441 fuisse,
609 3383 670 3429 ut
705 3378 990 3442 navigatio
1024 3392 1121 3442 per
1145 3378 1328 3427 vicum
1363 3377 1463 3426 Ar-

374 3449 590 3499 dericca
635 3448 799 3497 trium
850 3448 1013 3497 fuerit
1058 3446 1296 3509 dierum,
1345 3451 1459 3495 tum

373 3523 595 3583 propter
650 3516 899 3578 canales,
957 3517 1191 3567 fluminis
1248 3515 1463 3580 lapsum

373 3587 748 3638 vehementem
768 3601 875 3652 quo
894 3586 1198 3636 minuerent
1213 3623 1227 3649 ,
1258 3585 1339 3635 ita
1360 3585 1464 3635 cir·

376 3656 724 3716 cumdnctos,
781 3659 844 3706 ut
898 3659 1137 3706 extrema
1183 3654 1293 3705 vici
1335 3669 1461 3719 pars

376 3731 607 3792 utraque
655 3730 946 3790 utrumque
1005 3725 1171 3775 etiam
1217 3722 1463 3774 canalem

378 3796 696 3860 attingeret,
724 3794 1042 3860 mediusque
1066 3793 1274 3844 canalis
1286 3793 1463 3859 ipsam

376 3865 565 3915 urbem
585 3870 913 3929 permearet,
950 3867 1065 3914 tum
1088 3866 1310 3928 propter
1333 3862 1465 3913 mul-

377 3939 495 3984 tum
534 3938 776 3998 tempus,
816 3934 961 4000 quod
997 3933 1066 3982 iis
1088 3930 1466 3982 insumendum

378 4003 563 4066 fuerit,
592 4004 686 4069 qui
713 4003 879 4053 toties
905 4002 1000 4052 illa
1021 4016 1186 4067 opera
1216 3999 1469 4065 (Soluens-

377 4088 467 4124 σαι
512 4073 734 4138 vocant)
772 4073 1107 4123 transirent.—
1158 4071 1313 4122 Haec
1350 4071 1466 4136 qui-

380 4142 518 4214 dem·
552 4141 861 4208 probabilia
907 4145 1121 4192 tantum
1177 4142 1333 4205 ponit
1381 4139 1466 4190 vir

379 4212 604 4276 doctus,
657 4211 1027 4277 probabiliora
1062 4215 1247 4260 tamen
1279 4209 1466 4272 habet,

378 4296 543 4346 quam
578 4273 628 4330 si
674 4280 796 4347 quis
838 4282 1002 4331 unice
1045 4283 1267 4345 propter
1309 4294 1470 4330 cana-

378 4349 515 4400 lium
558 4349 956 4416 longitudinem
1001 4354 1112 4400 tres
1160 4349 1277 4400 dies
1321 4347 1473 4398 navi-

378 4419 603 4485 gatione
651 4423 1000 4484 consumptos
1046 4417 1217 4468 fuisse
1271 4421 1475 4467 statue·

463 4520 799 4566 HERODOT.
846 4521 892 4563 1.

1555 955 1660 1001 ret.
1735 949 1804 1000 In
1840 949 2087 1001 clausula
2121 953 2314 1016 paucis
2352 952 2419 1004 de
2457 965 2644 1002 eorum

1558 1035 1739 1070 errore
1793 1020 2064 1070 monuisse
2125 1022 2393 1085 sufficiat,
2453 1022 2502 1070 si
2550 1021 2645 1086 qui

1558 1089 1896 1152 existiment,
1933 1102 2102 1141 naves
2136 1090 2195 1141 in
2217 1090 2498 1156 Euphrate
2526 1106 2647 1155 per—

1556 1159 1787 1210 meando
1834 1174 1942 1209 non
1992 1159 2167 1210 solum
2215 1177 2312 1226 per
2359 1161 2643 1211 anfractus

1558 1229 1766 1294 plures,
1813 1228 1909 1279 sed
1948 1229 2112 1278 etiam
2155 1246 2249 1294 per
2284 1231 2460 1296 ipsam
2496 1229 2644 1280 lacu-

1558 1314 1685 1348 nam
1747 1295 1837 1360 (de
1889 1313 1998 1363 qua
2045 1300 2191 1365 mox)
2246 1303 2435 1350 vectas
2502 1314 2641 1350 esse.

1560 1369 1800 1418 Obstant
1843 1368 1985 1418 euim
2026 1373 2081 1418 et
2114 1368 2342 1420 aliorum
2381 1374 2437 1419 et
2471 1368 2643 1434 ipsius

1555 1437 1826 1488 Herodoti
1850 1437 2183 1502 testimonia,
2211 1443 2274 1489 ut
2287 1439 2531 1504 pluribus
2553 1453 2645 1487 ex-

1555 1507 1741 1572 posuit
1779 1507 2022 1571 Breiger.
2057 1507 2096 1558 l.
2136 1507 2174 1559 1.
2210 1525 2263 1574 p.
2307 1510 2376 1560 44
2412 1523 2530 1572 seq.

1618 1567 1960 1642 Ἀρδέρικκα]
2000 1578 2173 1628 Notat
2205 1579 2509 1628 Heerenius
2537 1575 2577 1627 1.
2605 1575 2644 1626 1.

1555 1644 1956 1780 Ξζῆέςῖῗᾰεὲἐῖ
1994 1646 2645 1780 ξῖιῖοὲἲῑωὲῗιῖθὲῗᾚὲἓ

1554 1799 1700 1833 nunc
1753 1787 1984 1834 vocatur
2038 1784 2339 1849 Akkerkuf,
2398 1799 2644 1849 quaeque

1555 1868 1720 1917 super
1755 1852 1984 1918 Bagdad
2028 1855 2215 1904 urbem
2252 1854 2362 1903 sita
2408 1859 2493 1903 est
2538 1854 2646 1902 rui-

1555 1937 1764 1987 nasque
1795 1922 1973 1971 adbuc
1999 1924 2243 1973 continet
2265 1938 2492 1988 magnas
2521 1937 2646 1986 ope-

1554 1992 1631 2041 ris
1666 1991 2008 2056 Babylonici,
2045 1993 2239 2057 quibus
2271 2008 2468 2042 nomen
2496 1992 2647 2041 Nim-

1558 2061 1674 2111 rodi
1731 2061 1895 2111 turris
1958 2077 2004 2111 s.
2076 2061 2369 2127 palatium,
2440 2060 2646 2112 medias

1556 2131 1699 2179 inter
1734 2130 1963 2195 paludes
1994 2146 2061 2181 ac
2092 2136 2291 2197 stagna
2325 2130 2457 2194 (vid.
2489 2130 2647 2196 plura

1558 2201 1703 2264 apud
1748 2200 1928 2250 Ritter
1971 2200 2254 2251 Erdkund.
2303 2201 2401 2251 XI.
2450 2217 2504 2265 p.
2542 2199 2645 2250 847

1556 2285 1708 2335 seqq.
1747 2269 1871 2320 coll.
1907 2269 2128 2335 Layard
2152 2271 2499 2321 Discoveries
2538 2274 2646 2320 etc.

1555 2355 1683 2405 pag.
1718 2338 1863 2406 476).
1935 2339 2062 2404 Ipse
2105 2344 2289 2391 tamen
2323 2341 2408 2390 vir
2451 2343 2646 2390 cautus

1558 2424 1683 2459 mox
1707 2407 1967 2474 relinquit
1991 2410 2133 2460 hane
2157 2410 2499 2471 sententiam,
2525 2424 2647 2459 cum

1558 2478 1851 2528 Akkerkuf
1867 2479 2022 2543 Tigri
2057 2480 2224 2530 fluvio
2243 2479 2513 2540 adiaceat‚
2549 2478 2648 2528 Ar-

1561 2548 1778 2597 dericca
1813 2546 2103 2612 Euphrati.
2178 2549 2265 2598 Tu
2300 2548 2446 2598 conf.
2482 2547 2649 2598 etiam

1560 2616 1766 2666 Herod.
1801 2616 1897 2677 VI,
1938 2617 2057 2679 119,
2103 2617 2198 2667 ubi
2235 2616 2428 2666 similis
2478 2616 2650 2665 nomi-

1559 2686 1646 2736 nis
1679 2684 1809 2735 urbs
1845 2685 1915 2734 ad
1939 2685 2147 2751 Tigrim
2181 2685 2289 2735 sita
2321 2689 2649 2735 memoratur

1559 2756 1616 2804 in
1654 2754 1877 2818 regione
1925 2753 2131 2816 Cissia,
2182 2754 2409 2804 multum
2458 2754 2649 2819 utique

1560 2825 1778 2874 diversa
1810 2823 1879 2873 ab
1916 2837 2009 2887 ea,
2049 2824 2203 2874 cuius
2232 2824 2478 2876 hocloco
2503 2838 2649 2873 men-

1560 2896 1637 2944 tio
1676 2892 1938 2943 iniicitur.

1626 2953 1742 3012 ἀπὸ
1779 2958 1953 3027 τῆσδε
1996 2960 2098 3027 τῆς
2142 2953 2459 3025 θαλάσσης]
2501 2959 2651 3010 Cave

1556 3032 1798 3097 accipias
1835 3031 1903 3081 de
1936 3032 2159 3083 Persico
2211 3032 2361 3095 sinu,
2411 3046 2530 3081 cum
2570 3030 2651 3079 in-

1559 3100 1845 3166 telligatur
1868 3102 2135 3153 Graecum
2155 3117 2304 3153 mare
2319 3140 2332 3165 ,
2373 3102 2650 3166 Aegaeum

1561 3171 1675 3220 sive
1726 3171 2169 3234 mediterraneum,
2232 3171 2302 3221 ab
2366 3170 2648 3221 Herodoto

1560 3240 1665 3290 hac
1699 3238 2065 3306 appellatione
2098 3241 2374 3307 designari
2409 3239 2649 3298 solitum,

1561 3315 1622 3359 ut
1674 3310 1978 3360 monuimus
2038 3312 2108 3361 ad
2155 3311 2202 3371 1,
2253 3311 2302 3360 1.
2383 3307 2651 3372 Intelligit

1564 3379 1705 3428 enim
1755 3394 1879 3440 eos,
1932 3380 2024 3445 qui
2066 3380 2203 3429 mari
2247 3378 2352 3428 hoc
2399 3376 2653 3442 pernavi-

1564 3453 1722 3512 gato,
1775 3448 1900 3497 inde
1950 3449 2080 3498 navi
2129 3446 2321 3497 relicta
2374 3446 2429 3494 in
2490 3445 2650 3509 Syria

1564 3516 1864 3567 escendunt
1970 3516 2306 3580 Babylonem
2378 3518 2650 3577 petentes.

1566 3586 1686 3703 (ἒιο
1723 3600 1791 3634 ex
1824 3585 2021 3636 itmere
2051 3584 2291 3650 pedestri
2325 3582 2518 3632 ubi·ad
2544 3583 2652 3632 Eu·

1563 3672 1597 3720 p
1637 3657 1808 3704 ratem
1840 3660 2230 3718 pervenerunt,
2266 3666 2437 3701 naves
2474 3651 2649 3701 denuo

1565 3722 1937 3776 conscendunt
1973 3728 2028 3774 et
2051 3721 2289 3773 secundo
2311 3720 2530 3771 flumine
2563 3735 2654 3769 ve-

1563 3794 1766 3844 huntur
1808 3808 1982 3859 usque
2029 3793 2101 3844 ad
2144 3789 2512 3856 Babylonem,
2567 3793 2654 3839 ter

1566 3868 1695 3914 ante
1730 3864 2213 3930 praeternavigare
2251 3860 2430 3912 coacti
2472 3857 2652 3910 vicum

1567 3931 1881 3985 Ardericca.

1637 3996 2047 4057 καταπλέοντες
2086 3992 2140 4056 ἐς
2166 3990 2270 4048 τὸν
2305 3985 2650 4059 Εὐφρήτην]

1566 4072 1690 4121 Hoc
1724 4068 2158 4133 perincommode
2194 4068 2400 4118 dictum
2435 4064 2655 4115 videtur

1568 4138 2109 4202 Schweighaeusero‚
2159 4151 2282 4186 cum
2330 4137 2440 4186 ista
2485 4133 2655 4183 verba

1570 4206 1887 4258 nihil-aliud
1922 4211 2117 4260 sonent
2147 4206 2283 4256 niaiz
2329 4208 2380 4254 in
2416 4201 2655 4265 Euphra-

1570 4285 1665 4328 tem
1697 4279 2018 4344 navigantes,
2053 4276 2390 4327 Herodotum
2416 4287 2545 4322 vero
2578 4270 2656 4319 di-

1573 4363 1695 4398 cere
1717 4346 1956 4399 voluisse
1978 4350 2263 4413 appareat:
2293 4345 2381 4408 qui
2393 4340 2657 4402 Euphrate

1569 4417 1722 4484 fluvio
1735 4416 2039 4483 Babylonem
2045 4415 2447 4478 proficiscuntur.
2477 4408 2656 4470 Quare

2170 4492 2250 4553 24
