3109 5092
1190 264 1687 325 EUTERPE.
1732 265 1815 325 11.
1852 269 1945 327 ⁴62.
2463 243 2471 255 '
2580 265 2704 330 567

343 452 446 507 133
461 441 742 525 θυσίῃσι
759 485 778 520 ,
820 439 898 503 ἔν
921 461 1056 504 τινι
1084 438 1281 505 νυκτὶ
1307 437 1521 526 λύχνα
1556 445 1823 509 καίουσι
1853 436 2099 518 πάντες
2128 436 2343 508 πολλὰ
2367 433 2705 528 ὑπαίθρια

429 540 584 630 περὶ
625 535 708 607 τὰ
755 537 1029 628 δώματα
1073 538 1323 634 κύκλῳ.
1405 538 1488 611 τὰ
1533 542 1607 610 δὲ
1662 542 1874 629 λύχνα
1919 543 2056 611 ἐστὶ
2104 540 2401 629 ἐμβάφια
2451 547 2705 631 ἔμπλεα

428 710 574 770 ctes,
634 705 849 756 differre
895 706 964 756 ab
1005 706 1184 772 Iside,
1239 709 1311 759 ad
1357 725 1516 775 quam

427 792 570 842 quae
614 773 738 826 aliis
776 776 993 840 proprie
1043 777 1354 828 numinibus
1395 795 1520 830 con-

425 846 702 909 venirent,
739 844 1013 896 translata
1047 845 1193 896 haud
1230 863 1354 898 raro
1398 864 1519 899 esse

427 930 593 980 supra
639 916 749 966 iam
802 914 872 964 ad
919 930 1042 980 cap.
1089 914 1159 966 60
1206 916 1518 968 observavi-

425 1000 564 1035 mus.
638 984 896 1045 Accedit,
952 985 1099 1049 quod
1129 985 1329 1036 Isidem
1366 990 1519 1038 novi-

425 1069 547 1105 mus
593 1055 652 1102 in
689 1053 923 1104 Osiridis
972 1055 1121 1104 caesi
1156 1055 1414 1106 honorem
1450 1073 1517 1108 ac

425 1123 739 1174 memoriam
787 1122 1165 1172 celebrandam
1221 1125 1366 1175 festa
1420 1142 1514 1191 per

425 1207 634 1243 omnem
670 1192 980 1257 Aegyptum
1015 1192 1344 1245 instituisse.
1413 1195 1516 1245 Mi-

425 1277 595 1313 nerva
650 1267 833 1312 autem
886 1261 1052 1324 haec,
1112 1277 1275 1327 quam
1326 1265 1515 1316 Saitae

427 1331 707 1392 colebant,
747 1346 1014 1396 quamque
1049 1332 1342 1382 secundam
1367 1333 1514 1394 ‚dicit

424 1400 614 1450 Cicero
650 1398 775 1450 Nilo
822 1405 996 1449 ortam
1037 1400 1149 1463 (De
1195 1408 1310 1452 nat.
1345 1403 1512 1454 Deor.

424 1470 528 1530 111,
560 1466 673 1533 23),
711 1469 856 1534 apud
885 1469 1187 1535 Aegyptios
1211 1472 1512 1522 vocabatur

423 1539 600 1597 Nema,
655 1538 775 1602 ipso
823 1542 965 1587 teste
1000 1538 1231 1590 Platone
1279 1541 1336 1590 in
1372 1543 1512 1592 Tim.

429 1625 483 1674 p.
522 1609 590 1658 22
624 1608 691 1659 Α.
739 1612 793 1657 et
828 1606 1104 1672 Hesychio
1143 1625 1190 1661 s.
1225 1627 1279 1660 v.
1327 1605 1511 1674 Νηΐθ,

427 1692 534 1742 quo
605 1692 669 1727 ex
729 1676 946 1727 nomine
1005 1678 1181 1742 ipsum
1249 1679 1515 1731 Graecum

419 1740 661 1810 Ἀθηνᾶς
697 1761 891 1795 nomen
928 1746 1149 1796 ductum
1184 1747 1377 1798 volunt
1416 1748 1513 1812 (cf.

421 1815 615 1866 Roeth.
659 1814 697 1866 l.
735 1830 858 1865 mox
895 1814 931 1864 l.
971 1819 1114 1867 nott.
1141 1832 1196 1880 p.
1232 1817 1342 1882 43).
1407 1819 1513 1868 Ne-

421 1899 527 1950 que
563 1882 671 1934 alio
708 1885 924 1935 nomine
948 1890 1179 1935 vocatur
1208 1886 1303 1936 illa
1337 1886 1396 1936 in
1430 1889 1510 1936 in-

421 1953 808 2018 scriptionibus
839 1952 1280 2020 hieroglyphicis,
1310 1955 1367 2005 in
1394 1958 1511 2020 qui-

419 2024 522 2073 bus
546 2022 894 2087 praedicatur
919 2039 1099 2087 ma9na
1130 2034 1294 2075 mater
1313 2040 1358 2077 s.
1390 2025 1507 2088 dea,

419 2093 624 2142 deorum
654 2099 834 2152 macer,
872 2092 1069 2142 dondna
1100 2095 1248 2154 coeli,
1281 2095 1510 2159 genitrix

418 2163 571 2212 eolis.-
607 2175 747 2226 quae
775 2162 955 2212 omnia
991 2161 1063 2211 ad
1095 2163 1206 2212 vim
1243 2168 1298 2212 et
1334 2164 1509 2213 notio-

417 2245 540 2280 nem
562 2229 723 2280 huius
751 2231 886 2281 deae
909 2232 1201 2295 pertinent,
1238 2247 1376 2297 quae
1396 2248 1508 2282 ma-

419 2301 612 2351 teriam
646 2299 977 2364 primitivam
1014 2300 1286 2365 declarat,
1325 2302 1506 2352 omnia

416 2369 475 2418 in
519 2383 697 2419 rerum
741 2374 937 2419 natura
986 2385 1020 2419 a
1067 2385 1128 2421 se
1173 2371 1294 2435 ipsa
1331 2373 1508 2435 profe-

418 2443 627 2488 rentem
675 2439 899 2504 suisque
955 2440 1162 2490 viribus
1218 2441 1377 2504 quasi
1428 2442 1506 2504 gi-

418 2512 698 2573 gnentem:
732 2509 876 2571 unde
898 2509 954 2557 in
987 2509 1103 2559 eius
1131 2513 1316 2559 statua
1337 2510 1506 2560 verba

417 2577 683 2658 inscripta
728 2578 889 2628 haec:
960 2567 1067 2641 ἐγώ
1112 2573 1226 2642 εἰμι
1271 2575 1390 2628 πᾶν
1440 2570 1504 2637 τὸ

415 2634 1504 2781 {susam„affirm

415 2776 514 2841 τὸς
564 2777 932 2848 ἀπεκάλυψεν
993 2785 1174 2849 prodit
1221 2785 1501 2836 Plutarch.

416 2854 501 2903 De
535 2852 610 2904 Is.
656 2856 712 2905 et
746 2854 894 2905 Osir.
932 2870 1053 2919 cap.
1106 2854 1158 2904 9.
1205 2870 1260 2918 p.
1297 2854 1399 2907 354
1448 2859 1506 2904 et

415 2922 642 2973 Procius
701 2922 1027 2975 Commentt.
1073 2925 1132 2973 in
1175 2923 1320 2974 Plat.
1359 2924 1501 2976 Tim.

415 2991 461 3042 Ι.
517 3007 571 3056 p.
627 2991 714 3043 30.
801 2993 1073 3056 Exposuit
1122 2993 1331 3044 Roeth:
1404 2993 1504 3045 Ge-

418 3059 665 3111 scbichte
712 3062 767 3112 d.
803 3061 1009 3113 Philos.
1058 3062 1106 3112 1.
1146 3077 1201 3127 p.
1248 3061 1348 3115 134
1383 3078 1501 3128 seq.

415 3133 556 3181 nott.
592 3145 649 3195 p.
687 3130 914 3183 42-48.
985 3129 1250 3181 conferas
1287 3147 1503 3197 quoque

414 3198 746 3250 Wilkinson.
781 3200 1056 3251 Manners.
1093 3206 1201 3251 etc.
1240 3217 1352 3252 sec.
1395 3216 1500 3252 ser.

417 3268 465 3319 Ι.
506 3283 558 3331 p.
596 3270 698 3320 282
734 3285 887 3333 seqq.
936 3269 1013 3319 11.
1062 3284 1116 3333 p.
1155 3269 1257 3321 308
1295 3285 1410 3335 seq.
1449 3276 1503 3320 et

413 3337 525 3391 111.
551 3338 667 3388 tab.
691 3339 784 3400 28,
822 3338 917 3388 ubi
951 3339 1134 3404 imago
1171 3339 1333 3389 huius
1367 3339 1503 3391 deae

415 3406 701 3457 exhibetur
718 3445 730 3468 ,
801 3406 1042 3471 Parthey
1093 3406 1166 3456 ad
1218 3409 1499 3460 Plutarch.

411 3473 449 3526 l.
476 3476 515 3527 l.
540 3491 667 3541 pag.
695 3474 796 3526 176
823 3491 938 3541 seq.
1008 3477 1095 3527 Ex
1122 3476 1227 3528 hac
1260 3494 1390 3528 vero
1421 3478 1502 3527 in-

413 3545 614 3596 teriore
639 3545 881 3596 Saiticae
916 3545 1053 3596 deae
1088 3547 1313 3597 notione
1344 3548 1503 3596 innu-

413 3619 616 3679 ptaque
648 3619 849 3665 natura
890 3613 1036 3665 haud
1085 3615 1199 3665 scio
1241 3630 1314 3664 an
1348 3631 1503 3680 repe-

415 3682 635 3734 tendum
670 3684 772 3746 sit,
808 3683 954 3749 quod
979 3683 1176 3735 Graeci
1209 3685 1502 3747 scriptores

412 3753 641 3803 eandem
672 3768 793 3803 cum
823 3753 1073 3804 Minerva
1103 3752 1500 3804 contenderint.

412 3822 497 3872 De
529 3822 635 3872 hac
664 3822 1057 3887 Aegyptiorum
1092 3823 1343 3874 Minerva
1378 3838 1502 3873 con-

412 3891 542 3940 ferri
578 3906 791 3956 quoque
818 3894 1100 3955 poterunt,
1140 3908 1279 3957 quae
1313 3896 1499 3957 protu-

409 3958 477 4008 lit
510 3959 638 4010 Hirt
671 3959 964 4011 Abhandll.
1000 3959 1052 4010 d.
1085 3961 1291 4012 Berlin.
1317 3962 1497 4011 Akad.

410 4027 541 4079 hist.
579 4028 710 4093 phil.
737 4028 914 4080 Class.
941 4045 1067 4082 ann.
1101 4031 1237 4083 1820
1259 4034 1315 4081 et
1341 4029 1495 4082 1821.

410 4113 537 4163 pag.
579 4096 680 4149 134
716 4113 869 4163 seqq.

477 4158 657 4231 λύχνα
690 4166 941 4232 καίουσι]
979 4160 1050 4218 τὰ
1087 4159 1267 4233 λύχνα
1302 4170 1497 4218 neutro

408 4250 609 4300 genere
644 4235 839 4286 Ionum
886 4252 917 4286 e
961 4237 1354 4288 consuetudine
1391 4235 1499 4286 dici

408 4309 630 4355 monent
645 4305 1001 4358 Grammatici
1016 4305 1088 4358 ad
1108 4306 1161 4357 h.
1181 4305 1241 4369 1.‚
1255 4306 1497 4371 Hesych.

1624 725 1669 760 s.
1706 725 1781 773 V„
1813 707 2008 759 Pollux
2041 709 2110 771 X,
2151 708 2250 760 115
2276 712 2331 757 et
2364 707 2562 759 Athen.
2584 709 2702 759 XV.

1621 795 1675 844 p.
1717 778 1839 829 701.
1913 777 2073 840 Quod
2108 778 2354 841 sequitur
2392 766 2703 841 ἐλλύχνιον,

1623 848 1976 900 Grammatici
2030 846 2331 897 attulerunt
2382 846 2577 897 Graeci
2639 862 2706 897 ex

1618 917 1722 968 hoc
1741 917 1883 978 loco,
1910 932 2030 967 cum
2049 917 2218 967 Attici
2237 915 2471 965 dixerint
2490 913 2705 979 θρυαλ-

1620 984 1780 1049 λίδα,
1829 987 1868 1037 i.
1906 1002 1955 1037 e.
1994 988 2133 1048 filum
2162 984 2421 1035 candelae
2449 1001 2494 1035 s.
2533 984 2705 1035 lucer-

1619 1071 1723 1106 nae
1760 1055 1998 1120 (Docloet):
2049 1055 2163 1106 vid.
2204 1055 2441 1105 Thomas
2474 1054 2701 1119 Magist.

1616 1142 1669 1190 p.
1710 1127 1840 1185 455,
1888 1125 2091 1174 Moeris
2143 1141 2197 1188 p.
2236 1124 2335 1175 186
2381 1123 2467 1173 ed.
2505 1124 2700 1184 Piers.,

1614 1193 1910 1259 Phrynich.
1974 1210 2028 1258 p.
2078 1194 2178 1244 162
2232 1194 2416 1258 ibique
2456 1193 2699 1243 Lobeck.

1614 1265 1699 1314 Ad
1723 1279 1911 1314 vocem
1940 1254 2276 1326 ὑπαίθριος,
2317 1277 2477 1328 quam
2501 1263 2703 1312 Noster

1616 1333 1779 1383 etiam
1816 1331 2067 1382 adhibuit
2097 1332 2235 1393 V11,
2278 1331 2408 1393 119,
2457 1330 2528 1381 cf.
2555 1330 2700 1382 Tho-

1614 1418 1730 1452 mas
1742 1402 1890 1466 Mag.
1917 1399 2086 1466 p.367
2113 1404 2170 1451 et
2182 1399 2476 1464 Phrynich.
2500 1416 2555 1465 p.
2578 1401 2701 1462 251,

1615 1472 1709 1536 qui
1758 1487 1876 1521 eam
1914 1470 2234 1534 praeferunt
2283 1470 2489 1520 formae
2530 1457 2703 1519 ὕπαι-

1618 1538 1768 1604 θρος
1796 1540 1865 1590 ab
1889 1538 2012 1589 aliis
2050 1538 2351 1590 adhibitae.
2377 1566 2443 1576 —
2483 1540 2586 1590 Est
2607 1554 2703 1588 au-

1617 1614 1727 1666 tem
1783 1609 2041 1673 frequens
2096 1609 2314 1658 omnino
2365 1607 2701 1659 lucernarum

1616 1694 1748 1729 usus
1794 1679 1850 1728 in
1898 1678 2071 1728 sacris
2113 1677 2425 1743 Aegyptiis3
2474 1678 2532 1727 in
2585 1677 2703 1728 Sai-

1614 1749 1725 1798 tico
1759 1747 1929 1797 hocce
1953 1746 2184 1796 Osiridis
2219 1746 2363 1796 festo
2397 1746 2521 1796 ideo
2552 1745 2701 1796 adhi-

1616 1817 1767 1866 bitae
1813 1831 1933 1866 esse
1983 1815 2264 1877 videntur,
2326 1819 2389 1865 ut
2435 1814 2566 1870 deus
2607 1813 2701 1865 ille

1615 1891 1876 1950 tanquam
1910 1883 2043 1934 solis
2074 1884 2326 1948 ignisque
2360 1899 2581 1949 praeses
2613 1900 2701 1934 co-

1609 1954 1828 2005 leretur.
1886 1953 2008 2015 Qua
2045 1953 2230 2003 eadem
2262 1953 2329 2003 de
2359 1968 2525 2003 causa
2551 1957 2702 2018 post-

1612 2023 1769 2074 modo
1804 2022 2082 2088 Serapidis
2127 2023 2186 2072 in
2229 2023 2401 2074 sacris
2446 2021 2700 2073 lucernas

1610 2097 1903 2158 usurpatas
1938 2093 2261 2142 invenimus.
2337 2092 2496 2142 Conf.
2537 2091 2700 2142 Creu-

1612 2163 1722 2212 zeri
1745 2163 1974 2226 Dionys.
1997 2177 2053 2226 p.
2082 2163 2205 2213 225.
2279 2161 2394 2211 Nec
2417 2162 2699 2212 Minervae

1610 2247 1718 2282 non
1776 2231 2107 2281 conveniunt
2158 2230 2440 2294 lucernae,
2502 2232 2699 2296 quippe

1611 2316 1751 2366 quae
1773 2299 1913 2351 lucis
1947 2304 2003 2350 et
2026 2300 2350 2365 purissimae
2373 2300 2589 2366 quidem
2614 2305 2701 2350 est

1612 2370 1716 2420 dea
1750 2375 1915 2435 atque
1935 2384 2174 2435 praeses.
2236 2370 2379 2432 Quin
2402 2370 2566 2420 etiam
2590 2385 2699 2420 me-

1610 2440 1835 2491 minisse
1852 2440 2007 2489 iuvat
2024 2438 2290 2489 ‘lucernae
2313 2440 2559 2505 magicae
2583 2439 2699 2489 sive

1609 2509 1934 2570 mundanae,
1968 2521 2109 2572 quae
2128 2508 2396 2558 Mercurio
2420 2508 2696 2570 tribuitur,

1607 2582 1671 2628 ut
1724 2576 1907 2626 omnia
1951 2576 2250 2641 perspiciat
2307 2576 2578 2626 mundana
2622 2592 2698 2627 ac

1585 2646 1889 2705 ‚terrestria
1925 2660 2027 2696 nec
2062 2644 2356 2708 quidquam
2399 2646 2577 2709 ipsum
2618 2645 2697 2695 la-

1608 2719 1744 2765 teat.
1833 2713 1921 2765 Of.
1968 2713 2270 2764 Creuzerus
2317 2713 2558 2779 symbol.
2615 2714 2694 2767 11.

1606 2800 1732 2850 pag.
1779 2782 1900 2836 109.
1974 2782 2133 2844 Quod
2179 2798 2309 2832 vero
2353 2783 2697 2835 lucernarum

1606 2854 1982 2905 accensionem
2019 2853 2075 2901 in
2111 2851 2437 2903 Iudaeorum
2474 2853 2697 2919 quibus-

1607 2924 1732 2974 dam
1780 2922 1940 2973 festis
1985 2921 2113 2972 hinc
2165 2938 2378 2988 quoque
2434 2923 2697 2989 originem

1607 2994 1820 3057 cepisse
1853 2991 2031 3042 videri
2058 2992 2176 3041 vult
2197 2992 2455 3056 Spencer.
2481 2992 2549 3044 de
2575 2993 2693 3046 ritt.

1605 3063 1775 3113 Hebr.
1812 3062 1909 3123 IV,
1946 3059 1999 3112 6.
2054 3077 2106 3125 p.
2169 3061 2297 3112 1121
2353 3077 2496 3127 seq.,
2555 3062 2693 3112 satis

1606 3132 1830 3183 edocuit
1872 3131 2102 3181 Carolus
2148 3130 2327 3181 Baehr
2387 3129 2695 3197 (symbolik

1606 3202 1702 3252 des
1758 3200 2105 3251 Mosaischen
2151 3199 2343 3250 Cultus
2389 3201 2436 3250 1.
2483 3217 2559 3265 p„
2587 3199 2693 3251 439

1606 3270 1813 3336 seqq.)‚
1859 3268 2022 3334 plane
2063 3268 2223 3319 aliam
2259 3283 2486 3334 eamque
2534 3269 2694 3318 altio·

1604 3355 1718 3390 rem
1754 3344 1808 3389 et
1842 3338 2208 3388 sublimiorem
2243 3338 2583 3387 lucernarum
2614 3338 2695 3386 vi-

1606 3408 1720 3459 deri
1755 3405 2208 3470 significationem
2256 3406 2399 3470 apud
2437 3404 2690 3467 Iudaeos,

1605 3475 1944 3527 ethnicarum
1991 3476 2233 3540 gentium
2292 3474 2693 3539 superstitioni·

1604 3546 1705 3595 bus
1742 3545 1902 3608 plane
1938 3545 2264 3609 oppositam.
2339 3543 2496 3604 Quod
2546 3543 2693 3593 deni-

1604 3629 1709 3677 que
1755 3612 1825 3663 ad
1870 3614 2045 3675 ipsam
2088 3612 2430 3662 lucernarum
2487 3613 2543 3662 in
2586 3612 2691 3663 hoc

1603 3683 1747 3732 festo
1773 3681 2137 3732 adhibitarum
2164 3682 2444 3731 materiam
2472 3681 2689 3745 attinet,

1601 3752 1860 3802 observat
1903 3749 2232 3800 Wilkinson.
2279 3751 2534 3800 Manners
2581 3756 2689 3801 etc.

1600 3821 1708 3871 111.
1745 3837 1801 3885 p.
1844 3819 1938 3870 101
1981 3818 2104 3869 coll.
2148 3820 2276 3881 112,
2323 3835 2415 3871 eas
2449 3820 2625 3869 videri
2660 3836 2692 3872 e

1602 3891 1747 3940 vitro
1798 3889 1977 3939 factas
2024 3888 2251 3953 ipseque
2286 3889 2504 3940 exbibet
2543 3890 2690 3941 viros

1599 3959 1902 4024 Aegyptios
1926 3972 2048 4007 cum
2070 3958 2171 4008 tali
2194 3958 2418 4009 lucerna
2451 3974 2691 4010 accensa

1598 4029 1973 4094 procedentes.
2056 4029 2141 4078 De
2188 4027 2314 4078 aliis
2347 4029 2498 4079 vasis
2542 4044 2572 4078 e
2606 4028 2691 4077 vi-

1599 4103 1685 4148 tro
1724 4097 1887 4148 factis
1938 4113 2034 4161 per
2061 4098 2370 4163 Aegyptum
2402 4098 2545 4148 idem
2582 4098 2689 4148 dis·

1606 4170 1766 4232 putat
1798 4181 1925 4231 pag.
1962 4165 2032 4217 89
2067 4182 2227 4233 seqq.

1672 4226 1920 4302 ἐμβάφια
1956 4229 2167 4300 ἔμπλεα
2195 4226 2331 4292 ἁλὸς
2348 4229 2448 4284 οιαὶ
2473 4224 2688 4300 ἐλαίου]

1599 4305 1641 4357 i.
1689 4320 1740 4356 e.
1784 4309 1992 4357 vaseula
2042 4307 2154 4357 sale
2209 4312 2261 4356 et
2309 4305 2418 4355 oleo
2471 4306 2685 4368 repleta.
