3109 5092
1067 368 1564 429 EUTERPE.
1608 368 1693 426 Π.
1734 377 1824 433 65.

317 546 438 629 δης
480 542 640 609 ἐστί.

2466 361 2591 422 573

739 537 846 616 τὰ,
876 539 950 608 δὲ
993 539 1191 609 ἐόντα
1232 561 1355 627 σφι
1396 536 1661 609 ἅπαντα
1707 537 1818 629 [ρά
1863 537 2248 626 νενόμισται
2270 557 2284 571 ·
2346 538 2460 605 καὶ
2508 532 2591 603 τά

316 644 443 733 μὲν
493 641 849 732 σύντροφα
896 639 1156 713 αὐτοῖσι
1204 657 1376 711 τοῖσι
1418 639 1876 734 ἀνθρώποισι,
1929 640 2009 711 τὰ
2046 641 2121 710 δὲ
2158 636 2242 709 οὔ
2259 661 2273 675 ·
2331 643 2467 708 τῶν
2515 639 2589 708 δὲ

316 751 577 816 εἵνεκεν
623 742 882 815 ἀνεῖται
927 743 1009 813 τὰ
1046 743 1157 834 ι’ρά
1195 751 1259 814 εί
1295 748 1591 834 λέγοιμι,
1638 753 2010 834 καταβαίην
2048 737 2134 814 ἂν
2176 747 2268 836 τῷ
2308 741 2487 835 λόγῳ
2524 745 2591 821 ἐς

313 847 583 942 τάθετα
617 850 1005 938 πρήγματα,
1042 846 1124 917 τά
1151 844 1283 935 ἐγω
1309 853 1546 936 φεύγω
1574 850 1858 938 μάλιστα
1887 844 2326 936 ἀπηγέεσθαι.
2396 842 2480 914 τά
2513 844 2588 914 δὲ

315 953 429 1023 καὶ
486 962 723 1040 εἴρηκα
772 949 1000 1022 αὐτῶν
1059 952 1432 1034 ἐπιψαύσας
1450 1003 1468 1035 ,
1532 950 1866 1041 ἀναγκαίῃ
1921 948 2593 1038 καταλαμβανόμενος

318 1054 533 1125 εἶπον.
639 1055 867 1143 Νόμος
906 1058 987 1124 δέ
1011 1058 1150 1123 ἐστι
1183 1055 1339 1143 περὶ
1373 1060 1513 1124 τῶν
1545 1063 1814 1144 θηρίων
1843 1044 1978 1124 ὦδε
2014 1059 2207 1142 ἔχων.
2290 1057 2587 1142 μελεδω-

316 1159 425 1229 νοὶ
463 1154 949 1245 ἀποδεδέχαται
980 1162 1097 1246 τῆς
1125 1161 1380 1246 τροφῆς
1417 1161 1620 1246 χωρὶς
1662 1161 1993 1243 ἑκάστων,
2030 1159 2144 1225 καὶ
2186 1163 2454 1246 ἔρσενες
2480 1156 2592 1223 καὶ

317 1260 564 1350 θήλεαι
603 1265 742 1329 τῶν
768 1265 1171 1347 Αἰγυπτίων
1190 1311 1209 1345 ,
1247 1264 1389 1329 τῶν
1419 1276 1576 1341 παῖς
1602 1259 1782 1350 παρὰ
1812 1256 2059 1349 πατρὸς
2094 1262 2437 1330 ἐκδέκεται
2467 1256 2593 1346 τὴν

316 1363 536 1453 τιμήν.
618 1367 689 1431 ol*
720 1363 793 1432 δὲ
824 1366 901 1433 ἐν
926 1368 1074 1454 τῇσι
1102 1361 1326 1433 πόλισι
1354 1366 1621 1433 ἕκαστοι
1659 1361 1856 1451 εὐχὰς
1891 1361 2092 1432 τάσδε
2121 1384 2245 1452 σφι
2272 1359 2589 1431 ἀποτελέ-

318 1488 501 1538 ουσι·
580 1463 928 1554 εὐχόμενοι
980 1471 1073 1561 τῷ
1121 1470 1304 1559 θεῷ,
1361 1472 1482 1535 τοῦ
1535 1461 1623 1537 ἄν
1665 1458 1709 1557 ᾖ
1762 1464 1837 1536 τὸ
1884 1473 2165 1555 θηρίον,
2235 1467 2595 1554 ξυροῦντες

320 1628 477 1699 sequi
509 1631 712 1682 malim.
786 1632 853 1683 In
899 1633 1143 1697 proxime
1187 1637 1405 1683 antece—

320 1702 574 1754 dentibus
609 1702 775 1752 verba
810 1698 906 1751 καὶ
941 1695 1014 1766 δὴ
1049 1698 1146 1750 καὶ
1169 1695 1302 1751 τάδε
1334 1701 1406 1752 ad

320 1772 608 1837 sequentia
664 1785 843 1835 neque
896 1771 966 1821 ad
1024 1771 1406 1822 antecedentia

322 1846 596 1907 spectare,
636 1856 853 1891 monere
885 1841 979 1890 vix
1014 1855 1172 1905 opus.

390 1905 487 1960 καὶ
548 1902 618 1958 τὰ
673 1902 776 1974 μὲν
828 1901 1125 1973 σύντροφα
1178 1900 1405 1958 αὐτοῖσι

321 1983 473 2029 τοῖσι
504 1970 894 2044 ἀνθρώποισι]
936 1978 975 2029 i.
1023 1993 1072 2029 e.
1119 1982 1256 2029 aliae
1294 1977 1406 2043 (be-

321 2048 485 2114 stiae)
520 2063 627 2097 cum
665 2049 790 2111 ipsis
822 2047 1093 2099 hominibus
1126 2063 1228 2097 una
1259 2049 1403 2098 εἰηιιιὶ

319 2119 503 2168 vimi.
579 2116 701 2167 vid.
725 2117 801 2179 11,
828 2115 920 2168 36:
954 2112 1310 2181 Αἰγυπτίοισι
1340 2108 1404 2164 δὲ

321 2178 468 2251 ὁμοῦ
504 2183 767 2249 θηρίοισι
805 2176 839 2250 ἡ
879 2178 1071 2235 δίαιτά
1105 2178 1237 2235 ἐστι.
1298 2187 1404 2236 Vo-

321 2271 437 2306 cem
484 2258 664 2317 τοῖσι,
717 2270 859 2320 quae
906 2270 940 2304 a
987 2255 1197 2306 duobus
1243 2254 1403 2308 codd.

320 2325 502 2387 abest,
560 2324 749 2374 reiecit
801 2324 1042 2375 Dindorf
1056 2362 1070 2387 ,
1124 2324 1281 2375 uncis
1327 2324 1406 2373 in-

320 2394 485 2444 clusit
496 2393 750 2454 Dietsch3
775 2393 1026 2458 equidem
1049 2394 1267 2456 retinui,
1284 2409 1406 2443 cum

318 2462 632 2584 neceeassaria
655 2463 948 2514 videretur.
986 2463 1144 2514 Conf.
1168 2462 1404 2514 Bredov.

321 2550 355 2598 p
390 2599 508 2650 τῶν
545 2593 609 2649 δὲ
646 2596 861 2649 εἵνεκεν
906 2590 1126 2649 ἀνεῖται
1171 2591 1241 2649 τὰ
1284 2592 1404 2665 ἴρὰ]

321 2669 600 2721 Articulus
634 2662 704 2719 τὰ
748 2669 866 2719 sine
912 2684 1082 2720 causa
1126 2671 1407 2734 negotium

320 2737 603 2790 facessivit
651 2740 785 2788 viris
838 2737 1035 2789 doctis.
1115 2739 1218 2787 Est
1262 2738 1405 2787 enim

321 2809 428 2860 loci
463 2823 684 2859 sensus:
729 2824 822 2857 cur
866 2823 961 2858 eae
1008 2807 1203 2856 bestiae
1236 2806 1406 2871 (quae

322 2893 401 2929 sc.
446 2892 637 2928 sacrae
681 2878 975 2940 habentur,
1023 2880 1085 2926 ut
1122 2875 1256 2940 dixi)
1308 2876 1407 2926 diis

321 2954 653 2998 consecratae
670 2946 954 2997 habeantur
975 2945 1209 3009 indeque
1227 2944 1408 2995 colan-

325 3023 432 3067 tur.
506 3015 702 3080 Itaque
738 3015 885 3065 haud
920 3030 1087 3080 opus,
1124 3029 1246 3065 cum
1281 3013 1409 3063 Val-

324 3085 582 3138 ckenario
614 3100 710 3149 pro
736 3077 807 3134 τὰ
840 3077 953 3148 ἱρὰ,
981 3098 1123 3150 quae
1145 3083 1215 3133 ad
1240 3083 1411 3133 verba

325 3153 752 3205 antecedentias
793 3158 1005 3204 ectant:
1044 3144 1113 3202 τὰ
1150 3145 1213 3202 δὲ
1244 3143 1411 3201 ἐόντα

326 3238 428 3288 σφι
462 3213 690 3272 ἅπαντα
761 3213 833 3287 ρὰ
869 3220 964 3286 (ad
999 3237 1140 3287 quae
1191 3222 1310 3286 ipsa
1345 3236 1413 3271 ex

323 3292 567 3358 proxime
617 3291 1068 3343 antecedentibus
1124 3282 1195 3340 οὗ
1260 3283 1411 3355 μάλα

323 3354 626 3426 θηριώδης
645 3351 760 3410 ἐστὶ
780 3361 1065 3411 adsumere
1081 3359 1211 3410 licet
1231 3365 1410 3412 mente

322 3423 392 3480 τὰ
423 3426 635 3493 θηρία)
657 3431 893 3480 scribere
927 3422 996 3478 τὰ
1028 3426 1230 3493 θηρία,
1265 3428 1410 3495 quod

322 3499 465 3549 idem
499 3499 707 3563 placuit
747 3497 985 3549 Heroldo
1032 3498 1068 3547 l.
1105 3498 1144 3548 1.
1184 3513 1313 3563 pag.
1351 3498 1404 3548 6.

323 3571 601 3619 Lacunam
635 3567 907 3632 quandam
939 3566 1031 3617 hic
1074 3581 1195 3617 esse
1231 3566 1408 3631 suspi-

323 3642 480 3688 catur
525 3637 753 3687 Dietsch
800 3636 1052 3701 (Jahrbb.
1106 3636 1145 3685 f.
1206 3634 1406 3685 Philol.

324 3706 520 3757 LXIX.
557 3722 611 3771 p.
650 3705 797 3768 330).
869 3701 1138 3756 ἀνεῖσθαι
1174 3703 1264 3755 hic
1297 3708 1404 3754 est:

323 3784 682 3838 consecratum,
729 3776 1010 3828 dedic-aem
1042 3789 1172 3828 esse.
1247 3773 1406 3824 Cons.

325 3844 404 3908 11,
445 3845 545 3895 165
577 3844 691 3907 fin„
739 3845 835 3896 ubi
881 3844 948 3895 de
984 3845 1107 3909 ipsa
1149 3843 1253 3893 hac
1287 3858 1408 3908 per-

326 3913 458 3964 fecti
504 3913 682 3965 forma
732 3906 996 3980 (ἀνεῖται)
1044 3926 1266 3978 agemus
1283 3949 1297 3974 ,
1355 3916 1410 3961 et

325 3982 641 4034 Callimach.
678 3984 751 4034 Η.
803 3984 859 4033 in
900 3983 1079 4034 Cerer.
1125 3985 1192 4033 47
1226 3981 1410 4046 ibique

323 4051 615 4117 Spanhem.

397 4121 467 4178 τὰ
512 4121 616 4193 ἐγώ
663 4120 854 4194 φεύγω
898 4121 1137 4193 μάλιστα
1172 4116 1411 4191 ἀπηγέε-

329 4195 495 4262 σθαι]
545 4198 706 4249 Conf.
757 4198 836 4260 11,
880 4197 933 4249 3.
1017 4196 1195 4250 Simili
1250 4195 1409 4247 modo

326 4266 556 4320 Diodor.
592 4266 632 4319 1.
670 4268 707 4318 l.
748 4266 884 4317 dicit
909 4268 954 4318 A
1027 4266 1209 4331 yptios
1236 4280 1414 4316 sacer-

328 4336 485 4385 dotes
522 4336 588 4386 de
631 4336 716 4385 his
756 4335 956 4386 habere
1031 4325 1325 4399 πόρἆτόν
1360 4347 1413 4382 τι

328 4396 539 4470 δόγμα,
576 4403 722 4471 quod
750 4405 869 4470 ipse
893 4403 1220 4482 indicaverit
1241 4401 1288 4467 1,
1324 4403 1411 4466 21,
1453 4439 1462 4444 -

1507 1635 1603 1686 ubi
1640 1631 1877 1685 fabulam
1915 1631 1982 1682 de
2015 1630 2165 1682 Iside
2190 1636 2359 1698 atque
2378 1630 2596 1683 Osiride

1508 1708 1747 1754 enarrat.
1813 1702 2154 1766 Ubicumque
2180 1702 2325 1751 enim
2359 1699 2593 1751 Osiridis

1508 1771 1814 1838 sepulcrum
1844 1775 2006 1833 esset,
2044 1769 2160 1821 illic
2186 1770 2446 1821 animalia
2473 1769 2596 1820 Osi-

1507 1842 1615 1892 ridi
1649 1842 1718 1892 ab
1754 1840 1905 1891 Iside
1940 1844 2259 1890 consecrata
2287 1840 2461 1889 fuisse
2483 1843 2594 1888 tra·

1508 1911 1740 1972 debant,
1787 1915 1847 1960 ut
1895 1910 2022 1959 inde
2070 1909 2244 1959 omnis
2291 1909 2591 1959 bestiarum

1508 1980 1688 2031 cultus
1710 1994 1805 2045 per
1823 1980 2131 2044 Aegyptum
2154 1979 2463 2029 invaluerit.
2506 1978 2593 2028 Tu

1506 2050 1619 2101 vid.
1659 2064 1800 2114 quae
1835 2049 1977 2098 hanc
2012 2049 2070 2097 in
2097 2063 2211 2098 rem
2236 2051 2434 2099 notata
2464 2051 2593 2096 sunt

1505 2120 1584 2182 11,
1623 2120 1707 2169 41.
1746 2119 1834 2169 65.
1870 2119 1956 2169 67.

1573 2182 1883 2253 μελεδωνοὶ
1901 2178 2316 2251 ἀποδεδέχαται
2341 2183 2444 2251 τῆς
2465 2199 2591 2251 τρο-

1505 2256 1646 2324 φῆς]
1682 2250 1999 2322 μελεδωνός
2032 2257 2080 2306 is
2118 2257 2344 2320 dicitur,
2384 2258 2471 2321 qm·
2501 2259 2594 2306 alt·-

1506 2332 1648 2378 cuius
1680 2329 1761 2378 rei
1792 2343 1965 2377 curam
1984 2330 2140 2391 ecrit.
2215 2327 2307 2377 Sic
2352 2325 2458 2388 111,
2502 2326 2591 2377 61.

1507 2398 1636 2460 VII,
1675 2396 1763 2448 31.
1806 2397 1894 2450 38.
1968 2396 2171 2446 Scribit
2214 2408 2345 2446 vero
2386 2395 2594 2446 Diodo-
2682 2439 2700 2459 ,

1507 2483 1601 2518 rus
1640 2468 1687 2530 1,
1722 2467 1811 2529 83,
1847 2469 2051 2532 quanto
2089 2465 2293 2515 bonore
2321 2466 2467 2528 apud
2488 2467 2592 2514 Ae-

1507 2538 1725 2602 gyptios
1758 2537 1799 2585 ii
1834 2536 2112 2596 fruantur,
2149 2535 2244 2598 qui
2276 2534 2468 2583 harum
2501 2534 2592 2583 be-

1505 2607 1734 2655 stiarum
1779 2619 1963 2654 curam
2006 2603 2331 2667 suscipiant.
2412 2603 2593 2665 Quare

1502 2668 1677 2739 τιμὴν
1709 2678 1859 2723 recte
1902 2672 2005 2722 hoc
2050 2686 2243 2720 munus
2283 2672 2462 2721 dicere
2496 2686 2592 2734 po·

1508 2749 1619 2793 test
1656 2742 1968 2793 Herodotus
1998 2743 2056 2788 in
2093 2754 2273 2805 seqq.:
2309 2737 2424 2789 τῶν
2455 2741 2596 2796 παῖς

1506 2804 1664 2876 παρὰ
1698 2802 1915 2874 πατρὸς
1941 2800 2225 2857 ἐκδέκεται
2262 2802 2370 2873 τὴν
2401 2803 2589 2872 τιμὴν,

1508 2896 1649 2946 quae
1686 2880 1887 2930 locutio
1923 2883 1984 2928 ut
2020 2877 2084 2927 de
2118 2893 2285 2948 regno
2320 2877 2594 2928 heredita-

1507 2952 1588 3000 rio
1631 2965 1798 3015 supra
1838 2948 2113 3002 invenitur
2155 2947 2200 3011 1,
2250 2950 2281 3000 7
2330 2947 2422 2998 fin.
2474 2945 2593 3011 (ubi

1508 3020 1623 3069 vid.
1660 3017 1846 3084 nott.)‚
1884 3020 1964 3072 ita
1992 3013 2098 3068 hoc
2130 3016 2252 3068 loco
2286 3023 2342 3068 et
2375 3017 2451 3078 11,
2494 3017 2594 3068 166

1512 3090 1580 3139 de
1614 3104 1861 3151 munere,
1899 3088 2043 3155 quod
2079 3101 2113 3136 a
2146 3093 2301 3152 patre
2329 3088 2401 3137 ad
2423 3086 2593 3137 filium

1511 3160 1631 3209 iure
1666 3159 1823 3224 quasi
1870 3158 2113 3225 legitimo
2161 3159 2388 3220 transit,
2443 3156 2596 3206 adhi-

1511 3228 1691 3279 betur.
1761 3229 1973 3279 Vocula
2018 3220 2212 3310 ζωρὶς,
2262 3241 2403 3292 quae
2450 3227 2593 3275 inter

1509 3295 1611 3362 τῆς
1656 3295 1878 3362 τροφῆς
1924 3302 1979 3348 et
2025 3293 2278 3347 εκάστων
2328 3295 2425 3360 (sc.
2476 3291 2593 3343 τῶν

1508 3364 1768 3430 θηρίων)
1830 3367 2010 3416 media
2067 3365 2456 3430 interponitur,
2521 3361 2593 3411 ad

1508 3435 1766 3485 maiorem
1805 3436 2109 3485 sententiae
2146 3433 2593 3499 perspicuitatem

1509 3503 1701 3554 addita
1735 3503 1970 3566 videtur,
2007 3509 2070 3553 ut
2104 3506 2393 3566 appareat,
2435 3515 2592 3549 sumn

1507 3587 1776 3637 quamque
1800 3572 2029 3622 bestiam
2051 3571 2250 3621 habere
2269 3569 2592 3631 ministrum,

1506 3643 1601 3706 qui
1635 3642 1810 3705 ipsam
1847 3645 2155 3706 separatam
2190 3654 2256 3688 ac
2291 3639 2593 3688 seiunctam

1510 3711 1580 3760 ab
1617 3710 1741 3759 aliis
1778 3715 1949 3760 curet.

1583 3771 1644 3827 οἱ
1675 3771 1741 3827 δὲ
1777 3771 1837 3827 ἐν
1860 3776 1992 3844 τῇσι
2022 3769 2214 3827 πόλισι
2253 3769 2476 3827 ἕκαστοι
2502 3766 2593 3827 εὖ·

1509 3840 1612 3913 χάς
1669 3839 1837 3897 τοῖσδε
1896 3860 2000 3911 σφι
2052 3838 2440 3911 ἀποτελέουσι]
2490 3859 2594 3911 σφι

1509 3916 1747 3982 pertinet
1783 3916 1854 3966 ad
1886 3907 2269 3980 μελεδωνοὺς,
2306 3930 2442 3981 quos
2468 3921 2597 3966 ante

1510 3986 1741 4035 dixerat.
1813 3986 2201 4052 Argumentum
2232 3985 2342 4035 loci
2379 3986 2595 4051 egregie

1509 4055 1791 4105 illustrant
1820 4055 1957 4105 haec
1986 4054 2216 4104 Diodori
2250 4054 2419 4105 verba
2450 4055 2489 4104 l.
2525 4054 2593 4104 l.:

1511 4120 1818 4174 ποιοῦνται
1868 4117 1931 4173 δὲ
1975 4120 2073 4173 καὶ
2113 4121 2280 4181 θεοῖς
2323 4137 2472 4173 τισιν
2506 4115 2597 4172 εὖ-

1512 4185 1617 4258 χάς
1649 4185 1795 4258 ὑπὲρ
1829 4190 1944 4243 τῶν
1968 4190 2219 4243 παιδίων
2252 4185 2313 4242 οἱ
2344 4183 2469 4241 κατ’
2498 4189 2595 4240 Αἴ-

1512 4276 1755 4326 γυπτον,
1789 4259 1908 4312 τῶν
1942 4252 2001 4311 ἐκ
2035 4260 2138 4326 τῆς
2166 4253 2343 4312 νόσου
2377 4260 2596 4311 σωθὲν-

1511 4345 1645 4382 των.
1699 4322 2044 4396 ξυρήσαντες
2091 4323 2198 4411 γὸζρ
2247 4322 2348 4388 τὰς
2399 4327 2598 4394 τρίχας

1512 4396 1609 4450 καὶ
1642 4391 1787 4467 πρὸς
1821 4391 2099 4466 ἀργύριον
2136 4415 2170 4464 η
2201 4396 2440 4464 χρυσίον
2466 4391 2595 4462 στή-
