3109 5092
1047 368 1543 431 EUTERPE.
1586 369 1673 429 H.
1718 377 1807 432 58.
1852 376 1941 431 59.

2516 370 2631 433 561

266 558 370 612 132
382 538 777 630 ἀνθρώπων
802 539 1179 628 Αὐγύπτιοί
1206 548 1334 612 εἰσι
1371 546 1443 612 οἰ
1473 540 1948 631 ποιησάμενοι,
2006 542 2120 611 καὶ
2162 538 2345 628 παρὰ
2379 542 2642 614 τούτων

285 727 294 734 ι
335 641 658 733 Ἕλληνες
684 643 1136 734 μεμαθήκασι.

1243 644 1607 735 τεκμήριον
1634 649 1716 715 δέ
1748 673 1860 734 μοι
1888 641 2133 714 τούτου
2166 641 2324 713 τόδε
2343 665 2358 679 ·
2408 651 2483 714 αἱ
2511 647 2639 734 μὲν

351 745 480 838 γὰρ
518 754 876 835 φαίνονται
914 752 988 817 ἐκ
1024 754 1280 819 πολλοῦ
1317 776 1437 819 τευ
1462 748 1714 838 χρόνου
1742 747 2173 837 ποιεύμεναι,
2207 752 2282 816 αἱ
2305 747 2379 817 δὲ
2399 742 2628 837 Ἐλλη-

350 852 535 922 νικαὶ
582 852 825 921 νεωστὶ
866 850 1305 940 ἐποιήθησαν.
1392 860 1942 941 Πανηγυρίζουσι
1990 850 2064 920 δὲ
2108 849 2470 937 Αἰγύπτιοι
2503 848 2729 927 οὖκ59

350 951 525 1036 ἅπαξ
567 958 688 1023 τοῦ
728 958 1043 1024 ἐνιαυτοῦ
1063 1006 1083 1040 ,
1140 953 1517 1044 πανηγύρις
1562 955 1635 1023 δὲ
1673 953 1957 1044 συχνὰς,
2010 953 2297 1041 μάλιστα
2345 954 2471 1042 μὲν
2518 956 2633 1024 καὶ

353 1057 834 1147 προθυμότατα
887 1061 954 1138 ἐς
995 1057 1378 1146 Βούβαστιν
1428 1058 1629 1129 πόλιν
1681 1064 1764 1149 τῇ
1808 1054 2144 1147 Ἀρτέμιδι
2165 1110 2186 1145 ,
2232 1056 2521 1147 δεύτερα
2566 1061 2634 1139 ἐς

354 1239 445 1274 τοι
481 1240 533 1274 κ.
571 1241 620 1275 τ.
657 1222 734 1290 1.]
782 1217 1125 1291 πανηγύρις,
1173 1241 1315 1292 quae
1360 1232 1445 1277 est

352 1293 600 1360 legitima
621 1293 811 1345 talium
847 1295 1122 1345 nominum
1157 1296 1334 1347 forma
1358 1311 1446 1346 ac-

356 1365 590 1414 cusativi
636 1362 783 1430 apud
826 1364 1194 1429 Herodotum,
1250 1365 1447 1431 scripsi

356 1448 478 1483 cum
514 1438 745 1484 recentt.
769 1433 890 1484 edd.
964 1434 1089 1485 Vid.
1125 1434 1359 1488 Βτοᾶον.
1386 1450 1441 1501 p.

355 1504 476 1565 264,
502 1503 594 1568 qui
621 1502 763 1553 idem
789 1519 843 1568 p.
866 1502 969 1555 263
994 1504 1161 1554 etiam
1182 1504 1250 1555 de
1270 1504 1445 1555 dativi

355 1572 530 1622 forma
574 1572 890 1623 Herodotea
923 1563 1031 1621 ’Ἰσι
1083 1571 1168 1637 (ut
1216 1573 1304 1637 11,
1353 1575 1440 1625 61.

358 1639 478 1706 176)
538 1640 787 1692 omnibus
847 1641 983 1693 locis
1029 1641 1214 1693 allatis
1262 1643 1446 1694 admo-

353 1709 490 1762 nuit.
544 1703 918 1793 προσαγωγὰς
943 1710 1251 1763 Gronovius
1278 1713 1444 1779 expli-

354 1779 470 1829 cuit
503 1780 808 1844 oblationes,
858 1782 916 1830 in
961 1781 1086 1846 ipsa
1120 1782 1444 1849 interpreta-

351 1849 502 1900 tione
558 1848 762 1900 Latina
826 1864 1033 1914 ponens
1096 1851 1440 1903 adduc-tiones.

352 1917 569 1981 Melius,
609 1919 818 1985 opinor,
842 1918 1187 1998 Schweigha
1228 1923 1442 1986 „-Hesy

351 1986 474 2037 chio
523 1981 864 2052 προσαγωγὴ
912 1993 997 2038 est
1056 1988 1439 2053 προσέλευσις,

349 2063 529 2107 recte·
578 2060 829 2119 accessio,
882 2072 1076 2122 nempe
1119 2059 1193 2108 ad
1237 2060 1442 2109 deorum

349 2142 505 2190 aras,
538 2128 857 2190 supplicatio.
866 2124 903 2152 ‘⁴
955 2126 1041 2176 Tu
1081 2128 1226 2179 conf.
1257 2128 1436 2193 Epist.

349 2196 422 2245 ad
451 2163 651 2260 E’phes.
681 2196 757 2258 11,
794 2193 879 2246 18.
906 2195 1012 2258 111,
1045 2196 1109 2246 12
1141 2200 1196 2246 et
1219 2198 1278 2246 in
1299 2198 1441 2247 Pho-

348 2264 417 2313 tii
448 2262 715 2316 Biblioth.
756 2264 892 2314 Cod.
931 2265 1055 2315 280.
1100 2280 1156 2329 p.
1190 2265 1322 2329 540,
1368 2266 1433 2317 41

349 2333 437 2384 ed.
463 2334 638 2384 Bekk.
707 2333 1069 2385 Schneiderus
1095 2334 1154 2383 in
1178 2335 1314 2386 Lex.
1340 2334 1435 2387 Gr.

333 2417 395 2453 .s.
428 2418 483 2454 v.
520 2402 700 2454 reddit
734 2406 979 2453 solemnes
1012 2407 1143 2454 ritus
1176 2419 1440 2455 sacrorum

348 2473 555 2537 diesque
584 2474 768 2535 festos.
809 2498 878 2509 —
923 2471 1011 2523 Ad
1050 2487 1202 2552 seqq.
1237 2472 1440 2539 τεκμή-

348 2554 479 2606 ριον
519 2537 583 2590 δέ
625 2554 723 2605 μοι
756 2532 967 2590 τούτου
1014 2534 1148 2596 τόδε
1184 2543 1270 2596 Or.
1313 2558 1435 2594 con·

347 2610 478 2659 ferri
512 2609 633 2660 vult
657 2609 827 2661 Wolf.
856 2610 927 2660 ad
948 2611 1305 2664 Demosthen.
1333 2613 1436 2664 Le-

345 2679 485 2745 ptin.
524 2692 649 2745 pag.
688 2680 792 2729 225
829 2683 887 2729 et
921 2679 978 2728 in
1010 2679 1176 2732 indic.

732 2850 864 2902 Cu.
902 2849 1051 2902 LIX.

417 2944 474 3011 ἐς
537 2944 857 3021 Βούβαστιν
920 2945 1093 3003 πόλιν
1143 2953 1216 3022 τῇ
1265 2947 1439 3021 'Aors-

346 3019 492 3088 μιδι]
528 3037 608 3073 sc.
644 3020 1088 3087 πανηγυρίζουσι
1125 3025 1227 3090 (ad
1253 3024 1440 3085 festum:

346 3092 503 3142 celebr
505 3092 698 3142 mudum
755 3092 1098 3158 conveniunt).
1198 3093 1435 3145 Dianam

346 3162 675 3226 Aegyptiam
704 3161 904 3211 Noster
935 3168 1317 3213 commemorat
1351 3163 1437 3212 in-

348 3230 433 3280 fra
468 3230 546 3293 11,
584 3228 671 3282 83.
713 3231 843 3293 155,
878 3229 976 3280 ubi
1009 3230 1118 3282 vid.
1191 3233 1277 3282 De
1312 3232 1437 3282 reli-

348 3313 455 3364 quo
500 3303 819 3366 argumento
861 3299 1007 3349 conf.
1043 3300 1133 3364 11,
1171 3301 1259 3352 60.
1313 3301 1432 3352 138.

350 3368 508 3431 Quod
527 3384 659 3419 vero
679 3367 836 3418 festis
851 3368 1171 3434 pompisque
1189 3369 1437 3435 frequen-

347 3438 494 3488 tibus
528 3439 612 3488 uti
644 3438 944 3503 Aegyptios
970 3438 1283 3488 Herodotus
1306 3440 1437 3489 scri-

346 3507 456 3570 bit,
510 3506 569 3557 id
612 3520 913 3572 sanequsm
965 3507 1197 3558 maxime
1245 3508 1436 3558 confir-

347 3581 527 3639 mant,
583 3590 724 3641 qnae
770 3574 1003 3639 plurima
1042 3578 1102 3626 in
1144 3577 1436 3642 Aegyptio·

347 3660 464 3696 rum
488 3643 811 3711 anaglyphis
839 3645 1139 3710 picturisve
1166 3647 1334 3696 variis
1361 3645 1437 3696 lo-

350 3714 430 3764 cis
454 3715 879 3780 conspiciuntur,
913 3714 1010 3763 ubi
1034 3719 1090 3765 et
1117 3714 1192 3764 dii
1222 3730 1437 3781 reprae-

349 3787 635 3834 sentantur
670 3788 728 3834 et
753 3797 1009 3848 pompae,
1048 3784 1193 3834 festa
1219 3783 1435 3835 illorum

349 3853 407 3901 in
440 3852 700 3903 honorem
745 3853 1022 3903 instituta.
1095 3853 1263 3903 Plura
1303 3853 1438 3903 wil-

349 3921 564 3974 kinson.
604 3922 861 3972 Manners
899 3927 1004 3972 etc.
1051 3937 1160 3975 sec.
1202 3937 1308 3974 ser.
1357 3922 1432 3974 11.

351 4005 405 4056 p.
442 3991 545 4042 270
581 4006 733 4057 seqq.
770 3990 888 4042 377.

419 4052 655 4125 δεύτερα
710 4051 766 4117 ἐς
817 4051 1090 4123 Βούσιριν
1146 4052 1315 4110 πόλιν
1364 4057 1437 4126 τῇ

331 4117 464 4193 Ἴσι]
501 4129 632 4179 De
615 4146 669 4196 lp
671 4144 734 4179 so
772 4129 915 4179 sesto
949 4129 1060 4180 vid.
1097 4129 1183 4192 11,
1223 4130 1286 4181 61
1335 4129 1436 4178 ibi-

348 4211 453 4261 que
488 4203 626 4252 nott.
704 4197 862 4260 Quod
897 4198 966 4248 ad
1001 4199 1187 4249 urbem
1224 4200 1435 4251 Busirin

350 4267 577 4328 attinet,
635 4266 774 4317 haec
824 4267 1070 4332 disputat
1136 4268 1435 4319 Creuzerus

348 4333 577 4399 (Comm.
594 4335 837 4387 Her-odd.
862 4351 917 4402 p.
940 4336 1041 4387 110
1058 4337 1224 4403 seq.)·
1251 4337 1438 4400 „Qua-

349 4407 475 4454 tuor
521 4402 753 4470 amplius
809 4404 1009 4469 oppida
1067 4405 1171 4457 hoc
1217 4403 1436 4457 nomine

429 4503 768 4548 EBBODOT·
818 4505 863 4547 1.

1546 1224 1800 1291 praedita
1843 1223 2084 1275 habebat
2125 1225 2409 1291 Aegyptus
2466 1224 2635 1290 (conf.

1547 1295 1730 1345 Strab.
1749 1293 1928 1345 xvn.
1954 1310 2003 1358 p.
2027 1294 2130 1345 802
2155 1310 2201 1345 s.
2222 1311 2275 1360 p.
2295 1295 2391 1345 541
2416 1294 2635 1358 Τιιεο1ι.,

1548 1364 1875 1430 wesseling.
1904 1362 1974 1413 ad
1997 1363 2223 1414 Diodor.
2242 1363 2289 1426 1,
2307 1365 2377 1414 85
2404 1369 2460 1414 et
2481 1379 2635 1430 prae-

1547 1434 1705 1498 cipue
1759 1433 2060 1497 Champoll.
2118 1433 2362 1498 l’Egypt.
2413 1448 2540 1484 sous
2594 1432 2634 1485 l.

1546 1502 1711 1554 Phar.
1749 1501 1860 1553 vol.
1898 1501 1947 1554 1.
1984 1518 2040 1567 p.
2086 1501 2209 1554 365.
2246 1502 2332 1565 Π,
2369 1503 2436 1553 42
2486 1506 2634 1567 etp.

1550 1570 1699 1635 190).
1736 1572 1811 1622 At
1833 1572 1964 1622 urbs
1989 1571 2343 1623 celeberrima
2367 1572 2474 1622 fuit
2500 1572 2638 1622 haec

1545 1641 1695 1707 ipsa,
1749 1655 1909 1708 quam
1945 1641 2123 1692 medio
2166 1640 2221 1690 in
2259 1639 2424 1691 Delta
2471 1642 2635 1691 sitam

1543 1679 1729 1775 prodit
1763 1710 2097 1761 Herodotus.
2182 1707 2287 1775 [Ad
2321 1709 2636 1761 occidenta-

1542 1779 1649 1830 lem
1699 1780 1950 1830 nimirum
1998 1778 2096 1830 ills
2141 1794 2291 1829 oram
2335 1779 2638 1830 Phatnitici

1544 1849 1697 1899 fluvii
1734 1849 1845 1899 sita
1878 1853 2026 1912 erat,
2075 1849 2171 1899 ubi
2205 1864 2349 1898 nunc
2385 1847 2505 1899 loco
2542 1864 2636 1899 no·

1543 1933 1667 1968 men
1721 1918 1939 1969 Boussir
1991 1919 2108 1968 sive
2155 1917 2424 1968 Abomsir.
2505 1917 2632 1968 Vid.

1543 1986 1961 2038 Schlichthorst.
1982 1986 2016 2039 l.
2038 1985 2077 2036 l.
2098 2002 2152 2051 p.
2173 1986 2243 2037 70
2266 2001 2382 2052 seq.
2441 1985 2633 2036 Cham-

1541 2055 1671 2120 poll.
1708 2056 1745 2105 l.
1776 2055 1813 2107 l.
1842 2056 1918 2106 11.
1947 2071 2001 2120 p.
2033 2053 2178 2121 184.]
2245 2056 2329 2106 De
2362 2055 2523 2106 huius
2551 2071 2633 2106 re·

1537 2124 1836 2191 ligionibus
1870 2131 2062 2175 auctor
2095 2130 2181 2175 est
2202 2125 2429 2175 Diodor.
2458 2125 2630 2176 Sicul.

1542 2195 1590 2256 1,
1624 2194 1719 2258 85,
1766 2195 1860 2245 ubi
1896 2209 2092 2244 nomen
2130 2194 2282 2244 urbis
2316 2193 2446 2243 inde
2481 2209 2631 2259 repe-

1540 2231 1638 2326 ti’t,
1675 2265 1818 2329 quod
1848 2264 1956 2314 Isis
1992 2264 2050 2313 in
2072 2263 2211 2314 bove
2242 2262 2516 2313 Osiridem
2549 2278 2632 2316 se·

1537 2302 1797 2397 pel’ivisse
1845 2333 2037 2384 fertur.
2127 2333 2392 2384 Graecam
2427 2337 2632 2399 etymo·

1537 2401 1740 2483 logiam
1790 2403 2023 2453 nominis
2067 2393 2365 2467 Βούσιρις,
2415 2417 2449 2451 a
2489 2399 2633 2467 βοῦς

1540 2477 1596 2520 et
1624 2463 1844 2534 Ὄσιρις
1881 2472 2132 2533 ductam,
2178 2471 2357 2521 fusius
2395 2472 2632 2536 explicat

1537 2540 1846 2606 Stephanus
1871 2542 2009 2605 Bys.
2044 2541 2101 2588 in
2138 2555 2259 2589 voc.
2290 2555 2344 2604 p.
2376 2540 2478 2591 240
2501 2542 2631 2591 Ber-

1535 2610 1647 2660 kel.
1714 2611 1868 2671 Quae
1891 2625 1991 2659 nos
2025 2623 2134 2658 non
2159 2623 2451 2660 moramur.
2511 2609 2629 2659 Iam

1535 2679 1719 2744 Zoega
1757 2678 1825 2727 de
1861 2677 2119 2727 obelisco.
2157 2692 2211 2742 p.
2250 2677 2378 2739 288,
2412 2683 2630 2742 postea-

1535 2762 1700 2813 quam
1734 2748 1869 2797 haec
1906 2747 2029 2811 ipsa
2063 2746 2270 2810 attigit,
2308 2747 2391 2795 ita
2417 2747 2626 2813 pergit:

1536 2817 1849 2881 „„Sobrior
1861 2814 2178 2865 Herodotus
2199 2814 2255 2865 id
2274 2818 2488 2865 tantum
2507 2830 2629 2881 pro-

1533 2886 1633 2950 dit,
1668 2887 1727 2936 in
1744 2885 1926 2936 Busiri
1950 2883 2147 2950 oppido
2173 2885 2230 2933 in
2253 2883 2430 2935 medio
2462 2885 2629 2936 Delta

1539 2956 1648 3007 sito
1684 2955 1977 3005 maximum
2015 2953 2190 3003 fuisse
2225 2954 2411 3003 fanum
2444 2954 2629 3018 Isidis,

1536 3031 1706 3091 atque
1748 3026 1806 3074 in
1847 3037 2031 3074 annua
2068 3022 2385 3073 celebritate
2423 3023 2502 3073 ibi
2537 3025 2630 3075 ob-

1538 3094 1718 3145 eunda
1739 3094 2052 3144 universum
2076 3092 2333 3187 populum
2358 3091 2628 3144 Osiridem

1536 3164 1799 3230 plangere
1850 3162 2248 3213 consuevisse.
2254 3162 2318 3189 ‘⁴⁴
2393 3162 2625 3225 Deinde,

1537 3233 1879 3298 interpositis
1911 3231 2046 3281 locis
2081 3231 2409 3281 Herodoteis
2444 3229 2519 3294 11,
2557 3233 2627 3282 59

1539 3310 1594 3353 et
1628 3303 1714 3365 61,
1750 3301 1965 3367 Coptici
2005 3300 2267 3350 sermonis
2314 3314 2416 3363 ope
2456 3300 2629 3350 nomi-

1536 3372 1624 3421 nis
1677 3372 1946 3422 rationem
1994 3368 2154 3418 aliter
2209 3367 2488 3432 explicans
2532 3368 2628 3417 du·

1537 3446 1685 3490 ctum
1721 3440 2020 3490 arbitratur
2050 3452 2117 3487 ex
2145 3436 2251 3487 Be·
2254 3435 2442 3494 Ousire,
2483 3436 2626 3502 qnod

1538 3510 1612 3560 sit
1631 3509 1848 3560 Osindis
1863 3506 2177 3572 sepulchrum
2194 3504 2328 3568 (vid.
2344 3503 2623 3556 lablonsk.

1536 3594 1691 3629 vocc.
1718 3577 1980 3643 Aegyptt.
2002 3591 2057 3640 p.
2087 3573 2201 3636 54).
2239 3573 2379 3623 Τιιιιι
2401 3574 2481 3623 sic
2507 3589 2626 3638 per·

1538 3648 1646 3712 git·
1707 3644 1932 3709 „‚Quod
1967 3660 2087 3695 cum
2121 3658 2286 3709 prave
2326 3642 2626 3694 intellexis-

1537 3720 1661 3767 sent
1694 3715 1919 3775 Graeci,
1967 3714 2038 3763 ad
2073 3727 2228 3763 suam
2263 3710 2509 3777 linguam
2542 3727 2624 3763 re-

1537 3785 1835 3850 spicientes
1871 3751 2139 3833 O’siridem
2177 3782 2233 3831 in
2264 3781 2405 3832 bove
2442 3781 2623 3847 sepul·

1537 3859 1653 3904 tum
1705 3851 2035 3903 finxerunt.⁴⁴
2047 3852 2082 3877 ⁴‘
2169 3851 2291 3913 Qua
2342 3851 2401 3900 in
2455 3865 2625 3902 causa

1534 3923 1801 3973 hactenus
1847 3936 1969 3970 cnm
2014 3920 2197 3984 Zoegs
2244 3920 2380 3970 facit
2430 3919 2624 3971 Cham-

1535 3991 1760 4059 pollion.
1797 3988 1861 4052 (l’
1865 3991 2068 4055 Egypt.
2106 4003 2151 4039 s.
2188 3988 2225 4038 l.
2254 3987 2419 4038 Phar.
2443 3989 2521 4040 11.
2560 4004 2616 4053 p.

1541 4062 1643 4113 185
1680 4057 1890 4124 seqq.)
1940 4059 2043 4107 etsi
2079 4058 2138 4107 in
2173 4056 2494 4122 explicando
2529 4074 2623 4107 no-

1537 4129 1683 4180 mine
1703 4126 2019 4192 longissime
2039 4126 2110 4176 ab
2136 4140 2198 4177 eo
2221 4126 2445 4177 recedit.
2481 4127 2622 4178 Nam

1537 4214 1660 4250 cum
1694 4198 1753 4247 15
1780 4198 2083 4246 Rosettans
2114 4195 2471 4260 inscriptione
2502 4195 2626 4245 Osi—

1534 4268 1669 4317 ridis
1698 4266 1901 4316 nomini
1923 4264 2188 4316 articulus
2203 4264 2507 4330 Aegyptius
2530 4263 2625 4315 ad-

1537 4336 1684 4387 ditus
1721 4334 2039 4399 reperietur,
2076 4337 2131 4384 et
2159 4332 2454 4399 Coptorum
2489 4348 2626 4398 quo-

1537 4419 1644 4471 que
1698 4407 2046 4456 monumenta
2104 4400 2477 4453 emendatiora
2530 4414 2625 4451 ιιο-

2115 4481 2197 4544 36
