3109 5092
475 320 598 382 554

1346 327 1880 390 HERODOTI

474 497 674 592 λόγῳ.
738 495 1057 571 Ἡσίοδον
1094 498 1225 591 γὰρ
1265 502 1379 570 καὶ
1401 497 1700 591 Ὅμηρον
1742 497 2015 592 ἡλικίην
2052 509 2539 590 τετρακοσίοισι
2570 509 2749 574 ἔτεσι

475 609 688 677 δοκέω
729 631 860 693 μευ
905 608 1400 695 πρεσβυτέρους
1443 607 1801 693 γενέσθαι,
1841 606 1954 674 καὶ
1996 601 2079 674 οὐ
2117 607 2371 675 πλέοσι.
2446 596 2631 676 οὗτοι
2668 610 2753 678 δέ

476 716 604 780 εἰσι
632 712 703 779 οἰ
723 706 1119 798 ποιήσαντες
1145 705 1813 798 θεογονίηνἝλλησι,
1844 710 1955 778 καὶ
1982 723 2154 779 τοῖσι
2175 719 2399 780 θεοῖσι
2422 708 2539 790 τὰς
2563 713 2741 780 ἐπω-
2795 748 2827 760 ··

473 815 718 901 νυμίας
748 810 1012 894 δόντες,
1067 814 1178 882 καὶ
1205 813 1397 901 τιμάς
1435 840 1507 882 τε
1535 815 1650 881 καὶ
1677 815 1911 901 τέχνας
1952 810 2323 898 διελόντες,
2375 815 2489 882 καὶ
2530 819 2840 887 εἴδεα130

474 914 706 986 αὐτῶν
732 915 1166 1005 σημήναντες.
1241 921 1312 986 ol
1344 916 1418 986 δὲ
1447 915 1775 1004 πρότερον
1809 917 2078 1004 ποιηταὶ
2105 916 2459 1005 λεγόμενοι
2486 915 2749 988 τούτων
2792 979 2809 988 -

472 1025 612 1090 τοῖν
657 1017 931 1109 ἀνδρῶν
979 1023 1302 1105 γενέσθαι
1349 1017 1668 1110 ὕστερον,
1726 1022 1880 1108 ἐμοί
1928 1046 2005 1106 γε
2075 1021 2371 1107 δοκέειν,
2432 1022 2747 1107 ἐγένοντο

470 1188 716 1254 phocles:
753 1184 861 1236 νῦν
896 1200 954 1236 τε
979 1177 1194 1251 κάχθὲς
1218 1188 1274 1237 in
1295 1188 1554 1252 Antigon.

471 1260 592 1318 454,
629 1257 723 1307 ubi
769 1256 976 1306 consul.
1027 1257 1377 1321 interpretes;
1427 1257 1556 1307 Plu-

471 1326 691 1378 tarchus
733 1325 910 1390 (Brut.
943 1325 1014 1391 l.)
1051 1318 1177 1389 ἄρτι
1210 1324 1305 1378 καὶ
1334 1320 1553 1391 πρώην.

471 1395 638 1447 Addit
659 1397 887 1446 Noster:
927 1385 1002 1452 ὥς
1034 1389 1220 1445 εἰπεῖν
1248 1389 1413 1462 λόγῳ,
1450 1411 1555 1462 qua

472 1464 702 1516 formula
736 1465 993 1515 Nostrum
1030 1465 1140 1528 uti,
1189 1466 1281 1516 ubi
1328 1482 1414 1516 res
1459 1466 1555 1514 mi-

469 1550 571 1586 nus
622 1540 879 1585 accurate
931 1533 1185 1586 videatur
1230 1534 1552 1595 definienda,

471 1610 653 1657 monet
675 1603 1090 1655 Valckenarius.
1162 1605 1286 1654 Alia
1303 1605 1408 1654 huc
1439 1620 1556 1669 per·

471 1675 701 1726 tinentia
740 1674 892 1724 dabit
917 1673 1217 1724 Creuzerus
1250 1675 1321 1724 ad
1351 1674 1553 1724 Plotin.

472 1747 539 1797 de
584 1744 799 1812 pulerit.
850 1759 978 1808 pag.
1037 1745 1151 1793 144.
1233 1744 1358 1795 Vid.
1409 1743 1558 1793 infra

472 1818 551 1876 11,
592 1815 695 1867 134
741 1819 797 1864 et
848 1828 1015 1877 supra
1057 1819 1199 1863 nott.
1248 1813 1316 1863 ad
1359 1813 1434 1874 11,
1467 1813 1553 1863 21.

524 1881 804 1935 Ἡσίοδον
849 1875 955 1948 γὰρ
1000 1878 1097 1932 καὶ
1133 1871 1392 1947 ’Ὅμηρον
1438 1874 1558 1946 ἡλι-

469 1954 607 2020 κίην
635 1951 1050 2016 τετρακοσίοισι
1084 1945 1228 2002 ἔτεσι
1247 1949 1430 2002 δοκέω
1451 1965 1555 2015 μευ

469 2020 884 2091 πρεσβυτέρους
907 2020 1196 2085 γενέσθαι]
1219 2022 1559 2073 Herodotum

470 2111 612 2144 anno
649 2093 752 2142 484
787 2108 840 2142 a.
880 2092 1007 2143 Chr.
1043 2092 1214 2142 fuisse
1250 2097 1438 2142 natum
1473 2092 1554 2157 (v.

468 2163 534 2214 A.
584 2161 721 2214 Gen.
778 2163 967 2212 Noctt.
1031 2161 1234 2212 Attice.
1289 2163 1406 2222 XV,
1464 2158 1555 2225 23)

467 2231 633 2296 vulgo
657 2235 883 2294 ponunt,
913 2230 1020 2279 nisi
1043 2245 1164 2279 cum
1190 2229 1458 2282 Schoellio
1480 2229 1556 2294 (in

469 2299 867 2353 Schneidewini
902 2297 1170 2364 Philolog.
1202 2299 1299 2362 IX,
1337 2302 1390 2352 2.
1426 2315 1553 2364 pag.

468 2370 567 2421 211
608 2368 748 2435 seq.)
789 2368 947 2419 malis
984 2384 1182 2433 ponere
1218 2384 1417 2419 annum
1451 2368 1555 2419 489

471 2456 522 2492 a.
562 2440 688 2490 Chr.
730 2455 805 2502 n.,
858 2439 941 2488 ita
986 2441 1048 2488 ut
1084 2436 1308 2488 Homeri
1355 2444 1410 2488 et
1442 2439 1553 2488 He-

469 2510 608 2561 siodi
647 2514 800 2559 aetas
842 2509 898 2558 in
935 2523 1063 2558 ann.
1101 2507 1203 2559 884
1241 2523 1290 2558 a.
1331 2508 1455 2558 Chr.
1495 2523 1550 2558 n.

471 2580 581 2644 (vel
637 2577 768 2642 889)
828 2579 902 2629 sit
957 2577 1296 2629 collocanda.
1393 2578 1553 2640 Quod

467 2666 597 2702 vero
619 2664 739 2700 cum
773 2664 963 2713 parum
990 2652 1256 2713 congruat
1276 2647 1374 2709 iis,
1413 2662 1554 2712 quae

468 2721 614 2786 apud
652 2723 928 2770 auctorem
958 2718 1107 2768 vitae
1139 2719 1365 2768 Homer.
1403 2721 1454 2781 g.
1484 2717 1553 2768 38

466 2791 718 2856 legimus,
740 2788 883 2838 unde
911 2789 1178 2838 Homerus
1207 2789 1340 2838 1102
1363 2801 1398 2836 a
1425 2786 1552 2837 Chr.

469 2877 525 2911 n.
573 2860 780 2908 vixisse
830 2856 1105 2922 putandus
1159 2858 1260 2917 sit,
1314 2872 1378 2905 eo
1426 2855 1553 2905 olim

465 2928 800 2978 inclinarunt
853 2927 956 2975 viri
999 2926 1175 2986 docti,
1238 2930 1301 2975 nt
1355 2925 1554 2975 alteru-

468 3002 611 3047 trum
642 2996 822 3046 locum
858 2995 996 3044 vitio
1037 2993 1288 3044 laborare
1323 2994 1556 3059 indeque

469 3063 860 3116 emendandum
889 3067 1191 3113 censerent.
1242 3064 1422 3114 Unum
1446 3064 1558 3113 suf-

469 3135 619 3185 ficiat
653 3132 904 3183 attulisse
930 3132 1255 3183 Bouherium
1274 3133 1423 3183 Diss.
1448 3132 1558 3183 He-

470 3204 647 3255 rodot.
705 3203 804 3253 XI.
865 3217 989 3267 pag.
1059 3202 1160 3253 124
1228 3202 1554 3253 scribentem

469 3264 962 3325 ἕπτακοσίοισι
1009 3286 1106 3336 pro
1151 3271 1556 3333 τετρακοσί-

469 3357 602 3394 οισι.
675 3342 741 3392 In
775 3340 1057 3392 Herodoto
1094 3340 1171 3390 nil
1205 3342 1407 3392 mutari
1428 3341 1555 3391 lice-

466 3415 566 3474 bit,
606 3414 656 3463 si
690 3427 797 3478 qua
828 3410 1074 3461 codicum
1106 3411 1425 3473 auctoritas,
1454 3427 1554 3461 nec

469 3483 802 3550 argumentis
829 3480 1177 3546 pugnandum
1207 3480 1264 3530 in
1291 3479 1555 3531 eiusmodi

468 3570 552 3616 re,
603 3568 744 3618 quae
779 3555 863 3601 tot
896 3551 1178 3614 tantisque
1217 3548 1555 3599 difficultati-

467 3625 571 3675 bus
605 3622 865 3687 premitur
902 3620 970 3671 ob
1007 3620 1227 3669 nimiam
1253 3623 1553 3682 temporum

470 3692 874 3743 obscuritatem.
947 3688 1251 3739 Larcherus
1286 3688 1551 3738 Velleium

469 3759 812 3812 Paterculum
867 3758 913 3820 Ι,
962 3758 986 3807 l
1040 3762 1260 3810 secutus
1315 3758 1552 3808 Homero

468 3831 726 3894 adsignat
775 3844 974 3878 annum
1023 3828 1152 3888 9683
1210 3825 1307 3876 alii
1351 3825 1552 3886 alium3

469 3913 608 3962 quae
625 3898 713 3947 hic
740 3898 1045 3960 disceptare
1063 3913 1170 3947 non
1190 3896 1406 3958 attinet,
1432 3911 1552 3945 cum

469 3966 538 4015 ad
579 3966 804 4015 Homeri
832 3965 1015 4029 potius
1042 3965 1352 4027 historiam,
1393 3979 1551 4030 quam

469 4034 541 4084 ad
577 4033 876 4083 Herodotei
909 4033 1018 4084 loci
1053 4034 1554 4099 interpretationem

466 4102 800 4167 pertineant,
849 4101 906 4150 in
950 4117 1056 4166 quo
1093 4118 1246 4154 suam
1278 4105 1449 4165 ipsius
1488 4102 1553 4152 de

467 4173 707 4221 Homero
732 4169 1037 4234 opinionem
1057 4174 1266 4237 profert
1293 4171 1554 4223 historiae

468 4244 654 4305 pater;
693 4254 832 4305 quae
872 4239 1053 4301 opinio
1098 4241 1145 4290 si
1192 4241 1258 4291 de
1296 4255 1404 4291 uno
1442 4240 1553 4290 Ho-

469 4323 615 4358 mero
664 4323 771 4358 non
819 4308 1025 4371 valeat,
1096 4315 1244 4360 certe
1287 4309 1356 4359 ad
1403 4310 1553 4359 illam

466 4376 672 4428 valebit
705 4381 972 4440 aetatem,
1013 4393 1175 4443 quam
1209 4379 1554 4429 Homericam

1660 1187 1939 1252 appellant
1969 1186 2207 1253 quidam,
2242 1187 2369 1238 etin
2398 1204 2505 1254 qua
2528 1189 2748 1240 omnino

1662 1273 1860 1322 corpus
1894 1257 2043 1308 istud
2079 1258 2406 1320 carminum,
2452 1259 2598 1324 quod
2632 1260 2748 1309 Ho-

1659 1327 1792 1378 meri
1827 1342 1957 1392 prae
1993 1343 2052 1376 se
2088 1327 2195 1378 fert
2222 1342 2443 1384 nomen.
2478 1329 2746 1394 composi-

1658 1401 1771 1446 tum
1826 1412 1947 1446 esse
1995 1396 2349 1447 contendunt.
2445 1397 2750 1448 Hesiodum

1657 1482 1788 1516 vero
1823 1470 1986 1532 atque
2010 1467 2305 1516 Homerum
2332 1467 2613 1532 coniungit
2638 1470 2751 1518 He·

1656 1535 1908 1599 rodotus,
1945 1536 2037 1601 qui
2075 1538 2122 1586 si
2146 1537 2324 1587 minus
2348 1536 2601 1602 aequales
2630 1538 2745 1589 fue-

1660 1605 1796 1667 rint,
1846 1609 2019 1667 certe,
2078 1621 2219 1670 quae
2260 1606 2609 1671 plurimorum
2659 1612 2746 1658 est

1660 1675 1961 1732 sententia,
1999 1690 2108 1725 non
2144 1674 2306 1725 valde
2330 1675 2535 1726 distare
2558 1680 2751 1742 puten-

1659 1749 1749 1795 tur
1785 1749 1841 1794 et
1887 1744 1958 1794 ad
1995 1759 2160 1794 unum
2208 1744 2321 1795 fere
2368 1760 2563 1796 aevum
2608 1747 2750 1797 refe-

1658 1818 1867 1864 rantur.
1939 1813 2046 1864 Sed
2094 1814 2203 1863 iam
2248 1814 2517 1865 Herodoti
2564 1820 2751 1867 aetate

1660 1883 1858 1944 fuisse,
1910 1883 2003 1947 qui
2050 1883 2212 1934 hosce
2252 1888 2446 1948 poetas
2493 1886 2564 1936 ad
2608 1887 2749 1936 anti-

1659 1953 1852 2018 quiora
1874 1951 2156 2002 retulerint
2180 1958 2451 2018 tempora,
2491 1955 2750 2022 colligere

1661 2022 1792 2072 mihi
1840 2037 2001 2086 posse
2048 2022 2237 2073 videor
2279 2039 2346 2074 ex
2389 2025 2574 2075 verbis
2619 2030 2751 2090 post

1662 2091 1921 2142 adiectis:
1968 2086 2064 2140 καὶ
2103 2083 2172 2141 οὐ
2218 2089 2433 2142 πλέοσι.
2503 2096 2589 2144 De
2625 2095 2749 2145 reli-

1662 2162 1782 2228 quis
1818 2161 1943 2211 vide
1963 2163 2266 2212 Excursum
2294 2163 2363 2212 ad
2394 2162 2450 2213 h.
2475 2163 2535 2225 la,
2554 2165 2613 2213 in
2637 2179 2747 2229 qno

1661 2247 1802 2296 quae
1827 2235 2125 2295 sequuntur
2153 2231 2338 2281 verba:
2377 2219 2539 2282 οὗτοι
2556 2232 2619 2283 δέ
2637 2228 2748 2284 εἰσι

1660 2294 1722 2350 οἷ
1746 2294 2086 2365 ποιήσαντες
2108 2298 2423 2365 θεογονίην
2438 2289 2669 2366 Ἕλλησι
2693 2319 2744 2352 κ.

1656 2385 1704 2420 τ.
1744 2368 1792 2419 λ.
1830 2370 2205 2421 tractavimus.

1725 2432 1786 2488 οἷ
1816 2433 1880 2489 δὲ
1917 2430 2197 2502 πρότερον
2235 2434 2468 2503 ποιηταὶ
2520 2431 2650 2504 λεγό
2692 2454 2746 2490 ε-

1656 2522 1747 2557 νοι
1802 2499 2024 2558 τούτων
2073 2506 2190 2557 τῶν
2240 2499 2474 2571 ἀνδρῶν
2514 2535 2585 2547 -
2658 2505 2747 2574 γέ-

1655 2590 1828 2627 νοντο
1878 2568 2121 2643 τούτων]
2180 2579 2327 2629 Bene
2370 2583 2556 2629 monet
2599 2581 2747 2643 Hey-

1654 2648 1778 2696 nius
1814 2647 1871 2696 in
1898 2647 2282 2698 Commentatt.
2320 2647 2585 2699 Societat.
2614 2649 2747 2700 Got-

1655 2716 1794 2781 ting.
1836 2717 1903 2768 T.
1940 2717 2020 2767 11.
2054 2734 2108 2783 p.
2146 2718 2262 2769 132.
2312 2717 2516 2779 „Forte
2551 2717 2748 2782 (Hero-

1656 2784 1840 2850 dotus)
1876 2786 2119 2836 carmina
2154 2787 2404 2851 respicit,
2453 2803 2594 2852 quae
2643 2787 2746 2838 snb

1656 2855 1886 2919 Orphei,
1945 2855 2188 2918 Musaei,
2258 2856 2411 2917 Lini,
2468 2857 2746 2923 Eumolpi,

1654 2924 1887 2990 aliisque
1933 2926 2241 2976 nominibus
2289 2925 2634 2988 ferebantur3
2682 2932 2746 2978 ut

1660 3010 1768 3044 non
1805 2998 1914 3045 tam
1948 2993 2070 3046 illos
2104 2995 2348 3046 homines
2385 3001 2511 3060 post
2544 2997 2747 3047 Home-

1659 3078 1776 3113 rum
1831 3063 2061 3126 vixisse,
2124 3080 2287 3129 quam
2341 3065 2584 3115 carmina
2634 3065 2747 3116 illis

1657 3133 1824 3182 tribui
1855 3133 2018 3184 solita
2056 3135 2231 3184 serius
2265 3134 2488 3184 condita
2522 3149 2748 3186 censere

1656 3202 1831 3252 videri
1878 3202 2091 3254 debeat.
2176 3205 2290 3254 Nec
2332 3219 2461 3254 vero
2496 3203 2625 3253 inde
2661 3207 2744 3254 in-

1659 3271 1788 3321 ferri
1834 3278 1931 3322 aut
1977 3277 2160 3338 potest
2203 3277 2301 3323 aut
2345 3272 2531 3336 debet,
2583 3276 2746 3339 quasi

1656 3341 1969 3392 Herodotus
2011 3346 2248 3405 statuat,
2300 3341 2476 3393 nullos
2520 3344 2745 3394 omnino

1656 3415 1786 3461 ante
1817 3410 2110 3462 Homerum
2150 3417 2205 3462 et
2239 3411 2538 3463 Hesiodum
2572 3412 2747 3465 fuisse

1654 3485 1874 3545 poetas,
1940 3479 2093 3531 nulla
2147 3481 2316 3532 fuisse
2359 3482 2629 3532 carmina:
2685 3482 2746 3532 id

1656 3549 1798 3613 quod
1845 3550 1990 3599 omni
2035 3565 2212 3600 rerum
2246 3551 2447 3600 rationi
2488 3550 2748 3602 adversa-

1653 3623 1771 3678 tur3
1824 3618 1942 3669 fieri
1979 3620 2119 3670 enim
2164 3619 2312 3670 nullo
2344 3620 2503 3669 modo
2542 3621 2744 3686 potuit,

1654 3691 1717 3737 ut
1760 3689 1817 3737 in
1860 3688 1982 3738 rudi
2042 3692 2096 3738 et
2140 3703 2175 3738 a
2229 3687 2376 3739 nullo
2423 3689 2532 3739 alio
2576 3696 2748 3754 poeta

1655 3758 1885 3807 subacto
1941 3761 1996 3807 et
2038 3762 2278 3808 tractato
2331 3774 2576 3809 sermone
2623 3775 2745 3810 car-

1656 3826 1802 3876 mina
1835 3827 2126 3877 Homerica
2162 3830 2216 3877 et
2252 3827 2526 3878 Hesiodea
2549 3827 2744 3878 'elabo-

1655 3900 1935 3955 rarentur3
2003 3900 2058 3946 et
2111 3900 2239 3946 sunt
2290 3895 2503 3947 infinita
2554 3897 2611 3947 in
2673 3898 2743 3948 iis

1654 3965 1789 4029 ipsis
1805 4002 1819 4027 ‚
1852 3979 1990 4030 quae
2021 3965 2334 4030 antiquiora
2356 3966 2598 4017 carmina
2620 3982 2746 4031 par-

1653 4034 1754 4084 tim
1818 4038 2120 4095 testantur,
2189 4035 2386 4098 partim
2441 4037 2742 4100 arguunt.“

1655 4104 1809 4166 Quae
1854 4103 2040 4154 eadem
2091 4103 2205 4153 fere
2250 4103 2405 4167 pouit
2439 4103 2746 4156 Creuserua

1653 4171 1712 4224 ll.
1749 4173 1836 4235 ll.‚
1886 4173 2205 4238 praesertim
2240 4188 2359 4222 cum
2408 4173 2527 4236 ipse
2569 4175 2746 4226 Hero-

1655 4240 1816 4293 dotus
1847 4241 2093 4306 pluribus
2127 4240 2265 4292 locis
2298 4243 2539 4292 carmina
2575 4247 2633 4294 et
2657 4259 2747 4294 sa·

1654 4327 1749 4360 cra
1795 4310 2045 4362 videatur
2095 4325 2542 4374 commemorare,
2603 4329 2748 4378 quae

1655 4380 1727 4431 ad
1780 4379 1929 4445 prius
1986 4385 2200 4445 tempus
2261 4381 2373 4430 sint
2430 4382 2748 4436 revocanda
