3109 5092
456 353 581 415 490

1327 358 1862 421 HERODOTI

458 533 741 605 δύναται
800 531 872 600 δὲ
919 538 1114 602 τοῦτο
1154 529 1228 600 τὸ
1265 537 1453 614 ἔπος,
1500 530 1668 601 κατὰ
1706 530 1832 622 τὴν
1872 527 2210 621 Ἑλλήνων
2248 537 2595 619 γλῶσσαν,
2672 538 2742 601 οἰ

456 641 524 721 ἐξ
591 634 945 723 ἀριστερῆς
1010 633 1228 723 χειρὸς
1293 636 1770 726 παριστάμενοι
1834 640 2114 723 βασιλέϊ.

2216 635 2599 724 ἀπέστησαν
2658 636 2731 705 δὲ

456 732 653 810 αὗται
695 742 1000 827 τέσσερες
1041 742 1151 808 καὶ
1188 749 1397 809 εἴκοσι
1441 740 1765 829 μυριάδες
1796 747 2193 827 Αἰγυπτίων
2246 746 2381 809 τῶν
2426 745 2736 828 μαχίμων

456 848 523 926 ἐς
569 841 725 924 τοὺς
765 848 1105 923 Αἰθίοπας
1143 841 1420 928 τούτους
1462 840 1556 912 δι’
1601 850 1824 931 αἰτίην
1874 843 2162 932 τοιήνδε.
2220 845 2331 912 ἐπὶ
2377 849 2731 932 Ψαμμητί-

457 977 578 1036 χου
639 947 949 1035 βασιλέος
1012 948 1310 1034 φυλακαὶ
1368 950 1780 1016 κατέστασαν
1829 951 1905 1015 ἔν
1960 974 2032 1015 τε
2090 944 2528 1035 Ἐλεφαντίνῃ
2582 945 2734 1015 πόλι

455 1151 702 1215 aliasque
725 1148 829 1198 sibi
853 1152 1176 1212 quaererent
1203 1151 1400 1200 terras.
1440 1150 1547 1212 Qui

456 1221 598 1271 enim
649 1220 756 1268 iam
791 1217 1043 1266 Setbonis
1092 1217 1395 1268 sacerdotis
1444 1219 1545 1268 sub

456 1288 684 1354 imperio
741 1286 1037 1351 postpositi
1100 1286 1300 1337 fuerint
1346 1304 1411 1338 ac
1457 1304 1560 1337 ne·-

463 1359 659 1424 glecti‚
698 1356 845 1405 haud
875 1354 1086 1404 meliori
1122 1362 1270 1406 sorte
1304 1358 1391 1407 nsi
1428 1373 1548 1407 esse

456 1428 710 1478 videntur
758 1424 1131 1474 Psammitiehi
1191 1426 1291 1476 sub
1359 1442 1546 1491 regn0,

458 1498 550 1564 qui
581 1494 895 1560 peregrinos
932 1495 1179 1544 mercede
1214 1496 1548 1546 conduxerat

457 1567 684 1628 milites,
717 1564 1015 1629 iisdemque
1042 1578 1100 1613 se
1132 1566 1545 1616 custodiendum

457 1635 778 1687 tradiderat.
852 1633 1011 1683 Conf.
1051 1638 1190 1684 nott.
1221 1634 1290 1683 ad
1318 1637 1394 1696 11,
1426 1637 1543 1685 152).

459 1707 626 1758 Plura
659 1703 827 1755 Beck.
862 1702 1194 1763 Weltgesch.
1235 1703 1280 1753 1.
1328 1720 1381 1769 p.
1421 1704 1544 1755 726.

459 1775 599 1826 Add.
636 1772 863 1824 Soldan.
898 1773 954 1821 iu
985 1773 1125 1822 Mus.
1163 1774 1333 1825 Rhen.
1375 1774 1467 1837 IV,
1496 1775 1544 1824 l.

458 1863 512 1910 p.
561 1844 675 1895 135.
714 1842 1115 1892 Saiut-Martin
1163 1843 1217 1892 in
1255 1842 1421 1894 Mem.
1480 1843 1547 1893 de

458 1912 755 1965 l'Academ.
821 1911 914 1961 des
963 1911 1248 1976 Inscriptt.
1309 1914 1372 1963 T.
1415 1913 1544 1963 XII.

457 1987 521 2035 P.
558 1984 604 2032 Ι.
653 1999 705 2046 p.
750 1979 873 2031 307.
922 1981 1252 2046 Biographie
1287 1983 1541 2033 Univers.

458 2055 523 2104 Τ.
559 2051 811 2103 XXXVI.
862 2065 915 2114 p.
958 2050 1059 2099 178
1094 2067 1231 2116 seq„
1279 2053 1372 2117 qui
1411 2051 1546 2101 mili-

459 2128 543 2173 tes
577 2120 677 2170 hos
717 2135 782 2169 ex
819 2120 1070 2183 Aegypto
1107 2121 1164 2169 in
1204 2121 1544 2186 Aethiopiam

461 2190 775 2242 secedentes
826 2188 899 2237 ad
960 2204 1082 2239 eum
1143 2205 1315 2253 usque
1366 2189 1546 2240 locum

462 2258 778 2327 pervenisse
814 2260 1001 2321 putat,
1039 2259 1134 2307 ubi
1171 2257 1275 2309 duo
1313 2259 1424 2308 Nili
1460 2275 1548 2309 su·

461 2328 687 2396 perioris
711 2325 952 2385 brachia,
985 2327 1179 2391 quibus
1202 2342 1398 2377 nomen
1423 2328 1548 2379 albo

464 2406 518 2450 et
554 2396 803 2449 caeruleo
839 2394 993 2459 Nilo,
1043 2397 1349 2457 confluunt3
1389 2397 1548 2461 idque

463 2467 730 2520 accidisse
765 2465 886 2514 vult
927 2480 1069 2516 anno
1112 2466 1216 2517 652
1260 2471 1387 2517 ante
1424 2466 1547 2517 Chr.

462 2556 518 2590 n.
590 2537 957 2586 Herodoteam
1004 2535 1370 2586 narrationem
1409 2536 1549 2586 banc

464 2607 651 2672 attigit
719 2620 932 2670 quoque
987 2606 1232 2656 Hoskiiis
1301 2607 1356 2655 in
1411 2605 1549 2656 libro

463 2675 712 2745 praeced.
750 2690 870 2740 cap.
906 2675 1133 2726 laudato
1170 2691 1223 2739 p.
1261 2676 1364 2728 306
1398 2691 1549 2740 seqq.

532 2738 775 2796 δύναται
821 2738 884 2793 δὲ
924 2742 1095 2794 τοῦτο
1141 2741 1205 2794 τὸ
1248 2740 1407 2812 ἔπος]
1455 2742 1553 2794 δυ’-

464 2814 699 2874 νασθαι,
726 2817 915 2876 valere,
931 2817 1218 2878 significare
1233 2813 1362 2880 (quo
1388 2829 1552 2865 sensu

464 2884 660 2935 θέλειν
684 2885 758 2942 Π,
791 2883 897 2944 13),
928 2884 1549 2934 illustraruntValcken.

466 2953 536 3005 ad
570 2954 778 3003 Herod.
815 2953 911 3010 IV,
954 2953 1070 3014 131,
1115 2953 1441 3003 Boissonad.
1482 2952 1550 3002 ad

463 3025 678 3086 Eunap.
716 3037 842 3086 pag.
886 3021 1000 3072 155.
1075 3022 1183 3072 Pro
1221 3015 1409 3086 χειρὸς
1434 3022 1553 3073 Ste—

465 3092 676 3157 phanus
711 3092 848 3153 Byz.
887 3104 933 3141 s.
965 3108 1017 3141 v,
1059 3081 1372 3155 Αὖτόμολοι
1407 3091 1552 3141 hunc

378 3164 424 3196 ‘-
463 3163 641 3212 locum
682 3159 910 3209 afferens
940 3160 1107 3210 habet
1138 3153 1347 3224 χερὸς,
1392 3177 1551 3225 quam

466 3234 694 3283 formam
732 3229 800 3277 ab
839 3229 1120 3281 Herodoto
1159 3230 1393 3280 alienam
1432 3246 1552 3280 esse

467 3300 709 3352 ostendit
732 3299 967 3349 Bredov.
995 3315 1048 3364 p.
1085 3299 1198 3351 159.
1274 3299 1359 3349 Cf.
1388 3299 1551 3349 etiam

465 3370 672 3422 Herod.
711 3368 788 3431 11,
828 3368 931 3418 169
965 3373 1020 3418 et
1060 3369 1175 3419 106.

533 3437 788 3501 τέσσερες
821 3433 918 3487 καὶ
953 3435 1135 3487 εἴκοσι
1165 3427 1435 3502 μυριάδες
1459 3432 1553 3487 Αἰ-

466 3506 721 3573 γυπτίων
777 3506 892 3556 τῶν
958 3506 1221 3572 μαχίμων
1279 3521 1331 3555 κ.
1381 3523 1428 3555 τ.
1478 3506 1550 3570 L]

464 3579 574 3630 Hic
613 3593 867 3628 numerus
914 3578 1217 3642 myriadum
1262 3575 1463 3640 viginti
1499 3581 1555 3627 et

463 3649 655 3708 unius,
702 3648 809 3697 nisi
851 3648 906 3697 in
954 3648 1086 3711 ipsis
1134 3646 1369 3697 numeris
1409 3661 1555 3696 men-

468 3718 593 3768 dum
631 3715 793 3780 latet,
840 3716 1038 3766 nimius
1089 3716 1305 3766 videtur
1339 3717 1552 3778 zoegae

464 3788 549 3837 De
586 3786 840 3837 obeliscc.
878 3801 932 3850 p.
969 3787 1077 3834 570
1116 3791 1280 3851 atque
1314 3783 1553 3835 Rosseli-

465 3856 557 3905 nio
586 3857 826 3907 Monuni.
866 3855 1013 3906 civil.
1039 3855 1146 3905 111.
1172 3871 1225 3918 p.
1257 3853 1391 3914 208,
1430 3869 1550 3903 cum

463 3925 942 3988 Hermotybiorum
963 3939 1217 3974 numerus
1252 3921 1554 3973 adscendat

464 3992 534 4042 ad
564 3991 801 4042 sedecim
824 3993 1097 4056 myriades
1115 4031 1128 4054 ,
1167 3991 1552 4042 Calasiriorum

466 4061 535 4111 ad
579 4061 780 4124 viginti
830 4062 1065 4127 quinque
1113 4061 1409 4125 myriades,
1480 4061 1550 4111 ad

463 4131 784 4182 ulterutram
819 4133 1027 4193 partem
1077 4135 1259 4181 autem
1297 4131 1551 4181 seceden-

463 4205 549 4250 tes
591 4198 954 4263 pertinuerint
1004 4215 1228 4250 necesse
1281 4201 1379 4260 sit3
1432 4200 1547 4250 vid.

462 4269 541 4330 11,
585 4267 682 4319 164
723 4283 875 4333 seqq.
963 4268 1180 4318 Etenim
1221 4261 1281 4317 os
1315 4261 1550 4333 μάχιμοι

462 4336 840 4402 intellig-untur
889 4337 930 4385 ii
976 4337 1264 4402 Aegyptii,
1328 4338 1420 4403 qui
1476 4338 1547 4388 ad

462 4408 690 4460 militum
737 4406 934 4457 tribum
977 4405 1393 4471 (Krieqerkaste)
1431 4422 1549 4472 per·

1648 1150 1916 1206 tinebant,
1940 1146 1998 1197 in
2020 1147 2363 1212 Aethiopiam
2386 1149 2736 1214 transgressi,

1650 1234 1772 1269 eum
1815 1218 1960 1282 regis
2008 1217 2266 1282 Aegyptii
2321 1218 2600 1282 imperium
2648 1234 2735 1268 ae·

1650 1305 1746 1354 gre
1803 1288 2034 1346 ferrent3
2095 1285 2149 1335 id
2197 1287 2336 1351 quod
2382 1287 2541 1337 valde
2586 1287 2736 1337 dimi-

1650 1358 1834 1408 nuisse
1871 1355 2198 1407 censendum
2234 1360 2317 1405 est
2367 1356 2603 1420 ipsorum
2638 1357 2736 1406 Ae-

1652 1428 1806 1493 gypti
1870 1441 2056 1491 regum
2121 1424 2413 1476 facultates
2482 1431 2536 1477 et
2588 1442 2736 1492 opes,

1653 1512 1773 1546 cum
1821 1511 1977 1546 omne
2038 1495 2201 1544 robur
2248 1495 2305 1544 in
2357 1496 2463 1545 hac
2505 1496 2735 1546 militum

1651 1566 1794 1615 tribu
1833 1569 1978 1615 esset
2014 1564 2275 1629 positum,
2328 1565 2523 1630 reliqui
2557 1571 2736 1626 autem

1651 1635 1910 1700 Aegyptii
1955 1634 2119 1683 armis
2168 1633 2405 1683 ferendis
2451 1635 2544 1684 vix
2578 1650 2739 1700 pares

1652 1709 1853 1755 essent.
1930 1703 2013 1754 Cf.
2044 1703 2278 1753 Heeren.
2315 1703 2484 1753 Ideen
2520 1709 2621 1755 etc.
2661 1704 2737 1764 Π,

1650 1777 1703 1824 2.
1752 1789 1807 1838 p.
1859 1772 1962 1824 309
2024 1772 2146 1822 coll.
2189 1789 2242 1838 p.
2290 1773 2390 1824 137
2436 1791 2586 1839 seqq.
2674 1774 2737 1823 In

1650 1843 1939 1907 Aethiopia
1966 1842 2199 1906 benigne
2226 1843 2438 1908 excepti
2469 1843 2626 1894 sedes
2651 1859 2739 1893 ac-

1651 1916 1912 1978 ceperunt
1948 1911 2004 1960 in
2039 1917 2183 1961 terra
2223 1913 2442 1972 Goiam‚
2480 1913 2573 1962 ubi
2597 1913 2739 1979 prio-

1650 1982 1799 2032 ribus
1825 1981 2017 2032 incolis
2048 1981 2167 2031 loco
2187 1982 2360 2047 pulsis
2388 1998 2542 2032 suum
2577 1981 2739 2048 quod-

1651 2052 1774 2101 dam
1800 2066 2021 2116 regnum
2051 2051 2364 2101 conderent.
2412 2050 2577 2101 Plura
2597 2053 2737 2102 Hee-

1649 2137 1763 2170 ren.
1816 2121 1853 2169 1.
1901 2120 1939 2170 1.
1989 2120 2072 2181 ΙΙ,
2125 2120 2173 2170 l.
2217 2137 2270 2186 p.
2320 2121 2422 2172 427
2469 2138 2582 2187 seq.
2637 2121 2737 2174 434

1651 2207 1763 2255 seq.
1801 2189 1867 2239 In
1893 2205 1959 2240 ea
1994 2189 2232 2254 regione,
2272 2206 2410 2255 quae
2446 2206 2588 2240 nunc
2610 2189 2738 2240 Sen-

1650 2275 1784 2308 naar
1818 2258 2042 2320 dicitur,
2096 2273 2187 2309 eos
2220 2259 2500 2309 habitasse
2547 2260 2740 2310 statuit

1650 2328 1901 2378 Wheeler
1935 2327 1973 2379 1.
2002 2327 2038 2376 l.
2065 2344 2115 2393 p.
2148 2329 2266 2380 520.
2306 2330 2407 2378 524
2442 2345 2592 2394 seqq.
2650 2330 2735 2379 Cr.

1654 2397 1723 2447 ad
1760 2397 1813 2448 h.
1852 2398 1890 2447 l.
1927 2396 2221 2463 adscripsit
2257 2397 2484 2448 Coraem
2529 2398 2599 2448 ad
2631 2399 2739 2448 He·

1652 2467 1783 2517 liod.
1812 2466 2060 2531 Aethiop.
2089 2483 2212 2533 pag.
2236 2467 2339 2517 256
2367 2483 2484 2532 seq.
2512 2473 2565 2517 et
2583 2468 2740 2519 Jour-

1654 2536 1762 2587 nal.
1789 2536 1841 2586 d.
1867 2537 1994 2587 Sav.
2024 2534 2172 2587 1819.
2197 2537 2346 2601 Sept.
2365 2554 2419 2601 p.
2441 2537 2736 2588 518—520.

1652 2606 1777 2656 Hoc
1801 2607 1941 2656 enim
1966 2605 2086 2655 loco
2106 2606 2270 2670 Angli
2293 2606 2569 2656 cuiusdam
2588 2608 2742 2658 Βον-

1656 2675 1777 2725 dich
1817 2676 2086 2725 sententia
2124 2681 2471 2738 memoratur,
2522 2677 2741 2728 Aethio-

1652 2761 1746 2810 pes
1773 2745 1842 2794 ab
1862 2746 2147 2810 Aegyptiis
2171 2745 2604 2810 immigrantibus
2628 2746 2742 2813 pul-

1656 2830 1744 2865 sos
1801 2815 1857 2864 in
1914 2815 2222 2865 interiorem
2267 2815 2507 2865 Africam
2554 2815 2743 2880 paula-

1654 2884 1751 2933 tim
1788 2900 1907 2934 esse
1935 2883 2174 2946 delatos,
2209 2889 2271 2934 ut
2296 2901 2390 2950 pro
2424 2886 2741 2951 parentibus

1655 2954 1837 3018 gentis
1860 2952 2309 3005 bellicosissimae
2324 2955 2514 3020 Anglis
2536 2954 2743 3020 aliquo-

1654 3025 1760 3073 ties
1794 3038 2051 3087 perquam
2080 3023 2284 3086 fatalis,
2322 3024 2613 3082 Ashame's,
2648 3025 2743 3074 ha-

1654 3093 1769 3142 beri
1806 3092 2036 3156 possint.

1727 3157 1974 3223 φυλακαὶ
2017 3159 2363 3211 κατέστασαν
2399 3156 2462 3210 ἕν
2506 3177 2563 3212 τε
2592 3152 2740 3212 Ἐλε-

1657 3228 1903 3295 φαντίνῃ
1926 3221 2058 3278 πόλι
2083 3227 2227 3292 πρὸς
2248 3223 2570 3297 Αἰθιόπων]
2599 3223 2744 3294 πρὸς

1656 3291 1958 3349 Αἰθιόπων
2001 3300 2089 3350 hic
2136 3300 2307 3351 valet:
2353 3302 2600 3352 adversus
2635 3302 2741 3351 Ae-

1656 3370 1866 3433 thiopes,
1888 3368 1975 3420 vel
1997 3370 2205 3434 potius:
2225 3376 2287 3420 ut
2305 3372 2609 3436 Aegyptum
2629 3376 2743 3421 tue-

1655 3445 1840 3488 rentur
1880 3454 1913 3487 a
1939 3444 2093 3503 parte
2119 3439 2443 3505 Aethiopiae
2473 3455 2518 3490 s.
2546 3441 2616 3490 ab
2641 3441 2741 3491 Ae·

1655 3508 1931 3574 thiopibus
1964 3507 2368 3560 invadentibus.
2421 3510 2613 3574 Neque
2645 3509 2743 3559 ali-

1656 3585 1740 3628 ter
1765 3593 1910 3628 mox:
1948 3569 2096 3638 πρὸς
2125 3569 2396 3644 Ἀραβίων
2418 3592 2477 3626 τε
2501 3574 2594 3628 καὶ
2628 3569 2741 3626 Σύ-

1656 3663 1775 3710 ρων
1802 3652 1856 3696 et
1882 3638 2025 3704 πρὸς
2040 3640 2277 3712 Λιβύης.
2332 3645 2545 3697 Monuit
2566 3646 2743 3696 Kueh-

1654 3732 1753 3766 ner
1787 3716 1879 3766 Gr.
1922 3717 2014 3766 Gr.
2054 3718 2105 3777 ὃ.
2136 3716 2258 3767 010.
2298 3717 2364 3766 Τ.
2406 3717 2484 3766 11.
2521 3733 2576 3782 p.
2616 3716 2739 3768 307.

1654 3785 1739 3835 Ad
1762 3785 2165 3851 Rephantinen
2191 3785 2325 3836 fines
2357 3786 2591 3850 Aegypti
2630 3790 2741 3834 tum

1652 3855 1859 3919 positos
1897 3870 2016 3904 esse
2052 3870 2217 3919 snpra
2266 3855 2373 3904 iam
2412 3855 2744 3904 monuimus:

1651 3928 1714 3973 ut
1750 3923 1824 3973 nil
1859 3924 2049 3973 mirum
2088 3925 2186 3984 sit,
2230 3925 2330 3974 sub
2354 3922 2744 3974 Psammiticho

1653 3992 1744 4043 hic
1791 3993 2018 4042 militum
2058 3991 2229 4043 fuisse
2263 3994 2566 4043 custodiam
2599 3992 2745 4043 simi-

1652 4061 1757 4112 lem
1803 4063 1860 4111 in
1903 4062 2146 4120 modum,
2198 4079 2300 4128 quo
2346 4062 2436 4112 vel
2477 4063 2746 4112 Romano·

1652 4147 1766 4181 rum
1806 4136 1986 4181 aetate
2023 4136 2135 4183 tres
2171 4131 2418 4182 cobortes
2454 4131 2531 4181 ibi
2568 4136 2747 4181 custo-

1654 4200 1797 4251 diam
1848 4201 2027 4264 egisse
2078 4202 2269 4251 scribit
2314 4201 2511 4252 Strabo
2560 4200 2744 4251 xvn.

1652 4286 1705 4334 p.
1732 4270 1854 4320 817.
1904 4271 2189 4321 Persarum
2218 4271 2317 4320 sub
2348 4269 2575 4336 imperio
2604 4269 2745 4319 idem

1652 4339 1954 4389 obtinuisse
1993 4342 2192 4391 Noster
2236 4339 2397 4405 paulo
2455 4343 2579 4404 post
2627 4339 2747 4402 ipse

1651 4411 1903 4458 testatur.
