3109 5092
453 349 577 411 488

1316 345 1860 409 HERODOTI

453 551 641 611 γεται
673 523 748 593 δὲ
777 519 947 611 αὕτη
977 517 1018 612 ἡ
1048 519 1239 602 πόλις
1269 519 1441 591 εἶναι
1469 519 1877 610 μητρόπολις
1918 523 2058 590 τῶν
2093 516 2321 589 ἄλλων
2353 517 2734 590 Αἰθιόπων.

452 726 680 778 cedente
714 725 947 777 Medicei
992 724 1330 788 aliorumque
1376 722 1537 774 codd.

453 796 784 848 auctoritate
806 795 861 845 id
884 795 1223 846 restituimus
1259 809 1356 859 pro
1387 792 1539 858 vulg.

452 863 620 928 ἵξεαι,
651 879 792 929 quae
815 881 882 916 ex
902 865 1101 916 Aldina
1123 864 1299 914 fluxit.
1345 857 1539 911 ἔπειτα

452 935 589 986 satis
623 939 844 985 tuentur
874 935 1028 994 libri,
1082 949 1117 984 a
1147 937 1377 984 recentt.
1413 931 1536 983 edd.

453 1009 719 1055 mutatum
758 1004 816 1053 in
851 998 1088 1054 ἔπειτεν.

519 1071 588 1140 τῇ
622 1063 845 1136 οὔνομά
868 1065 982 1123 ἐστι
1001 1062 1226 1136 Μερόη]
1256 1071 1411 1132 Quae
1430 1070 1538 1119 He·

450 1142 642 1194 rodoto
679 1142 808 1193 urbs
846 1148 931 1195 est
956 1143 1160 1202 Meroe,
1197 1140 1322 1190 aliis
1358 1139 1540 1189 insula

450 1212 678 1275 dicitur,
745 1211 812 1261 de
858 1227 967 1277 qua
1013 1211 1168 1277 plura
1218 1208 1440 1259 Diodor.
1492 1210 1538 1271 Ι,

450 1282 537 1334 33.
574 1282 772 1333 Strabo
810 1282 987 1332 XVII.
1017 1298 1071 1346 p.
1104 1279 1237 1330 1134
1263 1280 1309 1328 A
1342 1293 1388 1329 0.
1416 1277 1538 1329 786.

450 1368 505 1416 p.
547 1350 682 1402 1139
703 1352 769 1400 A.
822 1367 867 1398 s.
905 1367 959 1415 p.
1003 1350 1106 1399 790
1143 1346 1265 1400 coli.
1304 1348 1451 1398 xvl.
1484 1364 1539 1412 p.

456 1420 591 1471 1116
615 1421 661 1470 A
699 1436 745 1470 0.
771 1436 823 1484 p.
848 1420 943 1470 771
978 1426 1032 1468 et
1051 1418 1231 1469 XVII.
1258 1434 1310 1482 p.
1336 1417 1471 1467 1177
1492 1419 1537 1466 A

452 1506 496 1540 s.
545 1506 600 1554 p.
634 1489 764 1550 821,
815 1489 937 1552 alii,
986 1489 1055 1539 ab
1100 1488 1336 1537 Heeren.
1385 1479 1539 1536 citati

448 1559 489 1611 l.
515 1559 551 1609 1.
574 1574 702 1624 pag.
726 1557 848 1620 306,
874 1559 1067 1624 quibus
1089 1556 1234 1606 adde
1251 1555 1534 1605 Chrestum

451 1630 752 1679 Romanum
799 1629 944 1692 apud
994 1629 1160 1677 Laur.
1209 1624 1422 1690 Lydum
1468 1624 1535 1675 de

451 1713 648 1749 menss.
681 1713 807 1763 pag.
833 1697 936 1749 268
967 1697 1052 1747 ed.
1085 1695 1279 1746 Roeth.
1315 1700 1370 1744 et
1396 1710 1536 1758 quae

449 1768 607 1833 plura
659 1767 915 1832 leguntur
959 1782 1046 1831 ap.
1093 1765 1263 1815 Beck.
1304 1764 1534 1828 Aligem.

451 1837 779 1902 Weltgesch.
811 1837 859 1887 1.
899 1852 1023 1901 pag.
1060 1834 1185 1886 ⁶276.
1258 1833 1397 1883 Add.
1423 1835 1538 1884 Rit-

449 1911 559 1956 ter:
595 1906 893 1956 Erdkunde
928 1906 975 1956 1.
1016 1921 1067 1970 p.
1105 1905 1208 1954 564
1232 1919 1383 1968 0000.
1434 1904 1538 1953 Ve-

449 1981 623 2026 terum
662 1975 728 2025 de
763 1977 947 2026 Meroe
983 1974 1133 2025 locos
1172 1989 1237 2023 ac
1274 1974 1538 2023 recentio-

449 2061 565 2095 rum
587 2045 910 2109 scriptorum
931 2044 1213 2108 plerosque
1235 2042 1392 2092 affert
1407 2043 1538 2092 For-

449 2115 604 2179 biger
633 2114 853 2164 Handb.
893 2112 947 2163 d.
978 2112 1074 2162 alt.
1112 2111 1420 2177 Geograph.
1456 2113 1534 2161 11.

449 2200 503 2250 p.
541 2181 645 2231 814
681 2197 832 2247 seqq.
907 2182 1123 2232 Etenim
1169 2187 1295 2244 post
1337 2181 1537 2230 Heere-

448 2253 628 2313 nium,
685 2250 751 2300 de
789 2251 973 2300 Meroe
1026 2250 1246 2313 copiose
1298 2250 1536 2299 seriben-

450 2327 588 2382 tem,
635 2320 809 2384 ipsam
844 2319 984 2369 hane
1028 2318 1305 2383 regionem
1355 2317 1534 2381 plures

448 2390 701 2441 adierunt
747 2389 846 2437 viri
887 2388 1036 2438 docti
1082 2386 1535 2451 peregrinatores,

448 2458 812 2521 Burckbardt,
835 2457 1065 2522 Riippel,
1092 2454 1361 2517 Caillaud‚
1398 2457 1537 2506 Hos-

449 2530 600 2590 kins,
661 2528 856 2593 quibus
904 2528 1034 2577 addi
1080 2526 1241 2576 velim
1288 2541 1396 2575 non
1442 2526 1536 2575 mi-

449 2614 551 2648 nus
585 2603 840 2648 accurate
861 2597 1001 2647 hanc
1028 2610 1238 2646 omnem
1260 2594 1536 2660 regionem

449 2670 672 2733 eiusque
733 2672 1084 2717 monumenta
1140 2663 1536 2716 describentem

447 2740 783 2802 Russegger:
843 2738 1045 2787 Reisen
1088 2741 1194 2787 eto.
1247 2735 1333 2796 ΙΙ,
1383 2734 1432 2786 l.
1481 2751 1532 2799 p.

449 2808 553 2859 480
590 2822 742 2871 seqq.
815 2807 918 2856 Est
950 2820 1079 2856 vero
1120 2804 1307 2854 Mero&
1334 2804 1533 2866 insula,

448 2891 587 2941 quae
634 2891 742 2926 non
788 2875 965 2926 minus
1006 2881 1172 2939 atque
1218 2874 1348 2923 urbs
1391 2874 1534 2923 eius-

448 2946 569 2995 dem
604 2945 839 2994 nominis
875 2945 1055 3008 prisco
1086 2958 1223 2992 aevo
1257 2941 1419 2992 valde
1451 2958 1536 2992 ce-

446 3013 611 3064 lebris
666 3013 798 3074 fuit,
851 3027 918 3062 ea
961 3011 1143 3076 regio,
1201 3026 1343 3075 quae
1389 3027 1535 3062 nunc

447 3086 675 3132 vocatur
708 3080 885 3131 Aebar
929 3087 984 3130 et
1039 3080 1228 3129 maiori
1271 3085 1428 3145 parte
1463 3080 1533 3130 ad

449 3167 671 3216 reguum
709 3151 969 3212 Sennaar,
1008 3149 1200 3198 minori
1234 3163 1407 3213 eaque
1440 3164 1533 3199 au·

448 3220 607 3270 strali
646 3219 717 3270 ad
751 3218 1099 3284 Abyssiniam
1135 3218 1401 3283 pertinet,
1439 3218 1534 3269 flu-

446 3290 551 3340 viis
595 3306 715 3341 cum
754 3289 995 3354 undique
1046 3289 1159 3338 fere
1206 3288 1279 3337 sit
1321 3287 1536 3338 inclusa

447 3366 502 3411 et
538 3360 675 3411 satis
714 3353 919 3424 ampla,
955 3362 1018 3409 ut
1043 3373 1106 3408 eo
1144 3356 1318 3422 magis
1353 3357 1535 3408 insula

444 3447 479 3481 a
503 3429 781 3480 veteribus
807 3427 1110 3492 nuncupari
1132 3427 1399 3491 potuerit,
1427 3442 1533 3491 quo

445 3500 597 3550 bisce
644 3498 823 3549 fluviis
869 3497 1174 3562 pluviarum
1224 3499 1406 3546 aetate
1441 3511 1534 3546 au-

447 3569 551 3619 ctis
595 3573 649 3619 et
685 3572 884 3618 terram
920 3566 1084 3632 longe
1122 3564 1344 3630 lateque
1380 3565 1534 3615 inun-

447 3638 703 3689 dantibus
755 3636 851 3687 illa
890 3651 1081 3687 revera
1114 3634 1327 3684 insulae
1365 3650 1533 3699 quan-

447 3708 569 3758 dam
641 3708 874 3771 speciem
935 3705 1197 3771 praebere
1261 3702 1529 3755 videatur.

445 3780 565 3838 Quo
623 3776 769 3825 haud
812 3777 925 3826 seio
979 3791 1048 3825 an
1101 3773 1272 3823 faciat
1321 3773 1533 3824 Chresti

441 3846 709 3896 narratio:
748 3845 956 3906 Nilum,
998 3844 1123 3893 dum
1157 3846 1394 3893 Meroem
1433 3844 1534 3894 cir-

444 3914 727 3974 cumfluat,
777 3913 1008 3964 insulam
1059 3913 1292 3963 efficere.
1365 3913 1431 3962 In
1467 3928 1533 3963 ea

445 3984 613 4049 igitur
683 3983 905 4047 regione
965 3983 1150 4032 Meroe
1214 3980 1532 4032 collocanda

444 4053 548 4102 erit
585 4056 641 4101 et
675 4051 888 4116 quidem
926 4051 1088 4115 panio
1123 4051 1266 4101 infra
1298 4066 1418 4101 eum
1451 4051 1531 4102 lo-

445 4137 596 4183 cum,
645 4135 750 4184 quo
793 4135 937 4170 nunc
986 4121 1260 4170 invenitur
1292 4119 1531 4188 Schandy

447 4189 541 4254 (cf.
589 4191 898 4254 Russegger
943 4189 980 4238 l.
1018 4187 1056 4240 l.
1100 4205 1154 4254 p.
1203 4189 1349 4255 492).
1424 4191 1530 4241 Hic

446 4259 629 4310 omnia
676 4258 828 4307 vides
877 4259 1237 4307 monumentis
1288 4260 1529 4310 cuiusvis

444 4325 1534 4463 5533354353‘332533333‘gf?

1644 723 1784 787 quiis
1806 723 2035 783 referta3
2064 721 2207 771 unde
2234 726 2444 788 quanta
2469 720 2599 772 olim
2620 724 2737 775 fue-

1642 793 1715 841 rit
1767 792 1922 855 urbs,
1985 795 2245 858 quantum
2307 806 2560 857 regnum,
2618 793 2735 844 iure

1644 861 1891 927 colligas.
1982 862 2227 925 Namque
2277 862 2387 911 ista
2427 877 2736 913 monumen-

1644 937 1721 994 ta,
1742 932 2237 981 recentissimomm
2264 931 2733 995 peregrinatorum

1643 1001 1839 1051 studiis
1867 1002 2090 1065 cognita
2127 1005 2183 1051 et
2213 1000 2505 1065 descripta,
2545 1016 2733 1065 quam-

1643 1072 1726 1119 vis
1774 1069 1831 1120 in
1875 1069 2105 1134 singulis
2156 1069 2480 1135 quibusdam
2526 1071 2595 1120 ab
2632 1072 2734 1122 Ae-

1644 1141 1847 1206 gyptiis
1886 1139 2167 1199 differant,
2216 1144 2401 1189 tamen
2436 1140 2493 1189 in
2524 1155 2734 1191 summa

1644 1225 1764 1260 cum
1809 1210 2096 1275 Aegyptiis
2144 1211 2223 1258 ita
2271 1217 2602 1274 congruunt,
2671 1215 2734 1261 ut

1643 1278 1819 1329 altera
1856 1295 1923 1329 ex
1965 1279 2152 1328 alteris
2200 1277 2388 1329 efficta
2433 1279 2605 1330 fuisse
2642 1295 2736 1345 ap·

1643 1355 1853 1414 pareat.
1916 1349 2074 1399 Unde
2097 1349 2400 1399 Heerenius
2437 1348 2642 1414 aliique
2677 1350 2733 1400 in

1643 1418 1728 1468 his
1781 1418 1997 1468 Meroes
2053 1419 2444 1478 monumentis,
2519 1419 2732 1483 templis

1639 1488 1984 1552 potissimum
2033 1503 2100 1537 ac
2137 1487 2537 1552 pyramidibus,
2586 1489 2735 1539 incu-

1640 1556 1844 1607 nabula
1903 1558 2061 1622 quasi
2116 1571 2292 1607 rerum
2340 1557 2733 1622 Aegyptiarum

1639 1627 1903 1688 omnium,
1955 1641 2093 1691 quae
2127 1626 2252 1676 inde
2291 1626 2401 1675 sint
2434 1627 2730 1691 profectae,

1639 1696 1745 1746 sibi
1779 1696 2047 1761 reperisse
2072 1697 2176 1745 visi
2209 1700 2363 1754 sunt;
2397 1696 2731 1762 eandemque

1640 1766 1807 1816 etiam
1828 1771 1977 1816 tenet
2010 1766 2318 1829 opinionem
2337 1765 2602 1830 Hoskins,
2640 1767 2732 1832 qui

1640 1836 1697 1884 in
1733 1835 1903 1886 libro:
1952 1835 2182 1885 Travels
2228 1836 2285 1884 in
2317 1834 2578 1900 Ethiopia
2622 1842 2730 1888 etc.

1641 1904 1976 1969 illustratiug
2000 1904 2093 1954 the
2116 1904 2453 1969 antiquities‚
2485 1911 2598 1955 arts
2623 1905 2730 1956 and

1644 1974 1854 2038 history
1888 1974 1951 2024 of
1990 1973 2083 2023 the
2119 1973 2340 2023 ancient
2376 1973 2635 2039 kingdom
2674 1975 2736 2026 of

1641 2043 1826 2093 Meroe
1875 2043 2081 2105 (Lond.
2120 2041 2314 2105 1835),
2366 2043 2503 2094 haec
2538 2059 2729 2094 monu-

1639 2116 1825 2161 menta
1874 2112 2164 2177 descripsit
2220 2118 2387 2177 atque
2433 2112 2603 2177 lapidi
2650 2114 2729 2163 in-

1640 2180 1855 2245 sculpta
1889 2181 2137 2231 exhibuit
2171 2197 2222 2246 p.
2250 2183 2320 2233 66
2356 2197 2508 2247 seqq.
2544 2198 2597 2247 p.
2626 2181 2730 2234 348

1639 2265 1790 2315 seqq.
1867 2253 1941 2300 At
1986 2266 2114 2300 vero
2160 2250 2298 2302 haec
2333 2251 2455 2315 ipsa
2504 2252 2730 2318 templo-

1639 2335 1755 2369 rum
1783 2334 1849 2369 ac
1879 2319 2217 2388 pyramidum
2246 2320 2611 2386 frequentium
2641 2338 2728 2372 ru-

1640 2388 1772 2438 dera
1829 2389 2140 2439 accuratius
2186 2390 2601 2454 inspicientibus
2637 2393 2729 2444 vix

1641 2456 1859 2507 dubium
1880 2473 2001 2507 esse
2020 2458 2239 2523 poterit,
2265 2457 2425 2524 longe
2454 2460 2728 2522 inferiora,

1640 2531 1949 2577 structurae
1993 2527 2187 2578 molem
2233 2533 2287 2577 et
2335 2533 2508 2579 artem
2555 2530 2603 2579 si
2649 2547 2729 2581 re-

1640 2598 1870 2661 spicias,
1910 2597 2046 2647 baec
2079 2597 2253 2648 videri
2286 2598 2381 2660 iis,
2433 2613 2574 2664 quae
2610 2600 2731 2665 ipsa

1640 2666 1693 2715 in
1740 2666 1842 2716 hoc
1901 2682 2098 2732 genere
2156 2667 2383 2731 praebet
2428 2667 2729 2734 Aegyptus,

1639 2736 1869 2800 indeque
1925 2736 1996 2786 ad
2050 2736 2221 2786 multo
2270 2737 2528 2788 seriorem
2579 2744 2729 2789 aeta-

1640 2810 1748 2855 tem
1792 2805 1928 2855 haec
1966 2820 2085 2856 esse
2124 2805 2434 2869 referenda,
2480 2822 2620 2872 quae
2655 2807 2727 2858 ad

1638 2875 2031 2939 Aegyptiorum
2082 2874 2411 2940 exemplaria
2449 2876 2635 2927 efficta
2673 2883 2728 2928 et

1640 2943 1923 2994 elaborata
1978 2959 2099 2995 esse
2147 2949 2392 3005 constat3
2446 2946 2516 2995 cf.
2560 2947 2727 2997 Edin-

1638 3013 1813 3078 burgh
1832 3015 2049 3064 Review
2069 3029 2151 3063 nr.
2175 3014 2392 3066 CXXV.
2415 3030 2467 3079 p.
2484 3017 2548 3066 52
2570 3031 2722 3081 seqq.

1640 3081 1887 3132 Oaillaud
1933 3083 2158 3148 Voyage
2208 3083 2242 3132 a
2281 3084 2467 3134 Meroe
2520 3084 2627 3135 111.
2668 3102 2724 3151 p.

1639 3151 1742 3201 162
1779 3167 1929 3217 seqq.
1966 3152 2069 3203 200
2093 3168 2245 3217 seqq.
2282 3156 2383 3204 272
2410 3169 2562 3218 seqq.
2598 3156 2728 3205 Ber-

1638 3220 1733 3270 lin.
1794 3221 2014 3271 Iahrbb.
2082 3221 2122 3272 f.
2177 3223 2493 3273 wissensch.
2544 3224 2727 3274 Kritik

1645 3289 1795 3339 1844.
1841 3306 1923 3340 nr.
1962 3292 2049 3341 45.
2083 3307 2138 3356 p.
2177 3290 2299 3343 355.
2338 3293 2651 3359 Russegger
2687 3293 2726 3344 l.

1634 3358 1674 3409 l.
1722 3375 1774 3424 p.
1823 3359 1929 3412 489
1968 3374 2121 3425 seqq.
2189 3361 2402 3412 Russel.
2457 3362 2514 3411 in
2562 3363 2728 3413 Edin-

1636 3428 1832 3495 burgh.
1897 3428 2424 3495 Cabinet-Librsry
2490 3432 2558 3482 T.
2617 3433 2724 3486 111.

1638 3500 1840 3564 Egypt.
1889 3515 1939 3563 p.
1981 3496 2049 3548 35
2085 3514 2237 3565 0000.
2287 3505 2342 3562 e,t
2387 3500 2514 3551 XII.
2563 3517 2616 3565 p.
2659 3504 2726 3554 55

1638 3584 1789 3632 seqq.
1839 3568 2096 3618 Duncker
2144 3568 2340 3619 Gesch.
2391 3569 2444 3620 d.
2491 3569 2726 3622 Alterth.

1637 3637 1682 3687 I.
1712 3653 1767 3702 p.
1792 3636 1861 3687 83
1891 3652 2059 3703 0000.,
2099 3653 2167 3688 110
2205 3638 2363 3703 plura
2397 3639 2453 3688 in
2487 3655 2548 3690 re
2582 3656 2727 3690 nunc

1637 3706 1775 3756 satis
1840 3711 1991 3757 certa
2057 3713 2113 3757 et
2172 3708 2422 3772 exposita
2483 3708 2726 3760 afferam.

1637 3776 1751 3825 Nec
1794 3777 1969 3841 magis
2020 3791 2156 3840 opus
2202 3777 2306 3828 erit
2351 3776 2598 3828 refellere
2646 3779 2727 3827 vi-

1637 3860 1754 3895 rum
1810 3844 2056 3910 doctum,
2126 3846 2219 3911 qui
2268 3847 2326 3895 in
2382 3846 2722 3912 Edinburgh.

1637 3914 1855 3965 Review
1911 3914 2034 3965 Vol.
2084 3916 2233 3966 XLI.
2293 3931 2346 3980 p.
2407 3916 2519 3967 190.
2614 3917 2728 3968 Me-

1637 3986 1785 4033 ro'dm
1844 3984 2008 4034 sitam
2065 3999 2184 4035 esse
2249 3985 2406 4049 ponit
2465 4001 2528 4035 eo
2585 3985 2727 4050 loco,

1636 4054 1725 4102 cui
1774 4052 1950 4104 adbuc
2004 4070 2199 4104 nomen
2248 4054 2478 4105 Mer-ame
2530 4055 2588 4105 in
2638 4071 2729 4105 su-

1635 4123 1845 4186 periore
1897 4123 2152 4188 Dongola
2197 4138 2335 4188 quae
2395 4140 2539 4174 nunc
2593 4125 2728 4175 dici-

1634 4196 1747 4241 tur:
1804 4191 1908 4243 b'oc
1944 4193 2086 4243 enim
2134 4207 2255 4243 oum
2289 4193 2554 4243 Herodoti
2604 4210 2727 4245 ver-

1633 4262 1719 4309 bis
1770 4261 1915 4312 haud
1977 4263 2265 4312 convenire
2327 4269 2475 4313 recte
2529 4263 2728 4313 statuit

1632 4330 1911 4380 Wheeler:
1970 4331 2297 4397 Geography
2350 4332 2412 4382 of
2455 4332 2723 4382 Herodot.
