3109 5092
538 348 661 411 862
1136 305 1146 314 ’
1305 354 1845 418 Exousssus
1892 358 2079 418 vm-

536 528 628 599 plo
670 526 1013 597 propositum
1056 544 1182 580 esse
1216 528 1407 580 refert.
1474 529 1585 581 Sed
1615 529 1838 599 quando
1877 528 2178 596 religiones
2223 529 2481 599 dicimus,
2523 530 2717 600 plura
2748 550 2847 584 co-

537 613 705 680 gitari
747 619 1015 682 possunt,
1059 629 1202 682 quae
1232 613 1404 682 probe
1436 614 1832 682 distinguenda
1865 621 2017 666 sunt.
2079 614 2219 666 Nam
2252 616 2480 684 primum
2528 617 2747 685 potuit
2780 618 2839 668 in

537 715 706 750 causa
743 698 922 750 fuisse
963 698 1305 765 migrationis
1352 698 1651 751 animarum
1701 708 1808 751 tam
1866 699 2061 751 efficax
2107 698 2379 752 doctrina.
2465 700 2671 770 Atque
2733 703 2843 753 hoc

483 786 486 789 '
537 784 718 853 ipsum
753 787 999 851 arguunt
1037 782 1341 835 Herodotei
1383 782 1489 836 loci
1536 785 1610 851 II,
1647 790 1751 842 123
1798 792 1965 853 atque
1996 783 2226 836 Diodori
2257 784 2303 851 Ι,
2334 788 2401 843 91
2442 802 2565 837 cum
2620 794 2839 838 nostro

539 868 657 921 loco
698 867 912 935 collati;
958 867 1212 920 videlicet
1240 869 1494 937 quoniam
1525 887 1592 921 ex
1620 868 1775 936 vulgi
1805 868 2063 938 opinione
2100 868 2281 921 aniina
2316 870 2564 922 defuncti
2621 873 2707 922 ab
2749 872 2841 923 in-

537 952 683 1007 felici
714 954 846 1005 orbe
875 953 1218 1021 migrationis
1249 952 1461 1006 diutius
1491 954 1832 1006 retineretur
1861 953 2007 1005 circa
2043 953 2320 1021 integrum
2350 956 2589 1007 cadaver
2638 956 2838 1007 liben-

536 1045 623 1091 ter
666 1038 827 1107 quasi
868 1055 1225 1090 commorans.
1303 1039 1483 1091 Cuius
1532 1039 1612 1091 rei
1655 1044 1804 1090 recte
1844 1038 2128 1090 admonuit
2168 1040 2329 1091 etiam
2362 1040 2693 1108 Lauthius,
2744 1042 2839 1092 vir

537 1123 768 1189 doctus,
812 1123 870 1174 in
912 1122 1161 1175 Histoire
1204 1123 1270 1175 de
1311 1123 1621 1175 l'anatomie
1653 1130 1784 1175 tom.
1818 1124 1864 1175 1.
1909 1141 1965 1192 p.
1996 1126 2049 1182 9.
2128 1123 2284 1176 Alius
2326 1141 2527 1177 causae
2566 1124 2834 1177 mentio-

537 1226 659 1261 nem
694 1207 873 1260 iniicit
912 1206 1040 1258 Tib.
1083 1207 1536 1261 Hemsterhusius
1576 1208 1644 1260 ad
1686 1208 1920 1260 Luciani
1962 1208 2224 1274 Necyom.
2258 1209 2362 1261 111.
2407 1227 2463 1278 p.
2500 1214 2611 1269 356
2666 1210 2831 1279 Rip„

537 1310 657 1345 cum
687 1291 850 1343 dicit:
880 1298 985 1356 „ut
1014 1310 1081 1343 ne
1107 1298 1237 1358 post
1268 1292 1472 1344 obitum
1504 1292 1721 1363 quidem
1751 1292 2152 1344 carissimorum
2184 1292 2473 1362 pignorum
2497 1300 2830 1363 conspectu

535 1377 952 1446 privarentur.“
1031 1376 1107 1426 Et
1137 1393 1329 1445 reapse
1369 1377 1474 1429 huc
1516 1394 1620 1428 nos
1663 1383 1890 1429 revocat
1929 1378 2050 1446 ipse
2079 1377 2400 1431 Herodotus
2433 1380 2507 1445 11,
2541 1382 2652 1445 78,
2709 1395 2831 1448 quo

537 1460 656 1512 loco
692 1460 958 1512 cadavera
986 1459 1039 1511 in
1075 1460 1217 1512 arcis
1249 1460 1466 1529 pictur-d
1512 1462 1797 1514 exornatis
1827 1463 1894 1514 ad
1927 1462 2321 1529 Aegyptiorum
2355 1463 2615 1515 convivia
2654 1464 2829 1515 adhi-

535 1546 651 1597 bita
693 1550 898 1597 narrat.
971 1543 1221 1597 Pertinet
1259 1544 1392 1597 haec
1428 1564 1518 1598 res
1565 1547 1631 1598 ad
1664 1564 1823 1599 sacra
1866 1554 2109 1600 veterum
2147 1546 2471 1616 populorum
2502 1548 2827 1617 genn‘lit-ia.

536 1630 615 1682 Ac
644 1646 803 1700 quam
836 1630 939 1683 vim
966 1629 1203 1682 habeant
1234 1629 1416 1683 cultus
1437 1631 1822 1684 defunctorum
1852 1631 1997 1702 apud
2020 1631 2233 1699 priscos
2264 1633 2519 1702 populos,
2559 1633 2826 1685 orientis

533 1716 789 1783 maxime,
826 1714 1112 1783 sepultura
1140 1714 1197 1766 in
1231 1715 1459 1768 aedibus
1490 1716 1576 1768 vel
1605 1717 1660 1768 in
1693 1716 1897 1769 vicinia
1928 1716 2170 1783 aedium,
2210 1716 2444 1770 inferiae
2470 1719 2641 1770 statis
2675 1726 2823 1770 tem-

533 1801 763 1869 poribus
808 1806 1090 1870 peractae,
1147 1800 1270 1852 iura
1312 1800 1588 1867 Manium,
1646 1800 1820 1867 igitur
1862 1802 1995 1853 haec
2037 1801 2213 1852 omnia
2257 1819 2417 1872 quam
2470 1808 2821 1871 potestatem

535 1888 771 1938 habeant
827 1886 883 1937 in
939 1884 1261 1937 familiarum
1318 1902 1505 1953 sacra,
1558 1886 1647 1937 ius
1706 1886 2035 1952 gentilitium
2088 1884 2333 1955 adeoque
2389 1888 2818 1954 hereditarium,

534 1971 778 2023 breviter
821 1970 920 2022 sed
958 1970 1116 2021 docte
1159 1970 1503 2023 adumbravit
1544 1970 1866 2022 Bunsenius
1922 1971 1988 2022 de
2048 1970 2170 2022 iure
2216 1971 2449 2024 heredit.
2492 1972 2818 2025 Athenien-

534 2057 674 2109 sium
723 2073 778 2124 p.
819 2061 936 2113 122.
998 2055 1174 2116 Quam
1209 2055 1266 2107 in
1308 2073 1420 2108 rem
1465 2055 1624 2124 plura
1665 2054 1922 2107 dicentur
1960 2055 2109 2107 infra
2155 2054 2223 2106 ad
2270 2056 2537 2109 Herodot.
2583 2057 2689 2124 v1,
2747 2060 2822 2115 63

534 2158 689 2209 seqq.
737 2139 857 2191 coll.
900 2140 956 2205 1,
993 2141 1058 2197 67
1085 2157 1204 2208 seq.
1287 2140 1452 2192 Nunc
1497 2141 1598 2191 hoc
1646 2155 1811 2191 unum
1858 2139 2131 2205 adiiciam,
2178 2141 2305 2192 hinc
2343 2141 2574 2208 intelligi
2609 2159 2813 2210 posse,

534 2242 677 2293 quae
728 2224 1175 2294 peregrinatores
1225 2231 1641 2276 commemorant
1680 2224 1747 2275 de
1799 2224 2108 2292 sepulchris
2148 2224 2215 2277 ad
2257 2227 2472 2278 moenia
2526 2227 2815 2296 ipsasque

533 2310 697 2359 aedes
735 2310 1070 2359 Graecorum
1102 2308 1343 2376 urbium,
1378 2309 1742 2376 Athenarum,
1777 2309 2056 2375 Corinthi,
2098 2309 2525 2377 Syracusarum,
2568 2311 2811 2363 aliarum

533 2392 801 2461 repertis3
848 2390 995 2443 unde
1024 2408 1158 2444 vasa
1199 2392 1293 2445 illa
1335 2401 1609 2445 eruuntur
1639 2394 1972 2462 picturarum
2012 2393 2078 2445 ad
2115 2392 2410 2462 religiones
2452 2396 2811 2464 antiquiores

531 2477 924 2547 pertinentium
968 2476 1170 2545 largam
1203 2495 1432 2531 messem
1480 2478 1852 2531 exhibentia.“
1922 2477 2192 2548 Equidem
2231 2480 2286 2531 h.
2324 2479 2362 2531 l.
2409 2481 2658 2532 adiiciam
2702 2498 2807 2531 no-

529 2563 675 2614 mina
709 2579 928 2631 eorum,
981 2562 1077 2631 qui
1109 2568 1236 2614 ante
1266 2564 1601 2615 Creuzerum
1635 2564 1701 2615 de
1731 2563 2053 2615 cadaverum
2098 2564 2535 2617 medicandorum
2580 2566 2806 2616 ratione

532 2654 912 2718 exposuerunt
937 2646 1305 2716 peculiaribus
1337 2666 1403 2701 ex
1437 2655 1595 2717 parte
1630 2648 2055 2718 scriptionibus:
2100 2651 2316 2716 Caylus:
2346 2650 2458 2702 Des
2491 2650 2805 2702 embaume-

529 2740 705 2786 ments
737 2733 833 2785 des
862 2733 1068 2801 Egypt.
1100 2733 1361 2805 (Histoir.
1395 2733 1461 2785 de
1493 2733 1684 2785 l'acad.
1727 2734 1779 2784 d.
1815 2734 1983 2785 inscr.
2028 2738 2069 2785 t.
2100 2732 2332 2800 XXIII).
2396 2736 2643 2789 Rouelle:
2687 2735 2803 2786 Sur

529 2818 608 2871 les
639 2820 1091 2871 embaumements
1121 2824 1224 2869 etc.
1258 2818 1521 2889 (Histoir.
1559 2818 1625 2869 de
1656 2818 1848 2869 l'acad.
1870 2820 1968 2870 des
2000 2817 2202 2869 scienc.
2236 2818 2415 2871 Paris.
2439 2821 2590 2878 1750.
2617 2838 2674 2889 p.
2696 2822 2802 2876 123

530 2904 738 2973 seqq.).
818 2905 1174 2956 Blumenbach
1216 2902 1501 2972 (Gotting.
1536 2903 1754 2970 Magaz.
1790 2903 1834 2954 Ι.
1883 2902 2146 2970 Beitriige
2174 2918 2278 2953 zur
2308 2903 2684 2972 Naturgesch.
2720 2903 2797 2969 Ι).

527 2989 704 3054 Heyne
731 2986 1016 3055 (Spicileg.
1044 2987 1253 3055 antiqq.
1279 2987 1524 3038 mumiar.
1559 2988 1985 3058 (inCommentt.
2013 3004 2129 3054 reg.
2155 2987 2352 3038 scient.
2377 2990 2533 3041 Gott.
2558 2988 2667 3040 vol.
2689 2987 2796 3039 111.

527 3088 581 3139 p.
602 3074 670 3128 69
684 3088 841 3138 seqq.
874 3086 962 3120 an.
999 3072 1182 3133 1780).
1222 3072 1460 3124 Gmelin:
1490 3071 1867 3139 experimentt.
1909 3070 2158 3124 nonnull.
2191 3088 2308 3123 cum
2340 3073 2553 3125 mumiis
2584 3073 2793 3125 institt.

526 3154 688 3224 (ibid.
734 3152 843 3205 vol.
876 3152 1000 3219 IV).
1062 3156 1275 3220 sylvest.
1318 3157 1382 3208 de
1424 3157 1556 3223 Saty
1601 3155 1667 3206 ad
1711 3155 2072 3208 Abd—Allatif
2104 3156 2261 3208 relat.
2310 3156 2377 3208 de
2405 3155 2553 3224 l'Eg.
2596 3175 2653 3226 p.
2690 3158 2798 3215 268

528 3256 684 3308 seqq.
740 3238 931 3310 Zoega
965 3237 1032 3289 de
1065 3238 1224 3289 obell.
1257 3246 1392 3290 sect.
1424 3239 1519 3291 IV.
1550 3256 1670 3308 cap.
1692 3247 1742 3297 1.
1777 3243 1962 3308 Royer.
1994 3245 2049 3293 et
2075 3242 2305 3294 Iomard.
2335 3241 2391 3293 in
2412 3242 2692 3311 Descript.
2726 3241 2796 3292 de

527 3322 675 3391 l'Eg.
710 3322 936 3393 Antiqq.
970 3321 1078 3375 vol.
1112 3322 1138 3373 1
1170 3329 1226 3374 et
1249 3322 1322 3373 11.
1395 3322 1518 3375 Alia
1547 3323 1733 3376 laudat
1762 3325 1930 3377 Beck.
1968 3323 2300 3392 Weltgesch.
2334 3325 2360 3376 Ι
2403 3343 2460 3395 p.
2492 3328 2595 3385 767
2630 3343 2791 3395 seqq.

526 3409 668 3462 Add.
701 3411 943 3463 Belzoni:
978 3408 1205 3476 Voyage
1237 3425 1302 3459 en
1331 3408 1553 3477 Egypte
1582 3409 1818 3480 (traduit
1840 3427 1941 3479 par
1970 3409 2245 3478 Depping.
2275 3409 2453 3462 Paris.
2474 3412 2637 3477 1821)
2667 3418 2709 3463 t.
2745 3410 2792 3461 Ι.

525 3511 582 3563 p.
612 3499 934 3555 265—279.
1005 3494 1279 3548 Minutoli:
1321 3492 1639 3562 Nachtrfige
1672 3511 1741 3547 zu
1771 3513 1817 3546 s.
1856 3495 2062 3547 Reisen
2097 3501 2200 3546 etc.
2231 3513 2287 3564 p.
2321 3498 2424 3554 190
2451 3513 2608 3565 seqq.
2675 3493 2793 3558 Qui

524 3581 834 3632 recentiore
864 3586 1042 3632 aetate
1075 3579 1141 3631 de
1171 3577 1384 3630 mumiis
1416 3586 1822 3647 exposuerunt,
1872 3597 2058 3632 eorum
2090 3578 2260 3631 libros
2288 3579 2528 3632 indicavi
2570 3580 2627 3631 in
2660 3587 2793 3632 nota

527 3664 592 3716 ad
624 3665 697 3732 II,
731 3668 799 3722 85
825 3660 903 3732 ¹⁶¹).

695 3750 861 3811 Quod
891 3768 1024 3803 vero
1055 3749 1122 3800 ad
1153 3765 1349 3800 causas
1382 3747 1612 3813 attinet,
1659 3763 1800 3815 quae
1833 3747 2140 3817 Aegyptios
2184 3747 2252 3799 ad
2285 3748 2429 3800 huuc
2471 3764 2670 3800 morem
2699 3766 2791 3799 ca—

526 3833 728 3885 davera
757 3841 1092 3887 mortuorum
1128 3832 1418 3886 condiendi
1451 3831 1810 3899 adduxerint,
1861 3832 2075 3884 exstitit
2109 3850 2287 3901 nuper
2314 3832 2613 3900 Rosellini,
2666 3833 2789 3885 Μο-

527 3933 672 3969 num.
722 3917 868 3970 civil.
902 3919 1004 3970 111.
1052 3937 1104 3988 p.
1129 3922 1233 3976 292
1265 3934 1422 3986 seqq.
1462 3920 1570 3974 304
1599 3933 1756 3985 seqq.
1802 3922 1942 3987 (quo
1986 3917 2091 3968 iam
2124 3917 2211 3969 usi
2245 3933 2434 3969 sumus
2475 3917 2533 3968 in
2569 3923 2682 3969 not.
2717 3918 2789 3969 ad

521 4000 731 4053 Herod.
764 4000 838 4067 11,
875 4002 1036 4069 123),
1087 4003 1183 4071 qui
1215 4003 1351 4054 hanc
1382 4000 1632 4071 corporis
1662 4000 1882 4053 humani
1914 4001 2288 4068 condituram,
2333 4017 2495 4071 quam
2524 4001 2791 4072 Aegyptii

524 4094 920 4152 exercuerunt,
966 4072 1260 4154 quidquam
1309 4102 1589 4137 commune
1633 4084 1893 4137 habuisse
1922 4090 2091 4153 negat
2118 4102 2236 4137 cum
2265 4086 2519 4138 doctrina
2561 4087 2630 4138 de
2668 4087 2787 4138 ani·

519 4185 726 4222 morum
756 4169 1111 4237 migratione:
1153 4187 1331 4239 neque
1362 4186 1496 4222 sane
1531 4174 1739 4221 tantam
1770 4186 1953 4222 curam
1994 4170 2050 4221 in
2085 4170 2445 4223 cadaveribus
2476 4170 2787 4223 condiendo

521 4255 810 4308 servandis
859 4255 926 4307 ab
960 4252 1248 4323 Aegyptiis
1280 4270 1396 4306 eam
1431 4254 1499 4306 ob
1530 4269 1749 4306 causam
1790 4255 2024 4323 positam
2058 4272 2183 4308 esse
2217 4259 2408 4323 putat,
2451 4259 2515 4307 ut
2554 4255 2785 4307 anilnam

655 4434 709 4499 ⁴¹)
738 4434 893 4486 Conf.
925 4436 1092 4486 etiam
1113 4434 1494 4487 Dictionnaire
1519 4436 1589 4487 de
1614 4436 1870 4489 Sciences
1897 4435 2191 4488 medicales
2220 4436 2285 4487 T.
2309 4436 2408 4487 XI.
2431 4437 2602 4501 12:507
2626 4451 2780 4503 seqq.
