3109 5092
375 1784 493 1844 174

498 370 622 431 340
1368 364 1914 429 HERODOTI

509 548 846 631 Τερμίλαι.
903 533 993 619 ὥς
1028 539 1103 608 δὲ
1144 540 1211 621 ἐξ
1240 536 1587 629 Ἀθηνέων
1613 538 1836 618 Λύκος
1869 536 1907 610 ὁ
1942 541 2356 623 Πανδίονος,
2391 539 2775 622 ἐξελασθεὶς
2792 548 2864 604 82

498 648 611 715 καὶ
648 635 841 725 οὗτος
878 637 1012 712 ὑπὸ
1045 647 1167 711 τοῦ
1204 639 1545 731 ἀδελφεοῦ
1583 646 1875 730 Αἰγέως,
1920 638 2196 713 ἀπίκετο
2235 644 2303 722 ές
2329 641 2485 723 τούς
2531 649 2770 731 Τερμί-

500 759 620 828 λας
648 744 829 837 παρὰ
856 744 1305 834 Σαρπηδόνα,
1352 743 1529 816 οὕτω
1575 745 1660 836 δὴ
1703 743 1872 814 κατὰ
1911 749 2034 815 τοῦ
2059 744 2296 815 Λύκου
2334 743 2460 835 τὴν
2506 747 2770 815 έπωνυ*

498 859 662 940 μίην
690 849 932 919 Λύκιοι
967 846 1097 918 ἀνὰ
1138 848 1384 937 χρόνον
1428 848 1835 938 ἐκλήθησαν.
1895 847 2160 936 νόμοισι
2203 848 2280 918 δὲ
2315 846 2397 918 τᾶ
2434 849 2562 936 μὲν
2586 857 2776 937 Κρη-

498 970 740 1024 τικοῖσι
762 1006 778 1039 ,
817 950 899 1021 τὰ
937 952 1012 1022 δὲ
1039 960 1396 1040 Καρικοῖσι
1436 957 1783 1040 χρέωνται.
1854 956 1931 1021 ἓν
1978 952 2055 1021 δὲ
2093 953 2250 1023 τόδε
2293 957 2458 1021 ἴδιοι
2501 957 2773 1040 νενομί-

503 1078 694 1143 κασι,
750 1057 864 1126 καὶ
911 1052 1265 1142 οὐδαμοῖσι
1320 1053 1581 1125 ἄλλοισι
1635 1057 2097 1145 συμφέρονται
2156 1053 2581 1143 ἀνθρώπων·
2653 1081 2773 1122 κα-

506 1164 735 1231 λέουσι
766 1155 897 1228 ἀπὸ
926 1163 1063 1226 τῶν
1089 1162 1399 1247 μητέρων
1431 1156 1724 1238 ἑωυτοὺς
1743 1210 1761 1245 ,
1802 1159 1914 1227 καὶ
1941 1155 2092 1228 οὐκὶ
2119 1154 2251 1228 ἀπὸ
2274 1164 2415 1228 τῶν
2445 1161 2775 1246 πατέρων.

508 1264 859 1352 εἰρομένου
903 1260 979 1330 δὲ
1022 1262 1255 1349 ἑτέρου
1293 1258 1412 1331 τὸν
1454 1269 1773 1349 πλησίον,
1818 1268 1919 1340 τίς
1963 1272 2102 1350 εἴη,
2142 1264 2482 1344 καταλέξει
2525 1256 2780 1330 ἑωυτὸν

505 1364 884 1455 μητρόθεν,
923 1364 1036 1431 καὶ
1080 1368 1192 1451 τῆς
1239 1361 1484 1452 μητρὸς
1526 1361 1960 1452 ἀνανεμέεται
2001 1362 2115 1445 τὰς
2155 1366 2460 1453 μητέρας.
2541 1365 2655 1433 καὶ
2693 1356 2780 1451 ἦν

507 1470 633 1557 μέν
661 1494 738 1554 γε
778 1464 954 1554 γυνὴ
985 1463 1152 1554 ἀστὴ
1198 1468 1421 1559 δούλῳ
1456 1467 1858 1557 συνοικήσῃ,
1901 1484 2184 1555 γενναῖα
2214 1464 2295 1536 τᾶ
2333 1471 2537 1537 τέκνα
2580 1463 2778 1536 νενό-

504 1590 762 1659 μισται·
844 1564 928 1657 ἢν
982 1569 1056 1637 δὲ
1104 1566 1275 1658 ἀνὴρ
1314 1567 1543 1652 ᾶστός,
1613 1573 1725 1640 καὶ
1770 1565 1806 1640 ὃ
1854 1576 2113 1658 πρῶτος
2164 1568 2428 1657 αὐτῶν,
2488 1584 2783 1657 γυναῖκα

507 1677 736 1761 ξείνην
768 1666 810 1759 ἦ
855 1670 1203 1761 παλλακὴν
1243 1679 1392 1762 ἔχῃ,
1428 1670 1630 1759 ᾶτιμα
1672 1671 1754 1742 τᾶ
1793 1677 1994 1743 τέκνα
2034 1679 2313 1760 γίνεται.

665 1780 759 1844 Οἱ
795 1779 921 1863 μέν
966 1804 1098 1845 νυν
1126 1781 1382 1864 Κᾶρες,
1426 1773 1633 1846 οὐδὲν
1676 1774 1984 1865 λαμπρὰν
2028 1782 2229 1873 ἔργον
2273 1772 2781 1863 ἀποδεξάμενοι,

509 1877 998 1966 ἐδουλώθησαν
1042 1874 1175 1948 ὑπὸ
1203 1874 1577 1969 Ἁρπάγου,
1632 1877 1787 1949 οὔτε
1826 1877 2016 1948 αὐτοὶ
2071 1884 2140 1948 οἱ
2185 1884 2411 1968 Κᾶρες
2450 1876 2780 1960 ἀποδεξά-

507 2011 696 2073 μενοι
729 1980 968 2069 οὐδὲν,
1011 1979 1167 2051 οὔτε
1204 1979 1348 2052 ὅσοι
1380 1978 1719 2073 Ἑλλήνων
1755 1980 2007 2070 ταύτην
2046 1980 2170 2072 τὴν
2200 1981 2427 2070 χώρην
2462 1985 2779 2051 οἰκέουσι.

507 2089 804 2156 οἰκέουσι
851 2086 925 2154 δὲ
965 2088 1079 2154 καὶ
1120 2084 1350 2171 ἄλλοι,
1415 2088 1527 2157 καὶ
1566 2092 2127 2175 Λακεδαιμονίων
2179 2082 2448 2156 ἄποικοι
2489 2090 2784 2169 Κνίδιοι,

575 2253 643 2308 ’ἓν
677 2254 741 2309 δὲ
772 2250 905 2307 τόδε
930 2256 1086 2309 ἴδιον
1110 2258 1460 2324 νενομίκασι,
1497 2253 1595 2338 ’,ιαὶ

513 2319 818 2408 οὐδαμοῖσι
840 2319 1057 2378 ἄλλοισι
1082 2327 1469 2392 συμφέρονται
1495 2319 1595 2377 ἆν-

510 2390 794 2463 θριόπων]
845 2399 929 2447 De
983 2399 1152 2448 verbo
1210 2396 1459 2462 νομίζειν
1519 2397 1591 2446 cf.

510 2473 627 2518 not.
665 2467 736 2517 ad
772 2467 1377 2532 1‚131.142.11‚4.
1458 2467 1598 2517 Con-

509 2538 741 2588 suetudo
779 2554 843 2587 ea
878 2543 1039 2587 natos
1076 2536 1371 2588 secundum
1407 2536 1599 2586 matris

514 2624 712 2658 nomen
748 2607 1058 2673 appellandi
1104 2608 1388 2670 Xanthiis,
1437 2606 1601 2671 Lyci-

513 2693 668 2728 orum
704 2679 879 2744 genti,
929 2694 963 2728 a
998 2676 1294 2728 Plutarcho
1340 2677 1598 2726 tribuitur

516 2745 681 2812 (Opp.
743 2749 820 2798 11.
873 2763 928 2811 p.
983 2746 1087 2798 248
1128 2748 1197 2808 D,
1244 2747 1338 2797 ubi
1387 2743 1596 2797 consul.

512 2817 901 2881 wyttenbach.
975 2815 1382 2867 Animadversa.
1421 2816 1500 2866 11.
1545 2831 1596 2879 p.

511 2884 588 2949 9),
626 2887 871 2951 ipsisque
914 2886 1097 2950 Lyciis
1144 2901 1177 2935 a
1212 2884 1442 2935 Nicolao
1485 2886 1599 2934 Da-

513 2968 769 3003 masceno
808 2954 957 3018 (pag.
1010 2956 1110 3006 148
1147 2954 1230 3004 ed.
1271 2953 1466 3014 Orell.‚
1504 2952 1600 3002 ubi

514 3021 584 3071 cf.
624 3027 764 3072 nott.
814 3037 940 3085 pag.
990 3022 1138 3083 229).
1181 3023 1265 3072 Cr.
1315 3028 1601 3086 praeterea

517 3091 730 3140 confert
768 3090 935 3140 Orell.
973 3091 1030 3139 in
1065 3090 1274 3154 Suppli.
1314 3091 1383 3140 ad
1420 3090 1599 3140 Nicol.

515 3175 642 3225 pag.
691 3163 777 3211 75.
867 3158 1187 3209 Confirmari
1229 3159 1365 3210 haec
1411 3160 1603 3210 volunt

514 3228 960 3294 inscriptionibus
996 3228 1332 3278 funeralibus
1367 3244 1463 3294 per
1497 3230 1604 3294 Ly-

514 3300 653 3350 ciam
699 3299 958 3364 repertis,
1015 3299 1071 3347 in
1116 3297 1311 3364 quibus
1357 3298 1604 3349 defuncti

513 3385 547 3420 a
564 3371 828 3420 matribus
858 3384 1057 3434 genere
1083 3367 1246 3419 ducto
1271 3367 1601 3419 indicantur.

513 3439 664 3489 Alias
737 3439 1082 3503 antiquitatis
1143 3438 1397 3489 nationes
1458 3437 1605 3488 hunc

513 3524 716 3561 morem
752 3513 970 3560 secutas
1019 3524 1168 3572 esse,
1220 3508 1351 3557 mihi
1397 3523 1506 3558 non
1539 3508 1604 3556 li·

514 3585 663 3645 quet.
736 3578 988 3630 Advertit
1011 3583 1221 3642 tamen,
1260 3578 1405 3643 quod
1439 3577 1502 3629 C.
1535 3579 1602 3628 Ο.

515 3650 744 3700 Mueller
775 3652 1055 3716 (Etrusco.
1092 3649 1135 3699 1.
1177 3663 1304 3712 pag.
1344 3646 1448 3698 403
1486 3663 1602 3712 seq.

519 3719 645 3769 coll.
684 3718 982 3770 Grotefend
1028 3719 1084 3768 in
1120 3716 1364 3769 Seebode
1404 3716 1604 3766 Archiv

519 3788 675 3839 1829.
712 3805 798 3840 nr.
835 3791 923 3840 28.
959 3805 1014 3853 p.
1057 3786 1199 3853 109.)
1233 3786 1424 3837 attulit
1457 3802 1487 3835 e
1523 3802 1605 3836 se·

517 3856 849 3919 pulcralibus
893 3859 1251 3909 Etruscorum
1296 3856 1606 3921 inscriptio-

518 3925 707 3987 nib'us,
764 3928 820 3977 in
874 3927 1071 3991 quibus
1128 3926 1298 3976 multo
1362 3926 1604 3976 crebrius

514 3995 706 4043 matris
726 4000 1175 4045 commemoratur
1197 4011 1409 4057 nomen,
1442 4010 1605 4060 quam

516 4064 711 4127 patri-⁸2⁸.
791 4064 950 4126 Quod
997 4063 1089 4113 ille
1137 4065 1209 4114 ad
1257 4065 1606 4129 praecipuum

519 4132 789 4197 quendam
840 4133 985 4198 apud
1030 4134 1295 4183 Etruscos
1347 4134 1604 4183 honorem

518 4201 839 4252 feminarum
893 4201 1076 4252 refert.
1163 4203 1316 4263 Quae
1370 4202 1606 4253 Larche-

517 4286 609 4320 rus
658 4271 728 4321 ad
772 4270 1039 4321 Herodoti
1083 4270 1260 4321 locum
1309 4271 1607 4337 adscripsit

520 4340 588 4390 de
626 4340 836 4407 origine
878 4339 1038 4390 istius
1091 4340 1283 4404 moris,
1336 4341 1604 4391 malumus

520 4408 737 4461 silentio
797 4409 1111 4476 praeterire.
1194 4408 1491 4477 Inquisivit
1545 4412 1604 4460 in

1694 2260 1839 2310 hunc
1864 2276 2065 2311 morem
2095 2262 2355 2311 rariorem
2383 2260 2534 2310 illum
2567 2260 2785 2326 quidem

1696 2331 1790 2379 Fr.
1825 2329 1892 2379 de
1926 2331 2163 2381 Raumcr
2205 2331 2437 2396 (Hister.
2472 2329 2782 2381 Taschenb.

1701 2398 1855 2449 1833.
1896 2415 1952 2464 p.
1989 2400 2118 2464 337)
2156 2401 2493 2465 eundemque
2529 2399 2600 2450 ad
2641 2398 2788 2449 rudi-

1700 2473 1868 2520 tatem
1906 2470 2178 2534 quandam
2224 2470 2372 2521 vitae
2415 2468 2653 2519 nondum
2697 2483 2788 2519 ex·

1701 2537 1881 2589 cultae
1928 2540 2122 2601 refert;
2167 2540 2320 2589 addit
2365 2554 2495 2590 vero
2539 2539 2682 2588 idem
2720 2553 2789 2587 ex

1700 2608 1899 2658 Bodin.
1972 2610 2056 2659 De
2123 2609 2332 2674 republ.
2381 2609 2427 2671 Ι,
2480 2607 2531 2670 3,
2584 2607 2669 2658 19.
2729 2608 2789 2656 in

1701 2678 2000 2742 Campania
2025 2678 2236 2730 Gallica
2262 2679 2387 2729 olim
2416 2677 2651 2728 nobilem
2684 2678 2792 2727 vir-

1702 2749 1883 2813 ginem
1954 2748 2183 2813 ignobili
2239 2748 2469 2810 homini,
2537 2749 2626 2796 cui
2693 2762 2791 2797 nu-

1702 2818 1891 2882 pserit,
1923 2817 2267 2868 nobilitatem
2302 2817 2574 2868 attulisse.
2620 2817 2791 2866 Futu-

1701 2902 1818 2936 rum
1849 2883 2181 2950 (καταλέξει,
2207 2879 2612 2952 ἀνανεμέεται),
2644 2885 2788 2951 quod

1703 2955 1950 3006 hocloco
1977 2956 2265 3007 adhibetur
2297 2956 2364 3007 de
2389 2972 2471 3020 eo,
2505 2956 2648 3021 quod
2673 2955 2790 3005 fieri

1704 3025 1872 3088 solet,
1921 3026 2110 3090 attigit
2157 3026 2424 3076 Matthiae
2456 2994 2557 3077 ’Gn
2600 3025 2695 3076 Gr.
2736 3027 2790 3088 9.

1707 3094 1827 3156 502,
1880 3093 1911 3145 3
1971 3095 2092 3145 οοΙΙ.
2143 3095 2399 3145 Kuehner
2446 3095 2537 3146 Gr.
2590 3094 2684 3145 Gr.
2736 3097 2789 3157 §-

1706 3163 1827 3227 446,
1868 3166 1918 3226 2,
1958 3165 2154 3229 quibus
2192 3164 2316 3214 add.
2345 3164 2542 3214 Iacobs
2581 3163 2650 3212 ad
2687 3164 2790 3213 Ae-

1703 3231 1839 3282 lian.
1924 3233 1993 3283 N.
2055 3234 2119 3283 A.
2174 3234 2271 3295 IV,
2320 3236 2405 3286 28.
2487 3234 2604 3284 Nec
2657 3248 2792 3283 sane

1707 3317 1842 3367 opus
1888 3319 1985 3368 pro
2030 3294 2395 3367 ἀνανεμέεται
2440 3302 2618 3368 legere
2654 3293 2792 3350 ᾶνα-

1703 3368 1930 3434 μνέεται
1972 3372 2030 3438 (i.
2082 3388 2130 3423 e.
2166 3371 2546 3436 commemorat),
2589 3377 2655 3421 ut
2699 3389 2793 3422 vo-

1703 3440 1855 3491 lebat
1888 3443 1961 3495 H.
2002 3442 2329 3506 Stephanus.
2403 3443 2544 3493 Nam
2586 3432 2791 3491 ἀνανέ-

1703 3509 1934 3574 μεσθαι,
1967 3510 2273 3576 explicante
2304 3512 2494 3574 Suida,
2532 3511 2674 3561 idem
2700 3527 2794 3561 va—

1702 3579 1780 3629 let
1839 3585 2004 3646 atque
2067 3578 2418 3645 καταλέγειν,
2491 3596 2792 3644 recensere,

1703 3665 2016 3701 enumerare.
2075 3651 2277 3715 Attigit
2300 3665 2514 3716 quoque
2535 3650 2672 3700 haec
2690 3652 2796 3700 Pe-

1705 3720 1945 3770 rizonius
1965 3719 2308 3784 (Dissertatt.
2328 3721 2509 3770 Trias.
2530 3720 2793 3770 Deventr.

1711 3788 1861 3842 1679.
1909 3806 1964 3854 p.
2011 3789 2143 3853 275)
2191 3804 2415 3840 monens
2461 3790 2661 3854 respici
2706 3787 2796 3838 hic

1706 3857 1778 3907 ad
1810 3873 1929 3908 eam
1958 3859 2288 3910 Graecorum
2323 3858 2794 3921 consuetudinem,

1707 3943 1814 3992 qua
1851 3943 1949 3978 suo
1991 3929 2197 3978 nomini
2246 3929 2421 3994 patris
2454 3943 2650 3979 nomen
2699 3926 2798 3977 ad·-

1709 3997 1924 4058 derent;
1973 3997 2054 4048 ita
2089 3998 2288 4063 Lycios
2325 3998 2446 4049 loco
2491 3998 2664 4062 patris
2702 4011 2797 4047 no-

1705 4082 1829 4117 men
1864 4069 2054 4118 matris
2086 4068 2338 4119 exhibere
2373 4067 2563 4119 solitos
2599 4082 2739 4120 esse.

2024 4241 2157 4294 Cu».
2197 4241 2491 4292 CLXXIV.

1778 4332 1908 4391 οὔτε
1958 4332 2126 4392 αὐτοὶ
2179 4337 2239 4393 οἷ
2276 4340 2464 4409 Κᾶρες
2508 4334 2798 4403 ἀποδεξά-

1704 4424 1866 4475 μενοι
1902 4403 2077 4462 οὕδὲν
2102 4426 2152 4462 κ.
2192 4425 2240 4461 τ.
2278 4409 2356 4477 λ.)
2393 4409 2658 4462 Consulto
2694 4410 2798 4461 hoc
