3109 5092
1056 330 1560 391 EUTERPE.
1608 331 1690 389 Π.
1739 339 1858 394 161.

2476 329 2598 390 799

486 501 794 591 Ψάμμιος
838 502 914 572 δὲ
955 507 1022 586 ἓξ
1061 509 1211 572 ἔτεα
1253 508 1509 591 μοῦνον
1534 501 2061 591 βασιλεύσαντος
2095 500 2447 589 Αἰγύπτου
2483 503 2594 571 καὶ
2616 513 2727 575 161

324 609 908 696 στρατευσαμένου
959 610 1026 686 ἐς
1065 614 1442 696 Αἰθιοπίην
1484 608 1599 675 καὶ
1649 612 2014 696 μεταυτίκα
2053 605 2592 695 τελευτήσαντος,

325 711 663 792 ἐξεδέξατο
686 706 958 799 Ἀπρίης
985 705 1021 778 ὁ
1056 710 1399 799 Ψάμμιος,
1427 706 1499 790 ὃς
1525 708 1690 798 μετὰ
1725 708 2165 800 Ψαμμήτιχον
2190 707 2311 779 τὸν
2339 712 2594 778 ἑωυτοῦ

325 811 713 902 προπάτορα
756 814 1020 899 ἐγένετο
1070 810 1667 903 εὐδαιμονέστατος
1705 820 1843 883 τῶν
1880 811 2209 903 πρότερον
2237 814 2593 900 βασιλέων,

217 975 224 982 .
325 912 432 982 ἐπ’
466 921 616 983 ἔτεα
644 917 845 983 πέντε
871 918 982 985 καὶ
1022 927 1233 986 εἰκοσι
1262 914 1490 1006 ἄρξας·
1542 919 1619 984 ἐν
1643 933 1814 987 τοῖσι
1844 919 1961 986 ἐπί
1980 944 2052 985 τε
2081 920 2360 984 Σιδῶνα
2388 936 2589 1005 στρα-

322 1015 442 1086 τὸν
469 1015 674 1106 ἤλασε
701 1021 814 1087 καὶ
843 1020 1260 1109 ἐναυμάχησε
1288 1025 1381 1113 τῷ
1421 1026 1665 1114 Τυρίῳ.
1745 1017 1926 1089 Ἐπεὶ
1968 1023 2048 1089 δέ
2082 1024 2150 1089 οἱ
2186 1025 2333 1088 ἔδεε
2376 1024 2597 1099 κακῶς

323 1123 681 1207 γενέσθαι,
737 1124 1000 1209 ἐγένετο
1040 1121 1171 1193 ἀπὸ
1215 1121 1623 1214 προφάσιος,
1676 1121 1801 1214 τὴν
1849 1120 1981 1210 ἐγώ
2020 1122 2309 1211 μεζόνως
2355 1122 2481 1212 μὲν
2521 1126 2596 1191 ἐν

320 1240 490 1293 τοῖσι
527 1232 885 1313 Λιβυκοῖσι
932 1225 1190 1314 λόγοισι
1244 1223 1712 1315 ἀπηγήσομαι,
1766 1234 2050 1316 μετρίως
2090 1223 2154 1296 δ’
2189 1229 2265 1295 ἐν
2294 1231 2391 1320 τῷ
2419 1252 2591 1317 παρ-

684 1411 815 1461 ΟΔΡ.
854 1410 1046 1461 CLXI.

385 1505 613 1578 Ἀπριής
659 1505 690 1563 ὁ
739 1505 1060 1597 Ψάμμιος]
1072 1513 1245 1562 Hicce
1290 1527 1402 1576 rex,

321 1585 411 1648 qui
457 1585 632 1649 viginti
672 1585 884 1649 quinque
929 1598 1101 1632 annos
1143 1597 1403 1648 regnasse

315 1654 543 1714 dicitur,
586 1653 733 1718 apud
778 1652 1094 1703 Africanum
1136 1657 1191 1702 et
1232 1654 1405 1703 Euse-

317 1722 463 1773 bium
501 1722 674 1788 (1.1.)
714 1727 944 1773 vocatur
979 1712 1274 1786 Οὔαφρις,
1311 1720 1406 1787 qui

317 1794 623 1858 undeviginti
662 1808 834 1842 annos
884 1792 954 1841 ab
1005 1791 1295 1854 Africano,
1331 1794 1404 1841 υἰ-

310 1863 439 1926 ginti
484 1864 697 1928 quinque
747 1862 816 1911 ab
854 1862 1094 1912 Eusebio
1143 1875 1403 1926 regnasse

316 1932 533 1995 dicitur,
570 1932 641 1982 ad
671 1947 847 1997 quem,
879 1947 943 1981 ex
969 1931 1253 1996 utriusque
1277 1930 1405 1981 scri-

316 2002 486 2064 ptoris
544 2000 885 2064 testimonie,
944 1999 1266 2050 Iudaeorum
1324 2015 1404 2049 re-

317 2070 452 2135 liqui
485 2071 873 2136 confugerunt,
910 2071 1085 2135 captis
1129 2070 1200 2119 ab
1237 2071 1403 2133 Assy-

317 2143 517 2189 riorum
546 2141 785 2190 exercitu
807 2140 1220 2204 Hierosolymis.
1273 2139 1402 2187 Dio-

315 2208 478 2259 dorus
517 2210 561 2271 1,
601 2211 669 2260 68
705 2210 825 2260 init.
860 2208 976 2273 (ubi
1004 2209 1150 2259 cons.
1185 2209 1400 2258 Wesse-

311 2277 468 2344 ling.)
488 2280 689 2344 Apriae
713 2279 828 2344 regi
848 2281 1020 2344 ve'yintt‘
1044 2280 1187 2341 duos,
1212 2277 1401 2327 Amasi

314 2351 673 2414 quinquaqinta
709 2351 920 2414 quinque
966 2363 1138 2398 annos
1188 2347 1396 2408 tribuit,

314 2418 401 2467 cui
415 2419 724 2468 Herodotus
740 2418 868 2483 (ΙΙΙ,
896 2416 975 2480 10,
995 2417 1087 2468 ubi
1108 2415 1215 2467 vid.
1232 2416 1396 2481 nott.)

314 2495 368 2535 et
416 2488 707 2538 Africanus
761 2486 1102 2553 quadraye‘nea
1160 2495 1395 2551 quatuor,

313 2557 580 2608 Eusebius
624 2558 964 2623 quadr-affinia
1022 2557 1146 2606 duos
1194 2555 1398 2606 adscri-

312 2626 448 2675 bunt
469 2642 668 2688 annos3
705 2626 953 2691 equidem
976 2624 1291 2676 Fischerum
1319 2641 1397 2676 se-

314 2700 472 2745 cutus
508 2695 543 2747 l.
582 2695 621 2745 l.
660 2710 833 2746 annos
873 2694 1150 2746 594—570
1185 2710 1237 2744 a.
1268 2695 1395 2746 Chr.

312 2779 366 2814 n.
387 2765 587 2829 Apriae
607 2764 844 2815 tribuere
865 2763 1048 2826 malui,
1085 2779 1244 2829 quem
1268 2779 1396 2814 eun-

314 2833 433 2884 dem
466 2834 773 2884 Larcherus
820 2834 964 2882 intra
1009 2848 1183 2883 anuos
1220 2833 1395 2885 595—

311 2903 413 2953 573
450 2917 710 2969 reg-nasse
743 2902 861 2953 vult
903 2904 995 2966 (Τ.
1036 2902 1160 2953 VII.
1197 2920 1252 2969 p.
1295 2903 1394 2954 116

310 2987 424 3037 seq.
464 2973 585 3024 614.
625 2972 726 3024 618
772 2970 898 3023 coll.
927 2971 1175 3022 Schultz:
1213 2972 1395 3037 Appa-

308 3048 413 3095 rat.
452 3043 522 3093 ad
558 3040 761 3092 annall.
787 3042 961 3092 critic.
989 3058 1117 3108 pag.
1141 3041 1254 3106 27).
1287 3043 1394 3093 Ro-

308 3111 486 3162 sellini
527 3110 697 3176 (Mon.
727 3118 859 3163 utor.
887 3112 964 3162 ΙΙ.
1002 3128 1053 3176 p.
1087 3113 1175 3162 141
1214 3112 1390 3177 seqq.)

307 3182 544 3233 Boeckh.
604 3180 663 3243 (1.
711 3180 750 3232 l.
794 3197 922 3247 pag.
974 3182 1075 3233 716
1118 3177 1301 3247 seqq.)
1340 3187 1395 3232 et

304 3252 542 3302 Bunsen.
581 3252 793 3316 Egypts
838 3251 1003 3302 Place
1051 3256 1156 3302 etc.
1208 3251 1285 3302 11.
1336 3266 1390 3316 p.

306 3321 408 3370 602
477 3321 780 3383 απᾱευιῃίηιί
834 3321 1152 3385 praeferunt
1218 3336 1393 3372 annos

305 3389 506 3454 Api-iae
528 3389 599 3438 ab
620 3389 879 3438 Africano
898 3389 1153 3439 tributos.
1203 3391 1389 3454 Ipsum

306 3459 451 3522 regis
471 3473 685 3518 nomen,
712 3455 857 3521 quod
878 3457 1023 3521 apud
1049 3459 1389 3508 Athenaeum

305 3543 516 3592 quoque
541 3525 700 3577 XIII.
740 3542 792 3590 p.
825 3527 929 3577 560
964 3532 1145 3577 exstat
1171 3528 1386 3590 Aprias,

303 3596 694 3661 Aegyptiorum
732 3596 788 3644 in
821 3597 1185 3646 monumentis
1210 3595 1389 3660 prodi-

301 3671 417 3715 tum
468 3666 574 3716 sibi
616 3664 823 3715 eruisse
871 3665 1082 3728 llaphre
1115 3666 1267 3715 visus
1306 3670 1391 3714 est

302 3734 566 3785 Rosellini
606 3733 643 3786 1.
670 3733 729 3795 1.,
766 3749 875 3784 non
910 3735 992 3785 ita
1027 3734 1313 3785 discedens
1352 3750 1386 3784 a

303 3805 515 3855 Graeca.
541 3771 914 3870 appellatione
941 3809 994 3854 et
1021 3804 1089 3853 ab
1109 3804 1385 3854 Hebraica

301 3888 437 3924 voce
468 3890 669 3959 ³⁹:¹²5!
728 3872 794 3924 de
841 3889 949 3938 qua
995 3874 1068 3924 cs.
1115 3873 1383 3925 Gesenius

300 3958 463 4008 Thes.
499 3941 659 4023 Liug.
687 3959 855 4010 Hebr.
892 3959 939 4010 Ι.
976 3975 1032 4023 p.
1055 3959 1175 4010 508.
1230 3958 1384 4020 Quae

299 4028 355 4076 in
419 4043 578 4079 sacra
630 4029 904 4092 scriptura
955 4029 1129 4092 (conf.
1187 4029 1381 4078 Ierem.

297 4097 493 4158 XLIV,
518 4098 604 4148 30.
625 4098 820 4159 XLVI,
840 4098 927 4149 26.
957 4097 1155 4149 Ezech.
1177 4098 1382 4161 XXIX)

298 4165 364 4216 ‹le
402 4165 504 4216 hoc
526 4182 655 4230 rege
686 4167 1000 4228 traduntur,
1041 4183 1221 4217 eorum
1250 4166 1383 4215 nihil

297 4250 472 4299 neque
489 4236 634 4299 apud
657 4237 993 4286 Herodotum
1011 4252 1186 4301 neque
1212 4233 1382 4285 ullum

298 4304 462 4353 alium
501 4307 826 4355 Graecorum
858 4306 1176 4369 scriptorem
1202 4309 1383 4354 exstat

296 4373 583 4424 traditum:
616 4390 853 4440 namque
875 4390 909 4424 a
924 4374 1383 4425 Nebucaduezare

1506 1395 1686 1444 fusum
1734 1408 1855 1443 esse
1902 1392 2183 1458 Hophram
2230 1393 2299 1454 (s.
2346 1392 2592 1459 Apriam)

1504 1463 1739 1529 indeque
1771 1468 1946 1513 totam
1972 1464 2282 1528 Aegyptum
2318 1468 2593 1513 vastatam

1505 1538 1713 1584 canunt
1758 1532 2084 1598 prophetam
2145 1538 2362 1597 captum
2410 1539 2466 1583 et
2515 1535 2595 1581 in-

1505 1604 1794 1654 terfectum
1842 1618 1963 1652 esse
2020 1602 2348 1667 Aegyptium
2409 1617 2593 1666 regem

1506 1672 1676 1723 tradit
1698 1673 1961 1737 Iosephus
1989 1671 2214 1737 Antiqq.
2238 1672 2307 1733 X,
2338 1673 2390 1734 9,
2425 1674 2476 1732 7,
2498 1672 2595 1721 ali-

1505 1748 1591 1793 ter
1646 1747 1811 1807 atque
1853 1740 2166 1792 Herodotus
2215 1739 2312 1805 (11,
2367 1741 2486 1806 109)
2539 1747 2594 1790 et

1505 1811 1781 1863 Diodorus
1820 1811 1888 1873 (1,
1905 1807 2020 1872 68).
2096 1810 2204 1860 Sed
2231 1810 2365 1860 baec
2393 1810 2591 1872 omnia,

1507 1896 1648 1946 quae
1680 1883 1824 1930 inter
1870 1881 1990 1945 ipss.
2023 1879 2310 1930 seditionis
2346 1885 2595 1945 tempora

1506 1966 1541 2000 a
1576 1951 1777 2001 Nostro
1824 1954 2275 2000 commemoratae
2324 1949 2593 2000 accidisse

1505 2021 1798 2084 opinantur
1832 2020 1936 2068 viri
1971 2018 2119 2068 docti
2157 2018 2256 2083 (cf.
2295 2019 2409 2069 Iac.
2444 2019 2593 2069 Peri-

1506 2105 1628 2139 zon.
1653 2089 1844 2154 Origg.
1876 2090 2137 2153 Aegyptt.
2155 2104 2275 2153 cap.
2294 2090 2380 2151 24,
2407 2088 2587 2138 Beck:

1505 2157 1964 2225 Weltgeschichte
2011 2159 2059 2209 Ι.
2111 2173 2239 2222 pag.
2286 2159 2387 2209 729
2422 2161 2585 2224 seq.),

1499 2228 1571 2278 ab
1642 2228 1909 2278 Herodoti
1980 2229 2293 2278 narratione
2364 2243 2585 2292 prorsus

1501 2297 1684 2348 aliens
1717 2302 1872 2360 sunt,
1912 2298 1980 2347 ad
2015 2312 2177 2363 quam
2202 2297 2347 2347 haud
2371 2298 2485 2347 scio
2515 2312 2586 2347 an

1499 2368 1997 2487 ξ’ἔιῖρῗὲἐξθῗῗὲ
2030 2367 2174 2502 ‘¹33
2204 2367 2586 2503 ‘EffiffiJuffiss'

1601 2475 1615 2488 ο
1916 2474 1929 2500 ,
2006 2474 2018 2488 0
2171 2475 2184 2488 ο
2317 2475 2330 2498 ,
2564 2467 2582 2476 ·

1501 2506 1622 2557 dice
1640 2506 1854 2571 Aprias,
1878 2522 1998 2556 cum
2019 2506 2452 2572 expeditionibus
2468 2506 2581 2556 bel-

1494 2574 1618 2626 licis
1650 2574 1812 2625 valde
1838 2576 2052 2625 deditus
2088 2581 2250 2638 esset,
2290 2576 2586 2641 Aegyptio-

1499 2661 1618 2695 rum
1654 2646 1862 2695 animos
1911 2650 2166 2710 expertus
2210 2649 2297 2694 est
2339 2660 2580 2706 aversos,

1497 2730 2002 2835 33331’01ffl1553.
2032 2729 2581 2848 ⁸2sspg'sf355220‘223

1495 2854 1725 2918 gerrime
1761 2852 1953 2903 tulisse
1974 2854 2279 2904 videantur.
2350 2851 2581 2901 wilkin-

1495 2940 1595 2973 son
1616 2924 1892 2989 (Manners
1922 2927 2027 2973 etc.
2057 2923 2103 2974 Ι.
2142 2938 2265 2989 pag.
2304 2923 2402 2974 176
2428 2920 2575 2986 seq.)

1494 2993 1763 3044 Herodoti
1798 2993 2073 3043 silentium
2098 2993 2166 3043 de
2188 2993 2256 3042 iis
2274 3029 2288 3053 ‚
2328 3007 2468 3057 quae
2492 3007 2578 3041 sa-

1492 3078 1619 3113 crae
1653 3064 1959 3128 scripturae
1992 3062 2117 3114 libri
2152 3062 2407 3125 tradunt,
2447 3062 2572 3112 inde

1490 3132 2047 3267 ssssfizizfflisseffi
2064 3133 2575 3254 {zssssssfffflffissz

1488 3273 1691 3337 gyptiis
1727 3273 1937 3333 debuit,
1973 3273 2183 3338 reliqua
2210 3272 2458 3323 consulto
2494 3287 2576 3321 re-

1489 3342 1807 3394 ticentibus,
1888 3343 2044 3392 conf.
2098 3343 2264 3391 etiam
2312 3342 2451 3390 infra
2502 3340 2570 3389 aul

1490 3409 1567 3473 11,
1609 3411 1706 3461 177
1746 3415 1886 3460 nott.

1559 3509 1637 3578 τῷ
1687 3509 1901 3578 Τυρίῳ]
1940 3511 1978 3560 i.
2029 3526 2076 3560 e.
2135 3509 2397 3571 Tyriorum
2438 3514 2565 3574 νομί.

1487 3581 1650 3632 Conf.
1676 3583 1719 3644 Ι,
1750 3584 1798 3643 2,
1822 3596 1892 3630 ne
1916 3580 2089 3642 plura.
2165 3580 2280 3627 Has
2309 3579 2452 3642 regis
2482 3595 2569 3629 ex-

1486 3650 1791 3714 peditiones
1804 3650 1858 3698 in
1870 3648 2220 3698 Phoenicium
2233 3648 2424 3711 attigit
2436 3664 2569 3714 quo-

1486 3733 1590 3784 que
1637 3719 1937 3779 Diodoru8‚
1997 3716 2297 3766 Phoenices
2355 3725 2409 3766 et
2463 3718 2568 3781 Cy-

1484 3789 1631 3852 prios
1671 3803 1855 3854 pugna
1888 3784 2072 3836 navali
2105 3787 2283 3835 victos
2321 3801 2441 3836 esse
2474 3786 2571 3836 ad·

1486 3857 1650 3918 dens;
1691 3858 1758 3907 de
1786 3855 2131 3920 expeditione
2166 3857 2222 3905 in
2259 3854 2566 3920 Cyrenaeos

1485 3926 1629 3976 idem
1651 3931 1902 3976 testatur.
1951 3927 2037 3975 Tu
2057 3925 2201 3976 conf.
2226 3928 2390 3975 etiam
2418 3928 2569 3976 Dun-

1486 3996 1642 4045 cker:
1682 3995 1878 4047 Gesch.
1915 3994 1968 4045 d.
2007 3994 2240 4046 Alterth.
2276 3996 2323 4046 Ι.
2365 4013 2417 4061 p.
2449 3995 2563 4046 103.

1556 4073 1678 4130 ἐπεὶ
1698 4079 1761 4130 δέ
1798 4074 1855 4129 οἷ
1889 4077 2007 4130 ἔδεε
2044 4080 2232 4139 κακῶς
2267 4079 2565 4146 γενέσθαι]

1483 4150 1609 4200 Vid.
1651 4152 1697 4213 Ι,
1735 4150 1770 4200 8
1801 4151 1932 4216 ibiq.
1969 4157 2106 4201 nott.

1554 4227 1615 4284 ἐν
1649 4237 1797 4285 τοῖσι
1828 4233 2126 4303 Λιβυκοῖσι
2166 4229 2401 4304 λόγοισι]
2439 4236 2563 4288 Vid.

1484 4305 1628 4354 infra
1665 4306 1759 4366 lv,
1803 4307 1917 4368 152»,
1952 4307 2045 4357 ubi
2071 4306 2139 4356 de
2173 4307 2256 4356 his
2284 4308 2443 4356 rebus
2476 4322 2565 4355 cx-

1483 4374 1719 4438 ponitur.
1793 4376 2017 4425 Minime
2063 4380 2247 4425 autem
2294 4375 2382 4425 hic
2418 4376 2569 4440 cogi-
