3109 5092
450 362 573 424 316
1312 357 1654 419 HEROD
1675 357 1848 419 ΟΤΙ

454 537 774 623 Περσέων
822 531 1149 621 δύναμιν,
1199 530 1317 601 τὸν
1358 532 1584 619 ἱκέτην
1628 534 1695 611 ἐς
1747 529 1904 602 τόδε
1956 529 2038 601 οὐ
2077 528 2576 620 τετολμήκαμεν
2607 531 2716 599 έκ-

456 637 755 722 διδόναι,
795 638 959 727 πρὶν
997 631 1084 705 ἀν
1119 632 1193 703 τὸ
1230 633 1361 704 ἀπὸ
1404 639 1528 704 σεῦ
1570 630 1731 723 ἡμῖν
1766 640 2046 727 δηλωθῇ
2081 632 2443 722 ἀτρεκέως,
2490 628 2717 703 ὁκότε-

457 772 540 832 ρα
582 741 934 829 ποιέωμεν.
998 735 1070 807 Ὁ
1109 738 1235 826 μὲν
1282 737 1895 826 ταῦτα-ἐπειρώτα,
1935 734 1970 809 ὁ
2010 736 2073 809 δ’
2124 730 2313 818 αὖτις
2350 735 2470 806 τὸν
2511 734 2721 806 αὐτόν

454 867 577 934 σφι
629 840 926 932 χρησμὸν
973 847 1241 930 ἔφαινε,
1287 841 1591 911 κελεύων
1633 842 1975 913 ἐκδιδόναι
2028 836 2354 929 Πακτύην
2398 841 2720 930 Πέρσῃσι.

458 946 622 1035 πρὸς
662 952 872 1015 ταῦτα
903 940 938 1015 ὁ
969 943 1417 1034 Ἀριστόδικος
1448 948 1522 1014 ἐκ
1564 953 1880 1035 προνοίης
1917 948 2135 1014 ἐποίεε
2177 945 2339 1014 τάδε
2362 965 2377 979 ·
2440 940 2724 1030 περιττὸν

454 1050 574 1121 τὸν
600 1049 768 1138 νηὸν
792 1049 1019 1141 κύκλῳ
1038 1101 1055 1134 ,
1100 1052 1353 1138 ἐξαίρεε
1382 1046 1536 1129 τούς
1563 1048 1975 1138 στρουθοὺς,
2005 1051 2118 1118 καὶ
2144 1046 2314 1119 ἄλλα
2341 1044 2465 1117 ὅσα
2489 1038 2576 1136 ἦν
2603 1074 2716 1114 νε-

457 1156 911 1240 νεοσσευμένα
947 1148 1253 1239 ὀρνίθων
1291 1153 1491 1240 γένεα
1536 1154 1613 1221 έν
1644 1157 1740 1245 τῷ
1782 1157 1943 1246 νηῷ.
2023 1152 2362 1231 ποιέοντος
2398 1149 2473 1219 δὲ
2512 1146 2724 1218 αὐτοῦ

460 1262 703 1340 ταῦτα,
735 1259 993 1343 λέγεται
1031 1249 1272 1343 φωνὴν
1302 1258 1376 1324 ἐκ
1403 1259 1524 1324 τοῦ
1550 1251 1807 1325 ἀδύτου
1832 1258 2153 1344 γενέσθαι
2172 1307 2190 1340 ,
2227 1257 2569 1343 φέρουσαν
2604 1252 2730 1340 μὲν

465 1357 630 1448 πρὸς
667 1355 785 1428 τὸν
822 1354 1313 1446 Ἀριστόδικον,
1374 1360 1706 1445 λέγουσαν
1750 1360 1825 1430 δὲ
1871 1357 2065 1429 τάδε·
2120 1355 2558 1428 Ἀνοσιώτατε
2602 1352 2722 1426 ἀν·

462 1461 796 1551 θρώπων,
832 1467 902 1528 τί
939 1459 1100 1529 τάδε
1129 1465 1372 1553 τολμᾷς
1399 1466 1688 1543 ποιέειν;
1729 1461 1884 1542 τούς
1912 1463 2130 1541 ἱκέτας
2156 1488 2287 1550 μου
2314 1463 2388 1530 έκ
2410 1463 2531 1528 τοῦ
2561 1463 2732 1547 νηοῦ
2837 1523 2858 1532 -

462 1571 819 1653 κεραΐζειςς
844 1559 1300 1652 Ἀριστόδικον
1329 1563 1404 1634 δὲ
1433 1561 1558 1634 οὐκ
1584 1562 2015 1655 ἀπορήσαντα
2044 1563 2207 1653 πρὸς
2242 1568 2729 1632 ταῦταἐίπετν·

467 1661 676 1754 ὦναξ,
722 1664 924 1747 αὐτὸς
960 1667 1087 1754 μὲν
1125 1662 1301 1736 οὕτω
1341 1682 1511 1737 τοῖσι
1563 1669 1815 1757 ἱκέτῃσι
1872 1669 2215 1757 βοηθέεις,
2269 1673 2617 1755 Κυμαίους
2658 1664 2736 1733 δὲ

469 1771 767 1851 κελεύεις
803 1768 920 1840 τὸν
947 1773 1173 1860 ἱκέτην
1199 1770 1576 1852 έκδιδόναις
1630 1771 1762 1842 Τὸν
1791 1772 1868 1843 δὲ
1895 1763 2087 1849 αὖτις
2111 1768 2530 1859 ἀμείψασθαι
2551 1783 2731 1838 τοῖσ-

472 1883 585 1946 δε·
630 1876 770 1944 Ναὶ
811 1872 1101 1957 κελεύω,
1158 1878 1273 1943 ἵνα
1308 1902 1385 1961 γε
1421 1871 1872 1963 ἀσεβήσαντες
1922 1878 2187 1951 θᾶσσον
2223 1871 2604 1961 ἀπόλησθε,
2649 1865 2738 1950 ὥς

471 1977 562 2068 μὴ
614 1976 690 2047 τὸ
737 1974 973 2047 λοιπὸν
1015 1979 1168 2062 περὶ
1216 1981 1492 2048 ἱκετέων
1540 1979 1840 2059 έκδόσίος
1881 1984 2126 2066 ἔλθητε
2158 1979 2284 2060 ,ἐπὶ
2331 1975 2406 2046 τὸ
2449 1972 2734 2064 χρηστή-

339 2092 457 2155 160
475 2108 644 2170 ριον.
713 2085 935 2147 Ταῦτα
963 2074 1051 2157 ὡς
1072 2078 1559 2168 ἀπενειχθέντα
1591 2078 1894 2170 ἤκουσαν
1922 2085 1992 2151 οἱ
2020 2089 2350 2168 Κυμαῖοι,
2379 2077 2462 2150 οὐ
2494 2075 2734 2168 βουλό-

472 2211 663 2273 μενοι
703 2177 859 2249 ου”τε
901 2179 1209 2260 ἐκδόντες
1261 2178 1670 2266 ἀπολέσθαι,
1734 2183 1889 2253 οὔτε
1940 2182 2086 2271 παρ’
2134 2185 2444 2252 ἑωυτοῖσι
2481 2188 2742 2269 ἔχοντες

473 2284 1029 2412 πολιορκέεσθαι,
1076 2286 1142 2364 ές
1178 2283 1588 2375 Μυτιλήνην
1613 2283 1823 2356 αὐτὸν
1858 2288 2290 2374 ἐκπέμπουσι.
2363 2291 2431 2355 οἱ
2467 2286 2545 2354 δὲ
2578 2292 2738 2353 Μυ-

473 2464 587 2524 est,
633 2474 789 2525 quem
824 2439 1046 2510 voeant.
1083 2457 1242 2510 Conf.
1280 2461 1327 2523 Ι,
1364 2458 1450 2510 53.
1489 2460 1559 2511 76

472 2531 605 2597 ibiq.
642 2533 757 2579 not.

544 2590 802 2664 χρησμὸν
857 2592 1134 2662 ἔφαινε]
1197 2595 1429 2663 φαίνειν
1475 2595 1560 2656 lde

475 2668 709 2720 oraculis
756 2667 989 2733 aliisque
1036 2668 1195 2718 rebus
1243 2668 1443 2718 futuris
1480 2667 1560 2716 in-

477 2737 753 2799 dicandis,
823 2753 959 2802 quas
1012 2743 1171 2788 vates
1225 2738 1407 2788 animo
1459 2752 1559 2787 suo

475 2806 774 2874 praevidet,
796 2807 1031 2871 indeque
1053 2812 1244 2870 aperta
1266 2806 1416 2857 clara
1436 2805 1560 2856 red-

477 2876 557 2926 dit
601 2873 825 2939 reliquis
882 2876 1222 2927 mortalibus.
1307 2878 1391 2927 Tu
1438 2875 1562 2925 vide

479 2945 543 2995 de
580 2945 687 2994 isto
728 2944 1114 2995 vocabulorum
1151 2961 1346 3010 genere
1381 2945 1564 3008 dispu-

477 3016 686 3064 tantem
721 3013 1047 3063 Creuzerum
1091 3015 1149 3063 in
1185 3013 1560 3079 Symbol.1V.

478 3099 604 3148 pag.
652 3079 758 3132 488
805 3082 891 3133 ed.
949 3086 1128 3148 quart.
1177 3110 1249 3119 —-
1293 3084 1359 3133 In
1411 3099 1562 3149 seqq.

479 3151 765 3202 formulam
784 3141 843 3200 ἔκ
866 3150 1147 3215 προνοίης
1175 3152 1369 3214 (dedita
1389 3168 1565 3215 opera,

479 3222 545 3271 de
575 3221 843 3278 industria,
881 3224 1131 3278 consulto,
1182 3237 1225 3272 s.
1276 3226 1337 3271 ut
1373 3221 1564 3273 Gallus

480 3290 717 3354 explieat
751 3291 1044 3355 interpres.
1094 3290 1157 3340 de
1204 3291 1405 3342 dessein
1448 3294 1570 3354 prd-

477 3360 678 3422 noedioe,
741 3360 894 3423 apr-&3
946 3360 1098 3411 s'dtre
1155 3360 1268 3410 bien
1319 3359 1567 3422 consulte)

478 3430 719 3479 illustrat
742 3429 1048 3480 Lareherus
1073 3429 1143 3480 ad
1166 3430 1220 3480 h.
1254 3429 1292 3480 l.
1323 3430 1409 3482 Gr.
1443 3446 1571 3481 con-

482 3500 592 3550 fert
633 3498 881 3549 Platonis
915 3499 1147 3550 Phaedr.
1197 3515 1323 3566 pag.
1362 3501 1459 3549 241
1501 3502 1569 3551 Ε.

480 3569 667 3633 ibique
722 3569 1010 3620 Heindorf.
1072 3585 1123 3634 p.
1180 3569 1283 3621 235
1341 3575 1396 3620 et
1449 3570 1571 3620 Ast.

481 3638 773 3789 Ραῗξαῗὲἓε
787 3721 923 3763 τους
947 3696 1291 3786 στρουθους,
1316 3701 1410 3755 καὶ
1431 3697 1573 3757 ἄλλα

482 3765 590 3894 ‘3:53
615 3765 1178 3911 ιῆἰζζῗῖῖῗέἷεέῒξὲἕί
1197 3765 1573 3895 ῗὲἔέἷὲἓᾍῖἔ

485 3913 628 3964 dorf.
662 3915 846 3964 Praef.
896 3930 952 3978 p.
1000 3915 1100 3965 XI.
1147 3918 1203 3965 et
1244 3915 1478 3966 Bredov.
1515 3930 1572 3979 p.

488 3983 620 4043 215,
672 3987 734 4032 ut
790 3982 991 4033 dudum
1044 3984 1316 4034 voluerat
1354 3986 1575 4048 Portus,

486 4051 948 4131 νενεοσσευμένα
987 4068 1084 4119 pro
1143 4052 1576 4117 νενοσσευμένα.

485 4113 623 4176 τούς
661 4112 990 4184 στρουθοὺς
1038 4121 1341 4173 masculino
1378 4139 1578 4188 genere

487 4189 555 4239 de
587 4189 901 4255 passeribus
938 4192 1125 4255 parvis
1156 4191 1265 4240 diei
1295 4196 1455 4242 reete
1469 4208 1580 4243 mo-

488 4259 609 4309 nuit
644 4258 879 4311 Bredov.
905 4275 961 4324 p.
989 4259 1111 4310 276.
1186 4259 1268 4309 Ad
1300 4277 1583 4325 argumen-

492 4333 605 4378 tum
663 4329 808 4379 eonf.
863 4328 1078 4379 Aeliani
1132 4328 1261 4379 Var.
1309 4330 1456 4381 Hist.
1506 4331 1578 4394 V,

498 4398 578 4462 17,
616 4398 711 4448 ubi
746 4398 1106 4449 Athenienses
1156 4397 1386 4464 legimus
1423 4400 1584 4451 Atar-

1659 2462 1782 2511 bem
1813 2461 1974 2512 morti
2006 2458 2329 2521 tradidisse,
2378 2459 2634 2523 quoniam
2667 2453 2746 2507 ἱε·

1664 2522 1768 2594 ρὸν
1813 2522 2107 2592 στρουθὸν
2154 2530 2212 2578 in
2252 2527 2564 2592 Aesculapii
2607 2532 2743 2577 tem·

1659 2601 1752 2665 plo
1788 2601 1929 2651 male
1957 2602 2312 2650 tractaverat.
2384 2597 2540 2648 Oonf.
2577 2597 2744 2647 etiam

1661 2670 1796 2722 ibid.
1833 2670 1993 2731 XIII,
2030 2669 2093 2721 31
2134 2671 2191 2718 et
2236 2669 2540 2732 interprett.
2582 2666 2652 2717 ad
2687 2665 2742 2716 h.

1663 2740 1702 2790 l.
1772 2741 1888 2791 Nee
1935 2739 2076 2789 aliae
2119 2739 2401 2800 nationes,
2453 2735 2746 2787 orientales

1663 2811 2032 2873 potissimum,
2091 2806 2294 2857 liberae
2338 2807 2445 2856 hae
2489 2806 2747 2871 supersti-

1664 2880 1841 2940 tione,
1879 2894 1988 2943 qua
2023 2892 2153 2928 aves
2197 2875 2511 2941 (praecipue
2549 2875 2750 2927 colum-

1664 2950 1809 3011 bas),
1847 2963 1986 3013 quae
2034 2946 2103 2996 ad
2146 2945 2351 3010 templa
2391 2944 2546 2995 nidos
2587 2944 2749 2996 eollo-

1666 3024 1888 3080 camut,
1927 3015 2193 3083 expellere
2217 3020 2312 3066 ent
2336 3013 2642 3066 interficere
2660 3030 2751 3064 ve·

1666 3092 1818 3150 tant,
1870 3102 2073 3152 easque
2116 3083 2439 3150 tranquillas
2484 3088 2540 3133 et
2581 3086 2753 3134 intur-

1665 3158 1825 3208 batas
1856 3158 2033 3207 sinere
2055 3155 2270 3214 iubent,
2302 3154 2499 3220 quippe
2518 3154 2620 3203 sub
2646 3153 2750 3214 dei,

1667 3229 1757 3277 eui
1790 3227 1955 3278 aedes
1991 3226 2179 3276 dicata
2211 3228 2322 3286 est,
2370 3221 2546 3273 tutela
2590 3220 2755 3273 eollo-

1670 3302 1847 3348 eatas.
1920 3294 2223 3355 Laudavit,
2271 3308 2413 3357 quae
2446 3292 2552 3342 hue
2588 3291 2756 3356 perti-

1672 3370 1831 3429 nent,
1883 3364 2184 3415 Creuzerus
2230 3363 2287 3412 in
2335 3362 2632 3427 Symbolie.
2676 3361 2753 3411 II.

1672 3452 1801 3501 pag.
1850 3433 1953 3486 398
2004 3433 2090 3484 ed.
2142 3437 2320 3497 quart.
2375 3461 2440 3471 —
2483 3431 2549 3480 In
2566 3445 2754 3511 seqq.

1661 3494 1882 3587 φωνὴν
1905 3533 1977 3543 -—
2009 3498 2302 3565 φέρουσαν
2334 3496 2440 3565 μὲν
2475 3490 2621 3564 πρὸς
2653 3491 2757 3548 τὸν

1661 3565 2048 3637 Ἀριστόδικον
2073 3569 2321 3636 intellige
2335 3585 2525 3621 vocem
2546 3569 2618 3620 ad
2640 3570 2759 3620 Ari-

1673 3642 1944 3695 stodieum
1976 3656 2293 3703 conversana,
2332 3641 2587 3690 directam.

1745 3708 1843 3760 ἵνα
1911 3728 1944 3775 γ
1966 3726 1991 3760 ε
2061 3676 2456 3774 ἀσεβήσαντες]
2532 3708 2758 3771 Stegero

1675 3782 1860 3833 Praef.
1910 3781 1980 3832 ad
2023 3780 2231 3830 Herod.
2268 3794 2324 3842 p.
2362 3778 2430 3827 X.
2467 3777 2640 3839 magis
2694 3790 2760 3825 ex

1676 3850 1934 3931 loquendi
1959 3866 2064 3901 usu
2083 3846 2354 3900 Herodoti
2378 3845 2622 3894 videtur·
2664 3840 2763 3892 ἵνα

1678 3934 1746 3969 τε
1780 3911 2175 3986 ἀσεβήσαντες.
2248 3913 2406 3979 Quod
2438 3918 2640 3976 tamen,
2677 3930 2764 3964 me

1679 3993 1934 4053 auctore,
1973 3988 2191 4038 minime
2225 3985 2611 4051 recipiendum.

2056 4158 2190 4209 Car.
2230 4157 2390 4209 CLX.

1753 4251 1808 4319 ές
1842 4252 2186 4326 Μυτιλήνην
2220 4291 2293 4300 --
2324 4251 2384 4307 οἱ
2415 4253 2480 4308 δὲ
2513 4254 2768 4317 Μυτιλη-

1684 4328 1859 4395 ναῖοι]
1910 4332 1992 4380 De
2037 4330 2192 4382 vocis
2240 4328 2515 4392 scriptura
2561 4326 2771 4387 egimus

1683 4400 1753 4450 ad
1791 4401 1837 4462 1,
1880 4399 2398 4451 27.—-Universam
2434 4395 2626 4448 Nostri
2648 4408 2772 4445 nar-
