<?xml version="1.0" encoding="UTF-8"?>
<!DOCTYPE html PUBLIC "-//W3C//DTD XHTML 1.0 Transitional//EN"
    "http://www.w3.org/TR/xhtml1/DTD/xhtml1-transitional.dtd">
<html xmlns="http://www.w3.org/1999/xhtml" xml:lang="en" lang="en">
 <head>
  <title>
</title>
<meta http-equiv="Content-Type" content="text/html;charset=utf-8" />
  <meta name='ocr-system' content='tesseract 3.04.00' />
  <meta name='ocr-capabilities' content='ocr_page ocr_carea ocr_par ocr_line ocrx_word'/>
</head>
<body>
  <div class='ocr_page' id='page_1' title='image "./herodotihalicar02unkngoog_0668.png"; bbox 0 0 3109 5092; ppageno 0'>
   <div class='ocr_carea' id='block_1_1' title="bbox 355 947 614 1010">
    <p class='ocr_par' dir='ltr' id='par_1_1' title="bbox 355 947 614 1010">
     <span class='ocr_line' id='line_1_1' title="bbox 355 947 614 1010; baseline 0 -3"><span class='ocrx_word' id='word_1_1' title='bbox 355 947 460 1008; x_wconf 82' lang='lat'><strong>¹01</strong></span> <span class='ocrx_word' id='word_1_2' title='bbox 487 968 614 1010; x_wconf 90' lang='grc' dir='ltr'><strong><em>ται.</em></strong></span> 
     </span>
    </p>
   </div>
   <div class='ocr_carea' id='block_1_2' title="bbox 465 246 589 310">
    <p class='ocr_par' dir='ltr' id='par_1_2' title="bbox 465 246 589 310">
     <span class='ocr_line' id='line_1_2' title="bbox 465 246 589 310; baseline -0.024 0"><span class='ocrx_word' id='word_1_3' title='bbox 465 246 589 310; x_wconf 84' lang='grc'><strong>648</strong></span> 
     </span>
    </p>
   </div>
   <div class='ocr_carea' id='block_1_3' title="bbox 1335 242 1869 305">
    <p class='ocr_par' dir='ltr' id='par_1_3' title="bbox 1335 242 1869 305">
     <span class='ocr_line' id='line_1_3' title="bbox 1335 242 1869 305; baseline -0.004 -1"><span class='ocrx_word' id='word_1_4' title='bbox 1335 242 1869 305; x_wconf 85' lang='lat' dir='ltr'><strong>HERODOTI</strong></span> 
     </span>
    </p>
   </div>
   <div class='ocr_carea' id='block_1_4' title="bbox 481 414 2774 925">
    <p class='ocr_par' dir='ltr' id='par_1_4' title="bbox 481 414 2774 925">
     <span class='ocr_line' id='line_1_4' title="bbox 484 414 2769 516; baseline -0.003 -24"><span class='ocrx_word' id='word_1_5' title='bbox 484 428 935 516; x_wconf 80' lang='grc' dir='ltr'><strong><em>μηχανᾶσθαι.</em></strong></span> <span class='ocrx_word' id='word_1_6' title='bbox 1009 421 1389 489; x_wconf 82' lang='grc' dir='ltr'><strong><em>καλέσασαν</em></strong></span> <span class='ocrx_word' id='word_1_7' title='bbox 1417 422 1499 489; x_wconf 81' lang='grc' dir='ltr'><strong><em>δέ</em></strong></span> <span class='ocrx_word' id='word_1_8' title='bbox 1530 447 1650 508; x_wconf 88' lang='grc' dir='ltr'><strong>μιν</strong></span> <span class='ocrx_word' id='word_1_9' title='bbox 1666 424 2064 505; x_wconf 76' lang='grc' dir='ltr'><em>Αἰγυπτίων</em></span> <span class='ocrx_word' id='word_1_10' title='bbox 2093 414 2249 498; x_wconf 82' lang='grc' dir='ltr'><strong><em>τούς</em></strong></span> <span class='ocrx_word' id='word_1_11' title='bbox 2288 416 2573 506; x_wconf 73' lang='grc' dir='ltr'><strong><em>μάλιστα</em></strong></span> <span class='ocrx_word' id='word_1_12' title='bbox 2600 445 2769 505; x_wconf 82' lang='grc' dir='ltr'><strong><em>μετ-</em></strong></span> 
     </span>
     <span class='ocr_line' id='line_1_5' title="bbox 481 519 2774 613; baseline -0.003 -15"><span class='ocrx_word' id='word_1_13' title='bbox 481 533 743 606; x_wconf 88' lang='grc' dir='ltr'><strong><em>αιτίους</em></strong></span> <span class='ocrx_word' id='word_1_14' title='bbox 807 530 930 594; x_wconf 86' lang='grc' dir='ltr'><strong>τοῦ</strong></span> <span class='ocrx_word' id='word_1_15' title='bbox 991 522 1211 613; x_wconf 88' lang='grc' dir='ltr'><strong><em>φόνου</em></strong></span> <span class='ocrx_word' id='word_1_16' title='bbox 1256 520 1448 612; x_wconf 82' lang='grc' dir='ltr'><strong><em>ᾔδεε,</em></strong></span> <span class='ocrx_word' id='word_1_17' title='bbox 1503 519 1793 602; x_wconf 77' lang='grc' dir='ltr'><strong><em>πολλοὺς</em></strong></span> <span class='ocrx_word' id='word_1_18' title='bbox 1837 526 2089 591; x_wconf 73' lang='grc' dir='ltr'><strong><em>ἱστιᾶν·</em></strong></span> <span class='ocrx_word' id='word_1_19' title='bbox 2177 524 2643 611; x_wconf 79' lang='grc' dir='ltr'><strong><em>δαινυμένοισι</em></strong></span> <span class='ocrx_word' id='word_1_20' title='bbox 2688 522 2774 591; x_wconf 75' lang='grc' dir='ltr'><strong><em>δὲ</em></strong></span> 
     </span>
     <span class='ocr_line' id='line_1_6' title="bbox 484 622 2772 716; baseline -0.003 -15"><span class='ocrx_word' id='word_1_21' title='bbox 484 634 744 702; x_wconf 80' lang='grc' dir='ltr'><strong><em>ἐπεῖναι</em></strong></span> <span class='ocrx_word' id='word_1_22' title='bbox 786 626 906 698; x_wconf 84' lang='grc' dir='ltr'><strong>τὸν</strong></span> <span class='ocrx_word' id='word_1_23' title='bbox 936 623 1239 715; x_wconf 80' lang='grc' dir='ltr'><strong><em>ποταμὸν</em></strong></span> <span class='ocrx_word' id='word_1_24' title='bbox 1275 623 1368 696; x_wconf 88' lang='grc' dir='ltr'><strong><em>δι’</em></strong></span> <span class='ocrx_word' id='word_1_25' title='bbox 1405 622 1711 706; x_wconf 74' lang='grc' dir='ltr'><strong><em>αὐλῶνος</em></strong></span> <span class='ocrx_word' id='word_1_26' title='bbox 1750 625 2055 716; x_wconf 78' lang='grc' dir='ltr'><strong><em>κ’ρυπτοῦ</em></strong></span> <span class='ocrx_word' id='word_1_27' title='bbox 2104 625 2422 713; x_wconf 75' lang='grc' dir='ltr'><em>μεγάλου.</em></span> <span class='ocrx_word' id='word_1_28' title='bbox 2515 623 2772 713; x_wconf 80' lang='grc' dir='ltr'><strong><em>ταύτης</em></strong></span> 
     </span>
     <span class='ocr_line' id='line_1_7' title="bbox 485 724 2763 824; baseline -0.003 -21"><span class='ocrx_word' id='word_1_29' title='bbox 485 733 612 824; x_wconf 70' lang='grc' dir='ltr'><strong>μὲν</strong></span> <span class='ocrx_word' id='word_1_30' title='bbox 641 736 794 821; x_wconf 84' lang='grc' dir='ltr'><strong><em>πέρι</em></strong></span> <span class='ocrx_word' id='word_1_31' title='bbox 823 736 1112 801; x_wconf 84' lang='grc' dir='ltr'><strong><em>τοσαῦτα</em></strong></span> <span class='ocrx_word' id='word_1_32' title='bbox 1150 735 1414 816; x_wconf 76' lang='grc' dir='ltr'><strong><em>ἔλεγον·</em></strong></span> <span class='ocrx_word' id='word_1_33' title='bbox 1472 727 1651 818; x_wconf 85' lang='grc' dir='ltr'><strong><em>πλὴν</em></strong></span> <span class='ocrx_word' id='word_1_34' title='bbox 1678 726 1779 798; x_wconf 79' lang='grc' dir='ltr'><strong><em>ὅτι</em></strong></span> <span class='ocrx_word' id='word_1_35' title='bbox 1808 726 2023 817; x_wconf 87' lang='grc' dir='ltr'><strong><em>αὐτήν</em></strong></span> <span class='ocrx_word' id='word_1_36' title='bbox 2050 756 2201 817; x_wconf 90' lang='grc' dir='ltr'><strong><em>μιν,</em></strong></span> <span class='ocrx_word' id='word_1_37' title='bbox 2236 724 2325 808; x_wconf 76' lang='grc' dir='ltr'><strong><em>ὥς</em></strong></span> <span class='ocrx_word' id='word_1_38' title='bbox 2352 733 2549 798; x_wconf 84' lang='grc' dir='ltr'><strong><em>τοῦτο</em></strong></span> <span class='ocrx_word' id='word_1_39' title='bbox 2576 731 2763 815; x_wconf 78' lang='grc' dir='ltr'><strong><em>ἐξέρ-</em></strong></span> 
     </span>
     <span class='ocr_line' id='line_1_8' title="bbox 487 829 2761 925; baseline -0.004 -19"><span class='ocrx_word' id='word_1_40' title='bbox 487 857 722 925; x_wconf 79' lang='grc' dir='ltr'><strong><em>γαστο,</em></strong></span> <span class='ocrx_word' id='word_1_41' title='bbox 780 838 973 925; x_wconf 70' lang='grc' dir='ltr'><strong><em>ῥῖψαι</em></strong></span> <span class='ocrx_word' id='word_1_42' title='bbox 997 837 1064 913; x_wconf 82' lang='grc' dir='ltr'><strong><em>ἐς</em></strong></span> <span class='ocrx_word' id='word_1_43' title='bbox 1091 843 1336 922; x_wconf 75' lang='grc' dir='ltr'><strong><em>οἴκημα</em></strong></span> <span class='ocrx_word' id='word_1_44' title='bbox 1368 838 1631 902; x_wconf 80' lang='grc' dir='ltr'><strong><em>σποδοῦ</em></strong></span> <span class='ocrx_word' id='word_1_45' title='bbox 1657 835 1885 917; x_wconf 80' lang='grc' dir='ltr'><strong><em>πλέον,</em></strong></span> <span class='ocrx_word' id='word_1_46' title='bbox 1917 830 2089 911; x_wconf 81' lang='grc' dir='ltr'><strong><em>ὅκως</em></strong></span> <span class='ocrx_word' id='word_1_47' title='bbox 2117 829 2529 920; x_wconf 78' lang='grc' dir='ltr'><strong><em>ἀτιμώρητος</em></strong></span> <span class='ocrx_word' id='word_1_48' title='bbox 2558 835 2761 920; x_wconf 79' lang='grc' dir='ltr'><strong><em>γένη-</em></strong></span> 
     </span>
    </p>
   </div>
   <div class='ocr_carea' id='block_1_5' title="bbox 709 932 2769 1024">
    <p class='ocr_par' dir='ltr' id='par_1_5' title="bbox 709 932 2769 1024">
     <span class='ocr_line' id='line_1_9' title="bbox 709 932 2769 1024; baseline -0.002 -18"><span class='ocrx_word' id='word_1_49' title='bbox 709 943 860 1006; x_wconf 76' lang='grc' dir='ltr'><strong><em>Τῶν</em></strong></span> <span class='ocrx_word' id='word_1_50' title='bbox 889 936 964 1005; x_wconf 71' lang='grc' dir='ltr'><strong><em>δὲ</em></strong></span> <span class='ocrx_word' id='word_1_51' title='bbox 990 934 1217 1006; x_wconf 76' lang='grc' dir='ltr'><strong><em>ἄλλων</em></strong></span> <span class='ocrx_word' id='word_1_52' title='bbox 1251 938 1611 1024; x_wconf 79' lang='grc' dir='ltr'><strong><em>βασιλέων,</em></strong></span> <span class='ocrx_word' id='word_1_53' title='bbox 1651 932 1733 1004; x_wconf 86' lang='grc' dir='ltr'><strong><em>οὐ</em></strong></span> <span class='ocrx_word' id='word_1_54' title='bbox 1762 932 1893 1023; x_wconf 75' lang='grc' dir='ltr'><strong>γὰρ</strong></span> <span class='ocrx_word' id='word_1_55' title='bbox 1921 940 2154 1022; x_wconf 80' lang='grc' dir='ltr'><strong><em>ἔλεγον</em></strong></span> <span class='ocrx_word' id='word_1_56' title='bbox 2180 932 2510 1022; x_wconf 79' lang='grc' dir='ltr'><strong><em>οὐδεμίαν</em></strong></span> <span class='ocrx_word' id='word_1_57' title='bbox 2540 940 2769 1021; x_wconf 80' lang='grc' dir='ltr'><strong><em>ἔργων</em></strong></span> 
     </span>
    </p>
   </div>
   <div class='ocr_carea' id='block_1_6' title="bbox 481 1035 2763 1127">
    <p class='ocr_par' dir='ltr' id='par_1_6' title="bbox 481 1035 2763 1127">
     <span class='ocr_line' id='line_1_10' title="bbox 481 1035 2763 1127; baseline -0.003 -14"><span class='ocrx_word' id='word_1_58' title='bbox 481 1040 836 1124; x_wconf 76' lang='grc' dir='ltr'><strong><em>ἀπόδεξιν,</em></strong></span> <span class='ocrx_word' id='word_1_59' title='bbox 877 1037 1027 1108; x_wconf 85' lang='grc' dir='ltr'><strong><em>κατ’</em></strong></span> <span class='ocrx_word' id='word_1_60' title='bbox 1074 1036 1281 1108; x_wconf 77' lang='grc' dir='ltr'><strong><em>οὐδὲν</em></strong></span> <span class='ocrx_word' id='word_1_61' title='bbox 1310 1037 1483 1107; x_wconf 84' lang='grc' dir='ltr'><strong><em>εἶναι</em></strong></span> <span class='ocrx_word' id='word_1_62' title='bbox 1519 1038 1999 1127; x_wconf 76' lang='grc' dir='ltr'><strong><em>λαμπρότητος,</em></strong></span> <span class='ocrx_word' id='word_1_63' title='bbox 2030 1036 2208 1127; x_wconf 85' lang='grc' dir='ltr'><strong><em>πλὴν</em></strong></span> <span class='ocrx_word' id='word_1_64' title='bbox 2235 1035 2386 1118; x_wconf 81' lang='grc' dir='ltr'><strong><em>ἑνὸς</em></strong></span> <span class='ocrx_word' id='word_1_65' title='bbox 2415 1043 2537 1106; x_wconf 85' lang='grc' dir='ltr'><strong>τοῦ</strong></span> <span class='ocrx_word' id='word_1_66' title='bbox 2565 1038 2763 1126; x_wconf 74' lang='grc' dir='ltr'><strong><em>ἐσχά-</em></strong></span> 
     </span>
    </p>
   </div>
   <div class='ocr_carea' id='block_1_7' title="bbox 483 1230 1576 2757">
    <p class='ocr_par' dir='ltr' id='par_1_7' title="bbox 483 1230 1576 2757">
     <span class='ocr_line' id='line_1_11' title="bbox 484 1230 1571 1303; baseline -0.009 -8"><span class='ocrx_word' id='word_1_67' title='bbox 484 1246 605 1295; x_wconf 86' lang='lat' dir='ltr'><strong>Hoc</strong></span> <span class='ocrx_word' id='word_1_68' title='bbox 641 1242 758 1292; x_wconf 83' lang='lat' dir='ltr'><strong>fere</strong></span> <span class='ocrx_word' id='word_1_69' title='bbox 794 1255 958 1290; x_wconf 86' lang='lat' dir='ltr'><strong>sensu</strong></span> <span class='ocrx_word' id='word_1_70' title='bbox 995 1236 1209 1303; x_wconf 77' lang='grc' dir='ltr'><strong><em>οἴκημα</em></strong></span> <span class='ocrx_word' id='word_1_71' title='bbox 1240 1230 1307 1287; x_wconf 70' lang='grc' dir='ltr'><strong>’ἐν</strong></span> <span class='ocrx_word' id='word_1_72' title='bbox 1336 1234 1571 1301; x_wconf 70' lang='grc' dir='ltr'><strong><em>κατιρῶ-</em></strong></span> 
     </span>
     <span class='ocr_line' id='line_1_12' title="bbox 483 1307 1571 1374; baseline -0.007 -11"><span class='ocrx_word' id='word_1_73' title='bbox 483 1326 577 1363; x_wconf 86' lang='grc' dir='ltr'><strong>σαι</strong></span> <span class='ocrx_word' id='word_1_74' title='bbox 615 1312 662 1374; x_wconf 87' lang='grc' dir='ltr'><strong>Ι,</strong></span> <span class='ocrx_word' id='word_1_75' title='bbox 704 1309 804 1361; x_wconf 82' lang='grc'><strong>164</strong></span> <span class='ocrx_word' id='word_1_76' title='bbox 836 1308 959 1359; x_wconf 88' lang='lat' dir='ltr'><strong>coll.</strong></span> <span class='ocrx_word' id='word_1_77' title='bbox 984 1307 1143 1370; x_wconf 88' lang='lat' dir='ltr'><strong>VIII,</strong></span> <span class='ocrx_word' id='word_1_78' title='bbox 1186 1309 1302 1358; x_wconf 81' lang='lat'><strong>144.</strong></span> <span class='ocrx_word' id='word_1_79' title='bbox 1339 1337 1410 1347; x_wconf 89' lang='lat'><strong>—</strong></span> <span class='ocrx_word' id='word_1_80' title='bbox 1444 1322 1571 1356; x_wconf 86' lang='grc' dir='ltr'><strong><em>ποι-</em></strong></span> 
     </span>
     <span class='ocr_line' id='line_1_13' title="bbox 487 1378 1573 1441; baseline -0.006 -10"><span class='ocrx_word' id='word_1_81' title='bbox 487 1378 682 1431; x_wconf 78' lang='grc' dir='ltr'><strong><em>εῖσθαι</em></strong></span> <span class='ocrx_word' id='word_1_82' title='bbox 717 1379 807 1429; x_wconf 83' lang='lat' dir='ltr'><strong>hic</strong></span> <span class='ocrx_word' id='word_1_83' title='bbox 840 1381 924 1428; x_wconf 86' lang='lat' dir='ltr'><strong>est</strong></span> <span class='ocrx_word' id='word_1_84' title='bbox 955 1378 1244 1441; x_wconf 72' lang='lat' dir='ltr'><strong>sacitmdmn</strong></span> <span class='ocrx_word' id='word_1_85' title='bbox 1264 1392 1451 1427; x_wconf 81' lang='lat' dir='ltr'><strong>curm-e</strong></span> <span class='ocrx_word' id='word_1_86' title='bbox 1479 1379 1573 1426; x_wconf 76' lang='lat' dir='ltr'><strong>ali-</strong></span> 
     </span>
     <span class='ocr_line' id='line_1_14' title="bbox 484 1444 1571 1516; baseline -0.004 -17"><span class='ocrx_word' id='word_1_87' title='bbox 484 1449 629 1516; x_wconf 80' lang='lat' dir='ltr'><strong>quid,</strong></span> <span class='ocrx_word' id='word_1_88' title='bbox 668 1447 779 1498; x_wconf 87' lang='lat' dir='ltr'><strong>vid.</strong></span> <span class='ocrx_word' id='word_1_89' title='bbox 818 1446 864 1509; x_wconf 90' lang='grc' dir='ltr'><strong>Ι,</strong></span> <span class='ocrx_word' id='word_1_90' title='bbox 896 1445 960 1498; x_wconf 87' lang='grc'><strong>31</strong></span> <span class='ocrx_word' id='word_1_91' title='bbox 996 1446 1128 1512; x_wconf 89' lang='lat' dir='ltr'><strong>ibiq.</strong></span> <span class='ocrx_word' id='word_1_92' title='bbox 1166 1449 1307 1497; x_wconf 86' lang='lat' dir='ltr'><strong>nott.</strong></span> <span class='ocrx_word' id='word_1_93' title='bbox 1343 1445 1419 1507; x_wconf 91' lang='grc' dir='ltr'><strong>ΙΙ,</strong></span> <span class='ocrx_word' id='word_1_94' title='bbox 1452 1444 1571 1496; x_wconf 83' lang='grc'><strong>135.</strong></span> 
     </span>
     <span class='ocr_line' id='line_1_15' title="bbox 488 1514 1571 1580; baseline -0.006 -10"><span class='ocrx_word' id='word_1_95' title='bbox 488 1517 608 1571; x_wconf 83' lang='grc'><strong>148.</strong></span> <span class='ocrx_word' id='word_1_96' title='bbox 639 1516 828 1568; x_wconf 86' lang='lat' dir='ltr'><strong>Gallus</strong></span> <span class='ocrx_word' id='word_1_97' title='bbox 862 1514 1003 1565; x_wconf 85' lang='lat' dir='ltr'><strong>alter</strong></span> <span class='ocrx_word' id='word_1_98' title='bbox 1038 1516 1302 1580; x_wconf 70' lang='lat' dir='ltr'>interpres</span> <span class='ocrx_word' id='word_1_99' title='bbox 1321 1515 1481 1564; x_wconf 87' lang='lat' dir='ltr'><strong>Miot.</strong></span> <span class='ocrx_word' id='word_1_100' title='bbox 1515 1514 1571 1562; x_wconf 90' lang='lat' dir='ltr'><strong>in</strong></span> 
     </span>
     <span class='ocr_line' id='line_1_16' title="bbox 485 1584 1572 1653; baseline -0.005 -16"><span class='ocrx_word' id='word_1_101' title='bbox 485 1587 701 1653; x_wconf 80' lang='lat' dir='ltr'><strong>vulgari</strong></span> <span class='ocrx_word' id='word_1_102' title='bbox 733 1585 1183 1649; x_wconf 79' lang='lat' dir='ltr'><strong>interpretatione</strong></span> <span class='ocrx_word' id='word_1_103' title='bbox 1211 1584 1467 1649; x_wconf 81' lang='lat' dir='ltr'><strong>perstitit,</strong></span> <span class='ocrx_word' id='word_1_104' title='bbox 1505 1597 1572 1633; x_wconf 86' lang='lat' dir='ltr'><strong>ex</strong></span> 
     </span>
     <span class='ocr_line' id='line_1_17' title="bbox 486 1650 1574 1724; baseline -0.005 -17"><span class='ocrx_word' id='word_1_105' title='bbox 486 1673 593 1724; x_wconf 86' lang='lat' dir='ltr'><strong>qua</strong></span> <span class='ocrx_word' id='word_1_106' title='bbox 631 1655 769 1706; x_wconf 88' lang='lat' dir='ltr'><strong>bene</strong></span> <span class='ocrx_word' id='word_1_107' title='bbox 808 1656 887 1705; x_wconf 88' lang='lat' dir='ltr'><strong>sic</strong></span> <span class='ocrx_word' id='word_1_108' title='bbox 918 1654 1098 1705; x_wconf 90' lang='lat' dir='ltr'><strong>locum</strong></span> <span class='ocrx_word' id='word_1_109' title='bbox 1132 1653 1394 1703; x_wconf 83' lang='lat' dir='ltr'><strong>reddidit:</strong></span> <span class='ocrx_word' id='word_1_110' title='bbox 1433 1650 1574 1716; x_wconf 90' lang='lat' dir='ltr'><strong>„elle</strong></span> 
     </span>
     <span class='ocr_line' id='line_1_18' title="bbox 489 1722 1575 1789; baseline -0.007 -11"><span class='ocrx_word' id='word_1_111' title='bbox 489 1727 551 1778; x_wconf 83' lang='lat' dir='ltr'><strong>fit</strong></span> <span class='ocrx_word' id='word_1_112' title='bbox 586 1726 734 1776; x_wconf 87' lang='lat' dir='ltr'><strong>batir</strong></span> <span class='ocrx_word' id='word_1_113' title='bbox 777 1739 884 1775; x_wconf 91' lang='lat' dir='ltr'><strong>une</strong></span> <span class='ocrx_word' id='word_1_114' title='bbox 933 1723 1078 1775; x_wconf 82' lang='lat' dir='ltr'><strong>faste</strong></span> <span class='ocrx_word' id='word_1_115' title='bbox 1118 1722 1324 1789; x_wconf 81' lang='lat' dir='ltr'><strong>galerie</strong></span> <span class='ocrx_word' id='word_1_116' title='bbox 1367 1727 1575 1772; x_wconf 84' lang='lat' dir='ltr'><strong>scuter-</strong></span> 
     </span>
     <span class='ocr_line' id='line_1_19' title="bbox 488 1790 1575 1860; baseline -0.006 -14"><span class='ocrx_word' id='word_1_117' title='bbox 488 1797 667 1856; x_wconf 86' lang='lat' dir='ltr'><strong>raiue,</strong></span> <span class='ocrx_word' id='word_1_118' title='bbox 705 1792 1019 1860; x_wconf 71' lang='lat' dir='ltr'><strong>pretextant</strong></span> <span class='ocrx_word' id='word_1_119' title='bbox 1059 1790 1288 1859; x_wconf 83' lang='lat' dir='ltr'><strong>quelque</strong></span> <span class='ocrx_word' id='word_1_120' title='bbox 1323 1806 1575 1843; x_wconf 85' lang='lat' dir='ltr'><strong>nouveau</strong></span> 
     </span>
     <span class='ocr_line' id='line_1_20' title="bbox 485 1861 1576 1932; baseline -0.006 -15"><span class='ocrx_word' id='word_1_121' title='bbox 485 1864 666 1932; x_wconf 85' lang='lat' dir='ltr'><strong>projet</strong></span> <span class='ocrx_word' id='word_1_122' title='bbox 701 1864 768 1914; x_wconf 92' lang='lat' dir='ltr'><strong>de</strong></span> <span class='ocrx_word' id='word_1_123' title='bbox 799 1868 1060 1925; x_wconf 82' lang='lat' dir='ltr'><strong>travaux,</strong></span> <span class='ocrx_word' id='word_1_124' title='bbox 1110 1861 1433 1928; x_wconf 88' lang='lat' dir='ltr'><strong>quoiqu&#39;elle</strong></span> <span class='ocrx_word' id='word_1_125' title='bbox 1480 1861 1576 1910; x_wconf 72' lang='lat' dir='ltr'><strong>etit</strong></span> 
     </span>
     <span class='ocr_line' id='line_1_21' title="bbox 487 1928 1575 1995; baseline -0.006 -9"><span class='ocrx_word' id='word_1_126' title='bbox 487 1931 668 1986; x_wconf 68' lang='lat' dir='ltr'><strong>arretd</strong></span> <span class='ocrx_word' id='word_1_127' title='bbox 717 1934 752 1983; x_wconf 71' lang='lat' dir='ltr'><strong>a</strong></span> <span class='ocrx_word' id='word_1_128' title='bbox 794 1931 1042 1983; x_wconf 82' lang='lat' dir='ltr'><strong>l&#39;avance</strong></span> <span class='ocrx_word' id='word_1_129' title='bbox 1085 1929 1278 1994; x_wconf 79' lang='lat' dir='ltr'><strong>l&#39;obJet</strong></span> <span class='ocrx_word' id='word_1_130' title='bbox 1330 1945 1403 1980; x_wconf 91' lang='lat' dir='ltr'><strong>au</strong></span> <span class='ocrx_word' id='word_1_131' title='bbox 1449 1928 1575 1995; x_wconf 90' lang='lat' dir='ltr'><strong>quel</strong></span> 
     </span>
     <span class='ocr_line' id='line_1_22' title="bbox 488 1998 1570 2054; baseline -0.006 0"><span class='ocrx_word' id='word_1_132' title='bbox 488 2004 590 2054; x_wconf 90' lang='lat' dir='ltr'><strong>elle</strong></span> <span class='ocrx_word' id='word_1_133' title='bbox 633 2002 690 2052; x_wconf 89' lang='lat' dir='ltr'><strong>la</strong></span> <span class='ocrx_word' id='word_1_134' title='bbox 747 2001 1068 2051; x_wconf 75' lang='lat' dir='ltr'><strong>destinuit.“</strong></span> <span class='ocrx_word' id='word_1_135' title='bbox 1119 2026 1190 2037; x_wconf 91' lang='lat'>—</span> <span class='ocrx_word' id='word_1_136' title='bbox 1234 1998 1320 2050; x_wconf 81' lang='lat' dir='ltr'><strong>Ad</strong></span> <span class='ocrx_word' id='word_1_137' title='bbox 1375 1998 1570 2049; x_wconf 82' lang='lat' dir='ltr'><strong>verba:</strong></span> 
     </span>
     <span class='ocr_line' id='line_1_23' title="bbox 489 2063 1573 2133; baseline -0.004 -12"><span class='ocrx_word' id='word_1_138' title='bbox 489 2070 804 2121; x_wconf 74' lang='grc' dir='ltr'><strong><em>καλέσασαν</em></strong></span> <span class='ocrx_word' id='word_1_139' title='bbox 840 2063 915 2118; x_wconf 64' lang='grc' dir='ltr'><strong><em>δὲ</em></strong></span> <span class='ocrx_word' id='word_1_140' title='bbox 949 2085 1001 2119; x_wconf 79' lang='grc' dir='ltr'><strong>κ.</strong></span> <span class='ocrx_word' id='word_1_141' title='bbox 1040 2084 1088 2119; x_wconf 86' lang='grc' dir='ltr'><strong>τ.</strong></span> <span class='ocrx_word' id='word_1_142' title='bbox 1125 2068 1196 2131; x_wconf 87' lang='grc' dir='ltr'><strong>λ.,</strong></span> <span class='ocrx_word' id='word_1_143' title='bbox 1242 2068 1439 2133; x_wconf 90' lang='lat' dir='ltr'><strong>quibus</strong></span> <span class='ocrx_word' id='word_1_144' title='bbox 1475 2083 1573 2117; x_wconf 88' lang='lat' dir='ltr'><strong>an-</strong></span> 
     </span>
     <span class='ocr_line' id='line_1_24' title="bbox 488 2128 1575 2203; baseline -0.005 -12"><span class='ocrx_word' id='word_1_145' title='bbox 488 2138 798 2191; x_wconf 88' lang='lat' dir='ltr'><strong>tecedentia</strong></span> <span class='ocrx_word' id='word_1_146' title='bbox 822 2128 983 2201; x_wconf 79' lang='grc' dir='ltr'><strong><em>(ἄλλα</em></strong></span> <span class='ocrx_word' id='word_1_147' title='bbox 1015 2133 1409 2203; x_wconf 80' lang='grc' dir='ltr'><strong><em>μηχανᾶσθαι)</em></strong></span> <span class='ocrx_word' id='word_1_148' title='bbox 1443 2152 1575 2201; x_wconf 90' lang='lat' dir='ltr'><strong>quo·</strong></span> 
     </span>
     <span class='ocr_line' id='line_1_25' title="bbox 488 2205 1572 2271; baseline -0.005 -12"><span class='ocrx_word' id='word_1_149' title='bbox 488 2207 773 2259; x_wconf 88' lang='lat' dir='ltr'><strong>dammodo</strong></span> <span class='ocrx_word' id='word_1_150' title='bbox 793 2205 1158 2271; x_wconf 79' lang='lat' dir='ltr'><strong>explicantur,</strong></span> <span class='ocrx_word' id='word_1_151' title='bbox 1198 2205 1341 2256; x_wconf 77' lang='lat' dir='ltr'><strong>conf.</strong></span> <span class='ocrx_word' id='word_1_152' title='bbox 1372 2205 1572 2256; x_wconf 85' lang='lat' dir='ltr'><strong>Matth.</strong></span> 
     </span>
     <span class='ocr_line' id='line_1_26' title="bbox 491 2274 1575 2340; baseline -0.006 -10"><span class='ocrx_word' id='word_1_153' title='bbox 491 2279 585 2330; x_wconf 89' lang='lat' dir='ltr'><strong>Gr.</strong></span> <span class='ocrx_word' id='word_1_154' title='bbox 628 2276 721 2327; x_wconf 86' lang='lat' dir='ltr'><strong>Gr.</strong></span> <span class='ocrx_word' id='word_1_155' title='bbox 761 2290 888 2340; x_wconf 83' lang='lat' dir='ltr'><strong>pag.</strong></span> <span class='ocrx_word' id='word_1_156' title='bbox 935 2276 1073 2326; x_wconf 83' lang='lat'>1244</span> <span class='ocrx_word' id='word_1_157' title='bbox 1108 2289 1244 2338; x_wconf 66' lang='lat' dir='ltr'><strong>seq„</strong></span> <span class='ocrx_word' id='word_1_158' title='bbox 1290 2275 1384 2324; x_wconf 90' lang='lat' dir='ltr'><strong>ubi</strong></span> <span class='ocrx_word' id='word_1_159' title='bbox 1417 2274 1575 2324; x_wconf 82' lang='lat' dir='ltr'><strong>hicce</strong></span> 
     </span>
     <span class='ocr_line' id='line_1_27' title="bbox 488 2336 1575 2410; baseline -0.005 -14"><span class='ocrx_word' id='word_1_160' title='bbox 488 2361 621 2396; x_wconf 88' lang='lat' dir='ltr'><strong>usus</strong></span> <span class='ocrx_word' id='word_1_161' title='bbox 655 2343 957 2410; x_wconf 78' lang='lat' dir='ltr'><strong>particulae</strong></span> <span class='ocrx_word' id='word_1_162' title='bbox 980 2336 1045 2392; x_wconf 73' lang='grc' dir='ltr'><strong><em>δὲ</em></strong></span> <span class='ocrx_word' id='word_1_163' title='bbox 1079 2343 1405 2393; x_wconf 88' lang='lat' dir='ltr'><strong>illustratur.</strong></span> <span class='ocrx_word' id='word_1_164' title='bbox 1448 2357 1575 2406; x_wconf 80' lang='grc' dir='ltr'><strong><em>μετ-</em></strong></span> 
     </span>
     <span class='ocr_line' id='line_1_28' title="bbox 488 2410 1572 2471; baseline -0.004 -6"><span class='ocrx_word' id='word_1_165' title='bbox 488 2414 709 2471; x_wconf 86' lang='grc' dir='ltr'><strong><em>αιτίους</em></strong></span> <span class='ocrx_word' id='word_1_166' title='bbox 756 2429 823 2463; x_wconf 88' lang='lat' dir='ltr'><strong>ex</strong></span> <span class='ocrx_word' id='word_1_167' title='bbox 858 2413 966 2464; x_wconf 85' lang='lat' dir='ltr'><strong>boc</strong></span> <span class='ocrx_word' id='word_1_168' title='bbox 1002 2411 1124 2464; x_wconf 90' lang='lat' dir='ltr'><strong>loco</strong></span> <span class='ocrx_word' id='word_1_169' title='bbox 1161 2410 1348 2462; x_wconf 89' lang='lat' dir='ltr'><strong>attulit</strong></span> <span class='ocrx_word' id='word_1_170' title='bbox 1392 2411 1572 2462; x_wconf 90' lang='lat' dir='ltr'><strong>Blom-</strong></span> 
     </span>
     <span class='ocr_line' id='line_1_29' title="bbox 487 2478 1576 2546; baseline -0.006 -10"><span class='ocrx_word' id='word_1_171' title='bbox 487 2484 633 2536; x_wconf 88' lang='lat' dir='ltr'><strong>field.</strong></span> <span class='ocrx_word' id='word_1_172' title='bbox 669 2482 727 2533; x_wconf 90' lang='lat' dir='ltr'><strong>in</strong></span> <span class='ocrx_word' id='word_1_173' title='bbox 765 2482 1007 2534; x_wconf 83' lang='lat' dir='ltr'><strong>Glossar.</strong></span> <span class='ocrx_word' id='word_1_174' title='bbox 1046 2483 1117 2532; x_wconf 91' lang='lat' dir='ltr'><strong>ad</strong></span> <span class='ocrx_word' id='word_1_175' title='bbox 1142 2478 1398 2546; x_wconf 77' lang='lat' dir='ltr'><strong>Aeschyli</strong></span> <span class='ocrx_word' id='word_1_176' title='bbox 1430 2483 1576 2545; x_wconf 83' lang='lat' dir='ltr'><strong>Aga-</strong></span> 
     </span>
     <span class='ocr_line' id='line_1_30' title="bbox 487 2545 1572 2616; baseline -0.004 -11"><span class='ocrx_word' id='word_1_177' title='bbox 487 2562 683 2605; x_wconf 77' lang='lat' dir='ltr'><strong>memu.</strong></span> <span class='ocrx_word' id='word_1_178' title='bbox 733 2551 854 2606; x_wconf 81' lang='lat'><strong>784.</strong></span> <span class='ocrx_word' id='word_1_179' title='bbox 911 2579 982 2588; x_wconf 94' lang='lat'><strong>—-</strong></span> <span class='ocrx_word' id='word_1_180' title='bbox 1029 2545 1217 2601; x_wconf 81' lang='grc' dir='ltr'><strong><em>ἴστιᾶν</em></strong></span> <span class='ocrx_word' id='word_1_181' title='bbox 1271 2566 1369 2616; x_wconf 88' lang='lat' dir='ltr'><strong>pro</strong></span> <span class='ocrx_word' id='word_1_182' title='bbox 1419 2550 1572 2615; x_wconf 82' lang='lat' dir='ltr'><strong>vulg.</strong></span> 
     </span>
     <span class='ocr_line' id='line_1_31' title="bbox 486 2615 1572 2687; baseline -0.005 -12"><span class='ocrx_word' id='word_1_183' title='bbox 486 2615 677 2675; x_wconf 71' lang='grc' dir='ltr'><strong><em>ἑστιᾶν</em></strong></span> <span class='ocrx_word' id='word_1_184' title='bbox 735 2622 930 2687; x_wconf 85' lang='lat' dir='ltr'><strong>scripsi</strong></span> <span class='ocrx_word' id='word_1_185' title='bbox 986 2637 1110 2673; x_wconf 89' lang='lat' dir='ltr'><strong>cum</strong></span> <span class='ocrx_word' id='word_1_186' title='bbox 1165 2624 1392 2671; x_wconf 85' lang='lat' dir='ltr'><strong>recentt.</strong></span> <span class='ocrx_word' id='word_1_187' title='bbox 1449 2619 1572 2670; x_wconf 89' lang='lat' dir='ltr'><strong>edd.</strong></span> 
     </span>
     <span class='ocr_line' id='line_1_32' title="bbox 488 2690 1306 2757; baseline -0.005 -13"><span class='ocrx_word' id='word_1_188' title='bbox 488 2693 723 2744; x_wconf 90' lang='lat' dir='ltr'><strong>Bredov.</strong></span> <span class='ocrx_word' id='word_1_189' title='bbox 763 2696 981 2742; x_wconf 83' lang='lat' dir='ltr'><strong>secutus</strong></span> <span class='ocrx_word' id='word_1_190' title='bbox 1021 2707 1146 2757; x_wconf 84' lang='lat' dir='ltr'><strong>pag.</strong></span> <span class='ocrx_word' id='word_1_191' title='bbox 1188 2690 1306 2741; x_wconf 80' lang='lat'><strong>146.</strong></span> 
     </span>
    </p>
   </div>
   <div class='ocr_carea' id='block_1_8' title="bbox 480 2784 1576 2994">
    <p class='ocr_par' dir='ltr' id='par_1_8' title="bbox 480 2784 1576 2994">
     <span class='ocr_line' id='line_1_33' title="bbox 559 2784 1576 2859; baseline -0.005 -15"><span class='ocrx_word' id='word_1_192' title='bbox 559 2786 798 2859; x_wconf 70' lang='grc' dir='ltr'><strong><em>ἐπεῖναι]</em></strong></span> <span class='ocrx_word' id='word_1_193' title='bbox 840 2809 916 2844; x_wconf 89' lang='lat' dir='ltr'><strong>sc.</strong></span> <span class='ocrx_word' id='word_1_194' title='bbox 955 2784 1061 2856; x_wconf 86' lang='grc' dir='ltr'><strong>τὴν</strong></span> <span class='ocrx_word' id='word_1_195' title='bbox 1087 2790 1411 2854; x_wconf 83' lang='grc' dir='ltr'><strong><em>Νίτωκριν,</em></strong></span> <span class='ocrx_word' id='word_1_196' title='bbox 1453 2807 1576 2852; x_wconf 84' lang='lat' dir='ltr'><strong>„re-</strong></span> 
     </span>
     <span class='ocr_line' id='line_1_34' title="bbox 480 2859 1575 2927; baseline -0.003 -14"><span class='ocrx_word' id='word_1_197' title='bbox 480 2868 650 2927; x_wconf 62' lang='lat' dir='ltr'><strong>ginam</strong></span> <span class='ocrx_word' id='word_1_198' title='bbox 687 2861 1037 2926; x_wconf 70' lang='lat' dir='ltr'><strong>(enarrabant</strong></span> <span class='ocrx_word' id='word_1_199' title='bbox 1072 2859 1405 2925; x_wconf 74' lang='lat' dir='ltr'><strong>sacerdotes)</strong></span> <span class='ocrx_word' id='word_1_200' title='bbox 1442 2863 1575 2910; x_wconf 76' lang='lat' dir='ltr'><strong>inter</strong></span> 
     </span>
     <span class='ocr_line' id='line_1_35' title="bbox 485 2930 1364 2994; baseline -0.005 -12"><span class='ocrx_word' id='word_1_201' title='bbox 485 2932 791 2982; x_wconf 80' lang='lat' dir='ltr'><strong>coenandum</strong></span> <span class='ocrx_word' id='word_1_202' title='bbox 825 2932 1078 2981; x_wconf 73' lang='lat' dir='ltr'><strong>immisisse</strong></span> <span class='ocrx_word' id='word_1_203' title='bbox 1109 2930 1364 2994; x_wconf 73' lang='lat' dir='ltr'><strong>fluviwn.“</strong></span> 
     </span>
    </p>
   </div>
   <div class='ocr_carea' id='block_1_9' title="bbox 489 3008 1571 3147">
    <p class='ocr_par' dir='ltr' id='par_1_9' title="bbox 489 3008 1571 3147">
     <span class='ocr_line' id='line_1_36' title="bbox 555 3008 1571 3080; baseline -0.001 -16"><span class='ocrx_word' id='word_1_204' title='bbox 555 3008 647 3064; x_wconf 88' lang='grc' dir='ltr'><strong><em>δι’</em></strong></span> <span class='ocrx_word' id='word_1_205' title='bbox 685 3009 1027 3080; x_wconf 74' lang='grc' dir='ltr'><strong><em>αὐλῶνος]</em></strong></span> <span class='ocrx_word' id='word_1_206' title='bbox 1061 3015 1097 3064; x_wconf 88' lang='lat' dir='ltr'><strong>i.</strong></span> <span class='ocrx_word' id='word_1_207' title='bbox 1131 3029 1181 3064; x_wconf 91' lang='lat' dir='ltr'><strong>e.</strong></span> <span class='ocrx_word' id='word_1_208' title='bbox 1204 3029 1302 3077; x_wconf 87' lang='lat' dir='ltr'><strong>per</strong></span> <span class='ocrx_word' id='word_1_209' title='bbox 1320 3016 1571 3074; x_wconf 78' lang='lat' dir='ltr'><strong>canalem3</strong></span> 
     </span>
     <span class='ocr_line' id='line_1_37' title="bbox 489 3084 910 3147; baseline -0.012 -10"><span class='ocrx_word' id='word_1_210' title='bbox 489 3085 633 3137; x_wconf 80' lang='lat' dir='ltr'><strong>conf.</strong></span> <span class='ocrx_word' id='word_1_211' title='bbox 671 3084 749 3147; x_wconf 88' lang='grc' dir='ltr'><strong><em>ΙΙ,</em></strong></span> <span class='ocrx_word' id='word_1_212' title='bbox 794 3084 910 3133; x_wconf 81' lang='grc'><strong>127.</strong></span> 
     </span>
    </p>
   </div>
   <div class='ocr_carea' id='block_1_10' title="bbox 482 3161 1574 4343">
    <p class='ocr_par' dir='ltr' id='par_1_10' title="bbox 482 3161 1574 4343">
     <span class='ocr_line' id='line_1_38' title="bbox 554 3161 1571 3235; baseline -0.003 -16"><span class='ocrx_word' id='word_1_213' title='bbox 554 3162 725 3235; x_wconf 71' lang='grc' dir='ltr'><strong><em>(ῖῖψαι</em></strong></span> <span class='ocrx_word' id='word_1_214' title='bbox 763 3161 819 3226; x_wconf 77' lang='grc' dir='ltr'><strong><em>ἐς</em></strong></span> <span class='ocrx_word' id='word_1_215' title='bbox 852 3165 1063 3233; x_wconf 74' lang='grc' dir='ltr'><strong><em>οἴκημα</em></strong></span> <span class='ocrx_word' id='word_1_216' title='bbox 1109 3163 1334 3216; x_wconf 80' lang='grc' dir='ltr'><strong><em>σποδοῦ</em></strong></span> <span class='ocrx_word' id='word_1_217' title='bbox 1372 3164 1571 3233; x_wconf 84' lang='grc' dir='ltr'><strong><em>πλέον]</em></strong></span> 
     </span>
     <span class='ocr_line' id='line_1_39' title="bbox 484 3236 1574 3302; baseline -0.005 -11"><span class='ocrx_word' id='word_1_218' title='bbox 484 3239 649 3291; x_wconf 88' lang='lat' dir='ltr'><strong>Haud</strong></span> <span class='ocrx_word' id='word_1_219' title='bbox 695 3236 961 3289; x_wconf 87' lang='lat' dir='ltr'><strong>dissimile</strong></span> <span class='ocrx_word' id='word_1_220' title='bbox 1005 3236 1150 3302; x_wconf 89' lang='lat' dir='ltr'><strong>apud</strong></span> <span class='ocrx_word' id='word_1_221' title='bbox 1189 3238 1389 3287; x_wconf 86' lang='lat' dir='ltr'><strong>Persas</strong></span> <span class='ocrx_word' id='word_1_222' title='bbox 1424 3240 1574 3286; x_wconf 89' lang='lat' dir='ltr'><strong>vete-</strong></span> 
     </span>
     <span class='ocr_line' id='line_1_40' title="bbox 483 3306 1573 3373; baseline -0.005 -14"><span class='ocrx_word' id='word_1_223' title='bbox 483 3325 569 3361; x_wconf 84' lang='lat' dir='ltr'><strong>res</strong></span> <span class='ocrx_word' id='word_1_224' title='bbox 606 3308 843 3360; x_wconf 84' lang='lat' dir='ltr'><strong>occurrit</strong></span> <span class='ocrx_word' id='word_1_225' title='bbox 874 3306 1225 3373; x_wconf 86' lang='lat' dir='ltr'><strong>supplicium,</strong></span> <span class='ocrx_word' id='word_1_226' title='bbox 1272 3321 1379 3371; x_wconf 92' lang='lat' dir='ltr'><strong>quo</strong></span> <span class='ocrx_word' id='word_1_227' title='bbox 1425 3307 1573 3371; x_wconf 86' lang='lat' dir='ltr'><strong>eapi-</strong></span> 
     </span>
     <span class='ocr_line' id='line_1_41' title="bbox 484 3375 1571 3429; baseline -0.005 0"><span class='ocrx_word' id='word_1_228' title='bbox 484 3380 557 3429; x_wconf 84' lang='lat' dir='ltr'><strong>tis</strong></span> <span class='ocrx_word' id='word_1_229' title='bbox 594 3378 880 3429; x_wconf 89' lang='lat' dir='ltr'><strong>damnatos</strong></span> <span class='ocrx_word' id='word_1_230' title='bbox 915 3376 973 3427; x_wconf 90' lang='lat' dir='ltr'><strong>in</strong></span> <span class='ocrx_word' id='word_1_231' title='bbox 1008 3375 1188 3426; x_wconf 89' lang='lat' dir='ltr'><strong>locum</strong></span> <span class='ocrx_word' id='word_1_232' title='bbox 1225 3376 1404 3425; x_wconf 87' lang='lat' dir='ltr'><strong>cinere</strong></span> <span class='ocrx_word' id='word_1_233' title='bbox 1427 3390 1571 3425; x_wconf 86' lang='lat' dir='ltr'><strong>com·</strong></span> 
     </span>
     <span class='ocr_line' id='line_1_42' title="bbox 482 3443 1571 3515; baseline -0.004 -17"><span class='ocrx_word' id='word_1_234' title='bbox 482 3448 690 3515; x_wconf 90' lang='lat' dir='ltr'><strong>pletum</strong></span> <span class='ocrx_word' id='word_1_235' title='bbox 733 3446 1113 3497; x_wconf 86' lang='lat' dir='ltr'><strong>detrudebant.</strong></span> <span class='ocrx_word' id='word_1_236' title='bbox 1184 3443 1309 3496; x_wconf 82' lang='lat' dir='ltr'><strong>vid.</strong></span> <span class='ocrx_word' id='word_1_237' title='bbox 1350 3444 1571 3495; x_wconf 85' lang='lat' dir='ltr'><strong>Ctesiae</strong></span> 
     </span>
     <span class='ocr_line' id='line_1_43' title="bbox 482 3514 1569 3584; baseline -0.005 -15"><span class='ocrx_word' id='word_1_238' title='bbox 482 3520 733 3584; x_wconf 82' lang='lat' dir='ltr'><strong>fragmm.</strong></span> <span class='ocrx_word' id='word_1_239' title='bbox 789 3518 974 3567; x_wconf 89' lang='lat' dir='ltr'><strong>Perss.</strong></span> <span class='ocrx_word' id='word_1_240' title='bbox 1025 3518 1078 3577; x_wconf 70' lang='lat'><strong>§-</strong></span> <span class='ocrx_word' id='word_1_241' title='bbox 1134 3515 1221 3577; x_wconf 85' lang='grc'><strong>48,</strong></span> <span class='ocrx_word' id='word_1_242' title='bbox 1267 3515 1364 3564; x_wconf 90' lang='lat' dir='ltr'><strong>ubi</strong></span> <span class='ocrx_word' id='word_1_243' title='bbox 1412 3514 1569 3577; x_wconf 90' lang='lat' dir='ltr'><strong>plura</strong></span> 
     </span>
     <span class='ocr_line' id='line_1_44' title="bbox 485 3584 1567 3651; baseline -0.005 -14"><span class='ocrx_word' id='word_1_244' title='bbox 485 3586 753 3651; x_wconf 77' lang='lat' dir='ltr'><strong>adscripsi</strong></span> <span class='ocrx_word' id='word_1_245' title='bbox 796 3602 922 3651; x_wconf 83' lang='lat' dir='ltr'><strong>pag.</strong></span> <span class='ocrx_word' id='word_1_246' title='bbox 976 3584 1093 3637; x_wconf 85' lang='lat'><strong>193.</strong></span> <span class='ocrx_word' id='word_1_247' title='bbox 1142 3584 1263 3634; x_wconf 84' lang='lat'><strong>194.</strong></span> <span class='ocrx_word' id='word_1_248' title='bbox 1348 3584 1464 3634; x_wconf 85' lang='lat' dir='ltr'><strong>Nec</strong></span> <span class='ocrx_word' id='word_1_249' title='bbox 1508 3585 1567 3633; x_wconf 90' lang='lat' dir='ltr'><strong>in</strong></span> 
     </span>
     <span class='ocr_line' id='line_1_45' title="bbox 483 3653 1569 3718; baseline -0.006 -10"><span class='ocrx_word' id='word_1_250' title='bbox 483 3656 747 3708; x_wconf 84' lang='lat' dir='ltr'><strong>Herodoti</strong></span> <span class='ocrx_word' id='word_1_251' title='bbox 786 3660 940 3705; x_wconf 85' lang='lat' dir='ltr'><strong>textu</strong></span> <span class='ocrx_word' id='word_1_252' title='bbox 984 3669 1050 3703; x_wconf 84' lang='lat' dir='ltr'><strong>ex</strong></span> <span class='ocrx_word' id='word_1_253' title='bbox 1082 3653 1353 3718; x_wconf 78' lang='lat' dir='ltr'><strong>Anonymi</strong></span> <span class='ocrx_word' id='word_1_254' title='bbox 1385 3668 1569 3702; x_wconf 87' lang='lat' dir='ltr'><strong>narra-</strong></span> 
     </span>
     <span class='ocr_line' id='line_1_46' title="bbox 483 3721 1569 3789; baseline -0.005 -14"><span class='ocrx_word' id='word_1_255' title='bbox 483 3726 664 3786; x_wconf 85' lang='lat' dir='ltr'><strong>tione,</strong></span> <span class='ocrx_word' id='word_1_256' title='bbox 714 3740 855 3789; x_wconf 88' lang='lat' dir='ltr'><strong>quae</strong></span> <span class='ocrx_word' id='word_1_257' title='bbox 900 3723 1051 3774; x_wconf 89' lang='lat' dir='ltr'><strong>edita</strong></span> <span class='ocrx_word' id='word_1_258' title='bbox 1095 3738 1240 3772; x_wconf 89' lang='lat' dir='ltr'><strong>nunc</strong></span> <span class='ocrx_word' id='word_1_259' title='bbox 1275 3721 1476 3787; x_wconf 88' lang='lat' dir='ltr'><strong>legitur</strong></span> <span class='ocrx_word' id='word_1_260' title='bbox 1512 3723 1569 3771; x_wconf 88' lang='lat' dir='ltr'><strong>in</strong></span> 
     </span>
     <span class='ocr_line' id='line_1_47' title="bbox 483 3791 1567 3856; baseline -0.002 -12"><span class='ocrx_word' id='word_1_261' title='bbox 483 3792 797 3844; x_wconf 83' lang='lat' dir='ltr'><strong>Bibliothek</strong></span> <span class='ocrx_word' id='word_1_262' title='bbox 842 3792 892 3842; x_wconf 87' lang='lat' dir='ltr'><strong>d.</strong></span> <span class='ocrx_word' id='word_1_263' title='bbox 929 3793 1028 3843; x_wconf 90' lang='lat' dir='ltr'><strong>alt.</strong></span> <span class='ocrx_word' id='word_1_264' title='bbox 1057 3792 1285 3842; x_wconf 87' lang='lat' dir='ltr'><strong>Literat.</strong></span> <span class='ocrx_word' id='word_1_265' title='bbox 1317 3791 1567 3856; x_wconf 79' lang='lat' dir='ltr'><strong>Gotting.</strong></span> 
     </span>
     <span class='ocr_line' id='line_1_48' title="bbox 488 3860 1569 3926; baseline -0.003 -14"><span class='ocrx_word' id='word_1_266' title='bbox 488 3861 642 3912; x_wconf 85' lang='lat'><strong>1789.</strong></span> <span class='ocrx_word' id='word_1_267' title='bbox 678 3876 804 3926; x_wconf 82' lang='lat' dir='ltr'><strong>pag.</strong></span> <span class='ocrx_word' id='word_1_268' title='bbox 847 3860 912 3911; x_wconf 84' lang='lat'><strong>13</strong></span> <span class='ocrx_word' id='word_1_269' title='bbox 948 3875 1083 3924; x_wconf 68' lang='lat' dir='ltr'><strong>seq„</strong></span> <span class='ocrx_word' id='word_1_270' title='bbox 1125 3860 1420 3925; x_wconf 87' lang='lat' dir='ltr'><strong>quidquam</strong></span> <span class='ocrx_word' id='word_1_271' title='bbox 1454 3875 1569 3909; x_wconf 90' lang='lat' dir='ltr'><strong>mu-</strong></span> 
     </span>
     <span class='ocr_line' id='line_1_49' title="bbox 483 3928 1570 3992; baseline -0.001 -12"><span class='ocrx_word' id='word_1_272' title='bbox 483 3929 728 3980; x_wconf 88' lang='lat' dir='ltr'><strong>tandum.</strong></span> <span class='ocrx_word' id='word_1_273' title='bbox 800 3928 956 3991; x_wconf 85' lang='lat' dir='ltr'><strong>Quod</strong></span> <span class='ocrx_word' id='word_1_274' title='bbox 991 3944 1121 3978; x_wconf 85' lang='lat' dir='ltr'><strong>vcro</strong></span> <span class='ocrx_word' id='word_1_275' title='bbox 1158 3928 1230 3978; x_wconf 84' lang='lat' dir='ltr'><strong>ad</strong></span> <span class='ocrx_word' id='word_1_276' title='bbox 1264 3928 1454 3979; x_wconf 79' lang='lat' dir='ltr'><strong>Nostri</strong></span> <span class='ocrx_word' id='word_1_277' title='bbox 1491 3929 1570 3992; x_wconf 87' lang='grc' dir='ltr'><strong>ΙΙ,</strong></span> 
     </span>
     <span class='ocr_line' id='line_1_50' title="bbox 487 3996 1571 4062; baseline -0.002 -13"><span class='ocrx_word' id='word_1_278' title='bbox 487 4000 590 4052; x_wconf 83' lang='grc'><strong>140</strong></span> <span class='ocrx_word' id='word_1_279' title='bbox 624 3997 779 4062; x_wconf 83' lang='lat' dir='ltr'><strong>ponit</strong></span> <span class='ocrx_word' id='word_1_280' title='bbox 811 3996 1136 4062; x_wconf 69' lang='lat' dir='ltr'><strong>Schweigh„</strong></span> <span class='ocrx_word' id='word_1_281' title='bbox 1173 3997 1344 4047; x_wconf 85' lang='lat' dir='ltr'><strong>videri</strong></span> <span class='ocrx_word' id='word_1_282' title='bbox 1376 3998 1466 4047; x_wconf 90' lang='lat' dir='ltr'><strong>hic</strong></span> <span class='ocrx_word' id='word_1_283' title='bbox 1490 4002 1571 4047; x_wconf 88' lang='lat' dir='ltr'><strong>ta-</strong></span> 
     </span>
     <span class='ocr_line' id='line_1_51' title="bbox 483 4065 1569 4129; baseline -0.001 -12"><span class='ocrx_word' id='word_1_284' title='bbox 483 4068 591 4119; x_wconf 88' lang='lat' dir='ltr'><strong>lem</strong></span> <span class='ocrx_word' id='word_1_285' title='bbox 640 4065 1050 4129; x_wconf 76' lang='lat' dir='ltr'><strong>intelligendam</strong></span> <span class='ocrx_word' id='word_1_286' title='bbox 1106 4081 1227 4116; x_wconf 84' lang='lat' dir='ltr'><strong>esse</strong></span> <span class='ocrx_word' id='word_1_287' title='bbox 1282 4082 1569 4129; x_wconf 86' lang='lat' dir='ltr'><strong>cameram,</strong></span> 
     </span>
     <span class='ocr_line' id='line_1_52' title="bbox 484 4134 1570 4202; baseline 0 -15"><span class='ocrx_word' id='word_1_288' title='bbox 484 4139 540 4187; x_wconf 88' lang='lat' dir='ltr'><strong>in</strong></span> <span class='ocrx_word' id='word_1_289' title='bbox 577 4151 685 4202; x_wconf 89' lang='lat' dir='ltr'><strong>qua</strong></span> <span class='ocrx_word' id='word_1_290' title='bbox 721 4135 982 4200; x_wconf 79' lang='lat' dir='ltr'><strong>Aegyptii</strong></span> <span class='ocrx_word' id='word_1_291' title='bbox 1029 4134 1237 4185; x_wconf 84' lang='lat' dir='ltr'><strong>cineres</strong></span> <span class='ocrx_word' id='word_1_292' title='bbox 1283 4137 1351 4186; x_wconf 91' lang='lat' dir='ltr'><strong>ob</strong></span> <span class='ocrx_word' id='word_1_293' title='bbox 1395 4137 1570 4201; x_wconf 87' lang='lat' dir='ltr'><strong>aptio-</strong></span> 
     </span>
     <span class='ocr_line' id='line_1_53' title="bbox 482 4202 1569 4270; baseline -0.001 -14"><span class='ocrx_word' id='word_1_294' title='bbox 482 4222 593 4258; x_wconf 86' lang='lat' dir='ltr'><strong>rem</strong></span> <span class='ocrx_word' id='word_1_295' title='bbox 641 4219 897 4270; x_wconf 79' lang='lat' dir='ltr'><strong>agrorum</strong></span> <span class='ocrx_word' id='word_1_296' title='bbox 949 4202 1217 4253; x_wconf 88' lang='lat' dir='ltr'><strong>culturam</strong></span> <span class='ocrx_word' id='word_1_297' title='bbox 1278 4204 1569 4270; x_wconf 85' lang='lat' dir='ltr'><strong>diligenter</strong></span> 
     </span>
     <span class='ocr_line' id='line_1_54' title="bbox 483 4272 1569 4343; baseline -0.003 -17"><span class='ocrx_word' id='word_1_298' title='bbox 483 4275 737 4343; x_wconf 79' lang='lat' dir='ltr'><strong>colligere</strong></span> <span class='ocrx_word' id='word_1_299' title='bbox 794 4279 850 4332; x_wconf 88' lang='lat' dir='ltr'><strong>et</strong></span> <span class='ocrx_word' id='word_1_300' title='bbox 905 4287 1188 4329; x_wconf 78' lang='lat' dir='ltr'><strong>asservare</strong></span> <span class='ocrx_word' id='word_1_301' title='bbox 1242 4272 1391 4324; x_wconf 81' lang='lat' dir='ltr'><strong>soliti</strong></span> <span class='ocrx_word' id='word_1_302' title='bbox 1439 4274 1569 4339; x_wconf 86' lang='lat' dir='ltr'><strong>sint,</strong></span> 
     </span>
    </p>
   </div>
   <div class='ocr_carea' id='block_1_11' title="bbox 1672 1238 2769 1511">
    <p class='ocr_par' dir='ltr' id='par_1_11' title="bbox 1672 1238 2767 1379">
     <span class='ocr_line' id='line_1_55' title="bbox 1672 1238 2767 1304; baseline 0.002 -17"><span class='ocrx_word' id='word_1_303' title='bbox 1672 1238 1776 1289; x_wconf 88' lang='lat' dir='ltr'><strong>boc</strong></span> <span class='ocrx_word' id='word_1_304' title='bbox 1797 1254 1903 1304; x_wconf 90' lang='lat' dir='ltr'><strong>quo</strong></span> <span class='ocrx_word' id='word_1_305' title='bbox 1928 1240 2046 1289; x_wconf 88' lang='lat' dir='ltr'><strong>iure</strong></span> <span class='ocrx_word' id='word_1_306' title='bbox 2071 1239 2243 1288; x_wconf 87' lang='lat' dir='ltr'><strong>statui</strong></span> <span class='ocrx_word' id='word_1_307' title='bbox 2267 1239 2470 1303; x_wconf 85' lang='lat' dir='ltr'><strong>possit,</strong></span> <span class='ocrx_word' id='word_1_308' title='bbox 2509 1238 2767 1304; x_wconf 87' lang='lat' dir='ltr'><strong>equidem</strong></span> 
     </span>
     <span class='ocr_line' id='line_1_56' title="bbox 1672 1314 2234 1379; baseline 0.004 -22"><span class='ocrx_word' id='word_1_309' title='bbox 1672 1323 1783 1358; x_wconf 91' lang='lat' dir='ltr'><strong>non</strong></span> <span class='ocrx_word' id='word_1_310' title='bbox 1816 1314 2091 1373; x_wconf 84' lang='lat' dir='ltr'><strong>exputem.</strong></span> <span class='ocrx_word' id='word_1_311' title='bbox 2220 1363 2234 1379; x_wconf 89' lang='lat'><strong>.</strong></span> 
     </span>
    </p>

    <p class='ocr_par' dir='ltr' id='par_1_12' title="bbox 1673 1366 2769 1511">
     <span class='ocr_line' id='line_1_57' title="bbox 1742 1366 2765 1441; baseline 0.001 -15"><span class='ocrx_word' id='word_1_312' title='bbox 1742 1366 1888 1434; x_wconf 76' lang='grc' dir='ltr'><strong><em>ὅκως</em></strong></span> <span class='ocrx_word' id='word_1_313' title='bbox 1933 1368 2286 1441; x_wconf 76' lang='grc' dir='ltr'><strong><em>ἀτιμώρητος</em></strong></span> <span class='ocrx_word' id='word_1_314' title='bbox 2328 1366 2588 1441; x_wconf 77' lang='grc' dir='ltr'><strong><em>γένηται]</em></strong></span> <span class='ocrx_word' id='word_1_315' title='bbox 2632 1376 2673 1427; x_wconf 89' lang='lat' dir='ltr'><strong>i.</strong></span> <span class='ocrx_word' id='word_1_316' title='bbox 2713 1393 2765 1427; x_wconf 90' lang='lat' dir='ltr'><strong>e.</strong></span> 
     </span>
     <span class='ocr_line' id='line_1_58' title="bbox 1673 1445 2769 1511; baseline 0 -16"><span class='ocrx_word' id='word_1_317' title='bbox 1673 1453 1728 1495; x_wconf 74' lang='lat' dir='ltr'><strong>ut</strong></span> <span class='ocrx_word' id='word_1_318' title='bbox 1745 1448 2010 1498; x_wconf 70' lang='lat' dir='ltr'><strong>vindicem</strong></span> <span class='ocrx_word' id='word_1_319' title='bbox 2035 1445 2126 1510; x_wconf 91' lang='lat' dir='ltr'><strong>(ab</strong></span> <span class='ocrx_word' id='word_1_320' title='bbox 2148 1446 2434 1511; x_wconf 77' lang='lat' dir='ltr'><strong>Aegyptiis</strong></span> <span class='ocrx_word' id='word_1_321' title='bbox 2458 1446 2563 1495; x_wconf 85' lang='lat' dir='ltr'><strong>sibi</strong></span> <span class='ocrx_word' id='word_1_322' title='bbox 2591 1451 2769 1496; x_wconf 89' lang='lat' dir='ltr'><strong>metu-</strong></span> 
     </span>
    </p>
   </div>
   <div class='ocr_carea' id='block_1_12' title="bbox 1674 1513 2849 1581">
    <p class='ocr_par' dir='ltr' id='par_1_13' title="bbox 1674 1513 2849 1581">
     <span class='ocr_line' id='line_1_59' title="bbox 1674 1513 2849 1581; baseline 0 -16"><span class='ocrx_word' id='word_1_323' title='bbox 1674 1513 1892 1578; x_wconf 87' lang='lat' dir='ltr'><strong>endam)</strong></span> <span class='ocrx_word' id='word_1_324' title='bbox 1945 1517 2217 1581; x_wconf 69' lang='lat' dir='ltr'><strong>effuyeret,</strong></span> <span class='ocrx_word' id='word_1_325' title='bbox 2285 1515 2482 1564; x_wconf 85' lang='lat' dir='ltr'><strong>insiliit</strong></span> <span class='ocrx_word' id='word_1_326' title='bbox 2536 1517 2660 1580; x_wconf 84' lang='lat' dir='ltr'><strong>ipsa</strong></span> <span class='ocrx_word' id='word_1_327' title='bbox 2710 1516 2767 1565; x_wconf 91' lang='lat' dir='ltr'><strong>iu</strong></span> <span class='ocrx_word' id='word_1_328' title='bbox 2842 1567 2849 1572; x_wconf 70' lang='grc'><strong><em>,</em></strong></span> 
     </span>
    </p>
   </div>
   <div class='ocr_carea' id='block_1_13' title="bbox 1674 1584 2766 1659">
    <p class='ocr_par' dir='ltr' id='par_1_14' title="bbox 1674 1584 2766 1659">
     <span class='ocr_line' id='line_1_60' title="bbox 1674 1584 2766 1659; baseline -0.002 -23"><span class='ocrx_word' id='word_1_329' title='bbox 1674 1585 1883 1637; x_wconf 88' lang='lat' dir='ltr'><strong>cineres</strong></span> <span class='ocrx_word' id='word_1_330' title='bbox 1932 1586 2211 1651; x_wconf 87' lang='lat' dir='ltr'><strong>vitamque</strong></span> <span class='ocrx_word' id='word_1_331' title='bbox 2254 1585 2359 1635; x_wconf 88' lang='lat' dir='ltr'><strong>hoc</strong></span> <span class='ocrx_word' id='word_1_332' title='bbox 2406 1584 2564 1635; x_wconf 90' lang='lat' dir='ltr'><strong>modo</strong></span> <span class='ocrx_word' id='word_1_333' title='bbox 2602 1584 2766 1659; x_wconf 69' lang='lat' dir='ltr'><strong>finiit.</strong></span> 
     </span>
    </p>
   </div>
   <div class='ocr_carea' id='block_1_14' title="bbox 2076 1755 2344 1808">
    <p class='ocr_par' dir='ltr' id='par_1_15' title="bbox 2076 1755 2344 1808">
     <span class='ocr_line' id='line_1_61' title="bbox 2076 1755 2344 1808; baseline -0.007 -1"><span class='ocrx_word' id='word_1_334' title='bbox 2076 1756 2211 1808; x_wconf 66' lang='lat' dir='ltr'><strong>Cn.</strong></span> <span class='ocrx_word' id='word_1_335' title='bbox 2251 1755 2344 1806; x_wconf 82' lang='lat'><strong>01.</strong></span> 
     </span>
    </p>
   </div>
   <div class='ocr_carea' id='block_1_15' title="bbox 1669 1850 2772 4347">
    <p class='ocr_par' dir='ltr' id='par_1_16' title="bbox 1674 1850 2772 2612">
     <span class='ocr_line' id='line_1_62' title="bbox 1748 1850 2771 1924; baseline 0 -17"><span class='ocrx_word' id='word_1_336' title='bbox 1748 1851 1816 1908; x_wconf 87' lang='grc' dir='ltr'><strong><em>οὐ</em></strong></span> <span class='ocrx_word' id='word_1_337' title='bbox 1904 1850 1975 1922; x_wconf 79' lang='grc' dir='ltr'><strong><em>ὰρ</em></strong></span> <span class='ocrx_word' id='word_1_338' title='bbox 2026 1853 2218 1924; x_wconf 78' lang='grc' dir='ltr'><strong><em>ἔλεγον</em></strong></span> <span class='ocrx_word' id='word_1_339' title='bbox 2262 1850 2541 1923; x_wconf 83' lang='grc' dir='ltr'><strong><em>οὐδεμίαν</em></strong></span> <span class='ocrx_word' id='word_1_340' title='bbox 2583 1853 2771 1922; x_wconf 74' lang='grc' dir='ltr'><strong><em>ἔργων</em></strong></span> 
     </span>
     <span class='ocr_line' id='line_1_63' title="bbox 1674 1874 2772 1996; baseline 0 -17"><span class='ocrx_word' id='word_1_341' title='bbox 1674 1874 1971 1996; x_wconf 68' lang='grc' dir='ltr'><strong><em>α’πόδεὲιν]</em></strong></span> <span class='ocrx_word' id='word_1_342' title='bbox 2007 1919 2287 1993; x_wconf 75' lang='grc' dir='ltr'><strong><em>οὐδεμίαν</em></strong></span> <span class='ocrx_word' id='word_1_343' title='bbox 2322 1945 2443 1979; x_wconf 88' lang='lat' dir='ltr'><strong>cum</strong></span> <span class='ocrx_word' id='word_1_344' title='bbox 2470 1928 2644 1979; x_wconf 85' lang='lat' dir='ltr'><strong>Gaisf.</strong></span> <span class='ocrx_word' id='word_1_345' title='bbox 2686 1944 2772 1979; x_wconf 87' lang='lat' dir='ltr'><strong>re-</strong></span> 
     </span>
     <span class='ocr_line' id='line_1_64' title="bbox 1676 1989 2769 2062; baseline 0 -15"><span class='ocrx_word' id='word_1_346' title='bbox 1676 1997 1991 2061; x_wconf 75' lang='lat' dir='ltr'><strong>scripsimus</strong></span> <span class='ocrx_word' id='word_1_347' title='bbox 2017 2013 2115 2062; x_wconf 90' lang='lat' dir='ltr'><strong>pro</strong></span> <span class='ocrx_word' id='word_1_348' title='bbox 2135 1993 2428 2061; x_wconf 81' lang='grc' dir='ltr'><strong><em>οὐδεμιήν.</em></strong></span> <span class='ocrx_word' id='word_1_349' title='bbox 2467 1989 2769 2060; x_wconf 64' lang='grc' dir='ltr'><strong>(ὶιιίᾶᾶπό-</strong></span> 
     </span>
     <span class='ocr_line' id='line_1_65' title="bbox 1675 2063 2769 2132; baseline 0 -17"><span class='ocrx_word' id='word_1_350' title='bbox 1675 2063 1828 2127; x_wconf 82' lang='grc' dir='ltr'><strong><em>δεξις</em></strong></span> <span class='ocrx_word' id='word_1_351' title='bbox 1864 2072 2035 2129; x_wconf 86' lang='lat' dir='ltr'><strong>esset,</strong></span> <span class='ocrx_word' id='word_1_352' title='bbox 2092 2067 2251 2117; x_wconf 87' lang='lat' dir='ltr'><strong>initio</strong></span> <span class='ocrx_word' id='word_1_353' title='bbox 2284 2068 2463 2132; x_wconf 88' lang='lat' dir='ltr'><strong>operis</strong></span> <span class='ocrx_word' id='word_1_354' title='bbox 2502 2066 2769 2117; x_wconf 82' lang='lat' dir='ltr'><strong>indicavi-</strong></span> 
     </span>
     <span class='ocr_line' id='line_1_66' title="bbox 1676 2135 2771 2201; baseline 0 -16"><span class='ocrx_word' id='word_1_355' title='bbox 1676 2151 1814 2186; x_wconf 88' lang='lat' dir='ltr'><strong>mus.</strong></span> <span class='ocrx_word' id='word_1_356' title='bbox 1855 2135 2368 2187; x_wconf 85' lang='lat' dir='ltr'><strong>Hinclociseusus:</strong></span> <span class='ocrx_word' id='word_1_357' title='bbox 2411 2152 2612 2201; x_wconf 77' lang='lat' dir='ltr'><strong>„neque</strong></span> <span class='ocrx_word' id='word_1_358' title='bbox 2640 2139 2771 2187; x_wconf 73' lang='lat' dir='ltr'><strong>enim</strong></span> 
     </span>
     <span class='ocr_line' id='line_1_67' title="bbox 1676 2205 2771 2269; baseline 0 -14"><span class='ocrx_word' id='word_1_359' title='bbox 1676 2207 1826 2255; x_wconf 79' lang='lat' dir='ltr'><strong>ullum</strong></span> <span class='ocrx_word' id='word_1_360' title='bbox 1861 2221 2028 2255; x_wconf 79' lang='lat' dir='ltr'><strong>eorum</strong></span> <span class='ocrx_word' id='word_1_361' title='bbox 2063 2221 2190 2269; x_wconf 82' lang='lat' dir='ltr'><strong>opus</strong></span> <span class='ocrx_word' id='word_1_362' title='bbox 2230 2205 2569 2257; x_wconf 76' lang='lat' dir='ltr'><strong>memorabile.</strong></span> <span class='ocrx_word' id='word_1_363' title='bbox 2620 2205 2771 2269; x_wconf 86' lang='lat' dir='ltr'><strong>quod</strong></span> 
     </span>
     <span class='ocr_line' id='line_1_68' title="bbox 1677 2274 2767 2339; baseline 0.003 -16"><span class='ocrx_word' id='word_1_364' title='bbox 1677 2274 2078 2339; x_wconf 87' lang='lat' dir='ltr'><strong>praestiterint,</strong></span> <span class='ocrx_word' id='word_1_365' title='bbox 2126 2274 2367 2324; x_wconf 89' lang='lat' dir='ltr'><strong>indicare</strong></span> <span class='ocrx_word' id='word_1_366' title='bbox 2402 2275 2682 2325; x_wconf 86' lang='lat' dir='ltr'><strong>habebant</strong></span> <span class='ocrx_word' id='word_1_367' title='bbox 2719 2291 2767 2326; x_wconf 87' lang='lat' dir='ltr'><strong>s.</strong></span> 
     </span>
     <span class='ocr_line' id='line_1_69' title="bbox 1676 2344 2769 2406; baseline 0.001 -13"><span class='ocrx_word' id='word_1_368' title='bbox 1676 2344 1995 2394; x_wconf 85' lang='lat' dir='ltr'><strong>indicabant</strong></span> <span class='ocrx_word' id='word_1_369' title='bbox 2012 2344 2388 2395; x_wconf 85' lang='lat' dir='ltr'><strong>sacerdotes.“</strong></span> <span class='ocrx_word' id='word_1_370' title='bbox 2454 2345 2612 2406; x_wconf 83' lang='lat' dir='ltr'><strong>Quod</strong></span> <span class='ocrx_word' id='word_1_371' title='bbox 2641 2359 2769 2394; x_wconf 84' lang='lat' dir='ltr'><strong>mox</strong></span> 
     </span>
     <span class='ocr_line' id='line_1_70' title="bbox 1677 2404 2771 2477; baseline 0.003 -16"><span class='ocrx_word' id='word_1_372' title='bbox 1677 2412 1879 2477; x_wconf 85' lang='lat' dir='ltr'><strong>legitur</strong></span> <span class='ocrx_word' id='word_1_373' title='bbox 1922 2404 2350 2475; x_wconf 76' lang='grc' dir='ltr'><strong><em>ἀποδέξασθαι,</em></strong></span> <span class='ocrx_word' id='word_1_374' title='bbox 2395 2413 2500 2463; x_wconf 89' lang='lat' dir='ltr'><strong>hac</strong></span> <span class='ocrx_word' id='word_1_375' title='bbox 2545 2414 2601 2462; x_wconf 91' lang='lat' dir='ltr'><strong>in</strong></span> <span class='ocrx_word' id='word_1_376' title='bbox 2646 2429 2771 2464; x_wconf 86' lang='lat' dir='ltr'><strong>sen-</strong></span> 
     </span>
     <span class='ocr_line' id='line_1_71' title="bbox 1675 2480 2767 2546; baseline 0.003 -15"><span class='ocrx_word' id='word_1_377' title='bbox 1675 2483 1851 2532; x_wconf 87' lang='lat' dir='ltr'><strong>tentia</strong></span> <span class='ocrx_word' id='word_1_378' title='bbox 1891 2481 2144 2546; x_wconf 81' lang='lat' dir='ltr'><strong>frequens</strong></span> <span class='ocrx_word' id='word_1_379' title='bbox 2178 2482 2398 2545; x_wconf 85' lang='lat' dir='ltr'><strong>Nostr0,</strong></span> <span class='ocrx_word' id='word_1_380' title='bbox 2436 2480 2548 2532; x_wconf 82' lang='lat' dir='ltr'><strong>vid.</strong></span> <span class='ocrx_word' id='word_1_381' title='bbox 2588 2483 2636 2546; x_wconf 91' lang='lat'><strong>1,</strong></span> <span class='ocrx_word' id='word_1_382' title='bbox 2680 2485 2767 2536; x_wconf 84' lang='lat'><strong>16.</strong></span> 
     </span>
     <span class='ocr_line' id='line_1_72' title="bbox 1676 2549 2157 2612; baseline 0.002 -12"><span class='ocrx_word' id='word_1_383' title='bbox 1676 2551 1763 2601; x_wconf 82' lang='lat'><strong>59.</strong></span> <span class='ocrx_word' id='word_1_384' title='bbox 1802 2552 1920 2601; x_wconf 76' lang='lat'><strong>174.</strong></span> <span class='ocrx_word' id='word_1_385' title='bbox 1958 2550 2033 2612; x_wconf 86' lang='lat'><strong>11,</strong></span> <span class='ocrx_word' id='word_1_386' title='bbox 2071 2549 2157 2602; x_wconf 82' lang='lat'><strong>36.</strong></span> 
     </span>
    </p>

    <p class='ocr_par' dir='ltr' id='par_1_17' title="bbox 1669 2610 2768 4347">
     <span class='ocr_line' id='line_1_73' title="bbox 1744 2610 2768 2686; baseline 0.001 -18"><span class='ocrx_word' id='word_1_387' title='bbox 1744 2610 1867 2668; x_wconf 80' lang='grc' dir='ltr'><strong><em>κατ’</em></strong></span> <span class='ocrx_word' id='word_1_388' title='bbox 1922 2610 2095 2669; x_wconf 74' lang='grc' dir='ltr'><strong><em>οὐδὲν</em></strong></span> <span class='ocrx_word' id='word_1_389' title='bbox 2141 2612 2290 2669; x_wconf 83' lang='grc' dir='ltr'><strong><em>εἶναι</em></strong></span> <span class='ocrx_word' id='word_1_390' title='bbox 2345 2610 2768 2686; x_wconf 84' lang='grc' dir='ltr'><strong><em>λαμπρότητος]</em></strong></span> 
     </span>
     <span class='ocr_line' id='line_1_74' title="bbox 1676 2688 2764 2755; baseline 0.002 -17"><span class='ocrx_word' id='word_1_391' title='bbox 1676 2688 1768 2738; x_wconf 87' lang='lat' dir='ltr'><strong>Sic</strong></span> <span class='ocrx_word' id='word_1_392' title='bbox 1804 2703 1988 2739; x_wconf 87' lang='lat' dir='ltr'><strong>omnes</strong></span> <span class='ocrx_word' id='word_1_393' title='bbox 2010 2688 2167 2751; x_wconf 87' lang='lat' dir='ltr'><strong>libri,</strong></span> <span class='ocrx_word' id='word_1_394' title='bbox 2206 2688 2403 2755; x_wconf 83' lang='lat' dir='ltr'><strong>quibus</strong></span> <span class='ocrx_word' id='word_1_395' title='bbox 2431 2689 2622 2739; x_wconf 85' lang='lat' dir='ltr'><strong>invitis</strong></span> <span class='ocrx_word' id='word_1_396' title='bbox 2657 2688 2764 2740; x_wconf 86' lang='lat' dir='ltr'><strong>boc</strong></span> 
     </span>
     <span class='ocr_line' id='line_1_75' title="bbox 1675 2756 2763 2822; baseline 0.003 -16"><span class='ocrx_word' id='word_1_397' title='bbox 1675 2756 1795 2807; x_wconf 89' lang='lat' dir='ltr'><strong>loco</strong></span> <span class='ocrx_word' id='word_1_398' title='bbox 1869 2757 2005 2808; x_wconf 89' lang='lat' dir='ltr'><strong>nihil</strong></span> <span class='ocrx_word' id='word_1_399' title='bbox 2071 2759 2414 2820; x_wconf 87' lang='lat' dir='ltr'><strong>novaverim‚</strong></span> <span class='ocrx_word' id='word_1_400' title='bbox 2495 2758 2763 2822; x_wconf 87' lang='lat' dir='ltr'><strong>oratione,</strong></span> 
     </span>
     <span class='ocr_line' id='line_1_76' title="bbox 1675 2826 2766 2892; baseline 0.001 -17"><span class='ocrx_word' id='word_1_401' title='bbox 1675 2831 1738 2876; x_wconf 88' lang='lat' dir='ltr'><strong>ut</strong></span> <span class='ocrx_word' id='word_1_402' title='bbox 1772 2827 1904 2877; x_wconf 88' lang='lat' dir='ltr'><strong>mihi</strong></span> <span class='ocrx_word' id='word_1_403' title='bbox 1936 2827 2155 2892; x_wconf 89' lang='lat' dir='ltr'><strong>quidem</strong></span> <span class='ocrx_word' id='word_1_404' title='bbox 2190 2828 2434 2890; x_wconf 84' lang='lat' dir='ltr'><strong>videtur,</strong></span> <span class='ocrx_word' id='word_1_405' title='bbox 2471 2826 2654 2877; x_wconf 81' lang='lat' dir='ltr'><strong>verbis</strong></span> <span class='ocrx_word' id='word_1_406' title='bbox 2683 2828 2766 2877; x_wconf 89' lang='lat' dir='ltr'><strong>in-</strong></span> 
     </span>
     <span class='ocr_line' id='line_1_77' title="bbox 1673 2896 2765 2962; baseline 0.002 -16"><span class='ocrx_word' id='word_1_407' title='bbox 1673 2897 1953 2960; x_wconf 84' lang='lat' dir='ltr'><strong>terpositis</strong></span> <span class='ocrx_word' id='word_1_408' title='bbox 1998 2897 2304 2962; x_wconf 87' lang='lat' dir='ltr'><strong>interrupta</strong></span> <span class='ocrx_word' id='word_1_409' title='bbox 2350 2912 2451 2946; x_wconf 89' lang='lat' dir='ltr'><strong>uec</strong></span> <span class='ocrx_word' id='word_1_410' title='bbox 2497 2896 2578 2946; x_wconf 87' lang='lat' dir='ltr'><strong>ita</strong></span> <span class='ocrx_word' id='word_1_411' title='bbox 2634 2897 2765 2948; x_wconf 87' lang='lat' dir='ltr'><strong>inde</strong></span> 
     </span>
     <span class='ocr_line' id='line_1_78' title="bbox 1673 2964 2765 3030; baseline -0.001 -15"><span class='ocrx_word' id='word_1_412' title='bbox 1673 2964 2028 3030; x_wconf 87' lang='lat' dir='ltr'><strong>procedente,</strong></span> <span class='ocrx_word' id='word_1_413' title='bbox 2064 2971 2124 3015; x_wconf 91' lang='lat' dir='ltr'><strong>ut</strong></span> <span class='ocrx_word' id='word_1_414' title='bbox 2161 2967 2591 3018; x_wconf 83' lang='lat' dir='ltr'><strong>existimaveras.</strong></span> <span class='ocrx_word' id='word_1_415' title='bbox 2657 2967 2765 3028; x_wconf 87' lang='lat' dir='ltr'><strong>Qui</strong></span> 
     </span>
     <span class='ocr_line' id='line_1_79' title="bbox 1676 3025 2765 3085; baseline 0 -1"><span class='ocrx_word' id='word_1_416' title='bbox 1676 3034 1989 3084; x_wconf 87' lang='lat' dir='ltr'><strong>emendavit</strong></span> <span class='ocrx_word' id='word_1_417' title='bbox 2013 3035 2097 3084; x_wconf 85' lang='lat' dir='ltr'><strong>vir</strong></span> <span class='ocrx_word' id='word_1_418' title='bbox 2122 3035 2343 3085; x_wconf 82' lang='lat' dir='ltr'><strong>doctus:</strong></span> <span class='ocrx_word' id='word_1_419' title='bbox 2381 3025 2510 3083; x_wconf 85' lang='grc' dir='ltr'><strong><em>κατ’</em></strong></span> <span class='ocrx_word' id='word_1_420' title='bbox 2549 3025 2765 3084; x_wconf 77' lang='grc' dir='ltr'><strong><em>οὐδένα</em></strong></span> 
     </span>
     <span class='ocr_line' id='line_1_80' title="bbox 1676 3095 2764 3168; baseline 0.004 -17"><span class='ocrx_word' id='word_1_421' title='bbox 1676 3095 1825 3152; x_wconf 80' lang='grc' dir='ltr'><strong><em>εἶναι</em></strong></span> <span class='ocrx_word' id='word_1_422' title='bbox 1859 3095 2281 3168; x_wconf 84' lang='grc' dir='ltr'><strong><em>λαμπρότητος,</em></strong></span> <span class='ocrx_word' id='word_1_423' title='bbox 2332 3105 2377 3154; x_wconf 83' lang='lat' dir='ltr'><strong>is</strong></span> <span class='ocrx_word' id='word_1_424' title='bbox 2427 3108 2574 3155; x_wconf 85' lang='lat' dir='ltr'><strong>certe</strong></span> <span class='ocrx_word' id='word_1_425' title='bbox 2622 3109 2764 3155; x_wconf 82' lang='lat' dir='ltr'><strong>stru-</strong></span> 
     </span>
     <span class='ocr_line' id='line_1_81' title="bbox 1678 3172 2764 3239; baseline 0 -16"><span class='ocrx_word' id='word_1_426' title='bbox 1678 3178 1865 3223; x_wconf 86' lang='lat' dir='ltr'><strong>cturae</strong></span> <span class='ocrx_word' id='word_1_427' title='bbox 1889 3172 2135 3223; x_wconf 88' lang='lat' dir='ltr'><strong>nonnihil</strong></span> <span class='ocrx_word' id='word_1_428' title='bbox 2159 3173 2455 3235; x_wconf 86' lang='lat' dir='ltr'><strong>succurrit,</strong></span> <span class='ocrx_word' id='word_1_429' title='bbox 2495 3189 2655 3239; x_wconf 87' lang='lat' dir='ltr'><strong>quam</strong></span> <span class='ocrx_word' id='word_1_430' title='bbox 2682 3174 2764 3223; x_wconf 87' lang='lat' dir='ltr'><strong>in-</strong></span> 
     </span>
     <span class='ocr_line' id='line_1_82' title="bbox 1673 3242 2761 3305; baseline 0.001 -14"><span class='ocrx_word' id='word_1_431' title='bbox 1673 3242 2013 3292; x_wconf 89' lang='lat' dir='ltr'><strong>tricatiorem</strong></span> <span class='ocrx_word' id='word_1_432' title='bbox 2037 3242 2125 3292; x_wconf 88' lang='lat' dir='ltr'><strong>hic</strong></span> <span class='ocrx_word' id='word_1_433' title='bbox 2149 3257 2269 3292; x_wconf 83' lang='lat' dir='ltr'><strong>esse</strong></span> <span class='ocrx_word' id='word_1_434' title='bbox 2290 3259 2447 3292; x_wconf 90' lang='lat' dir='ltr'><strong>nemo</strong></span> <span class='ocrx_word' id='word_1_435' title='bbox 2465 3257 2573 3292; x_wconf 92' lang='lat' dir='ltr'><strong>non</strong></span> <span class='ocrx_word' id='word_1_436' title='bbox 2589 3243 2761 3305; x_wconf 89' lang='lat' dir='ltr'><strong>videt,</strong></span> 
     </span>
     <span class='ocr_line' id='line_1_83' title="bbox 1672 3311 2763 3376; baseline 0 -15"><span class='ocrx_word' id='word_1_437' title='bbox 1672 3326 1998 3376; x_wconf 86' lang='lat' dir='ltr'><strong>quamquam</strong></span> <span class='ocrx_word' id='word_1_438' title='bbox 2022 3311 2092 3361; x_wconf 88' lang='lat' dir='ltr'><strong>ad</strong></span> <span class='ocrx_word' id='word_1_439' title='bbox 2107 3312 2279 3375; x_wconf 80' lang='lat' dir='ltr'><strong>ipsam</strong></span> <span class='ocrx_word' id='word_1_440' title='bbox 2295 3312 2624 3362; x_wconf 84' lang='lat' dir='ltr'><strong>sententiam</strong></span> <span class='ocrx_word' id='word_1_441' title='bbox 2648 3327 2763 3363; x_wconf 90' lang='lat' dir='ltr'><strong>cer-</strong></span> 
     </span>
     <span class='ocr_line' id='line_1_84' title="bbox 1672 3371 2757 3432; baseline 0 -3"><span class='ocrx_word' id='word_1_442' title='bbox 1672 3381 1944 3430; x_wconf 86' lang='lat' dir='ltr'><strong>tissimum</strong></span> <span class='ocrx_word' id='word_1_443' title='bbox 1974 3384 2058 3430; x_wconf 89' lang='lat' dir='ltr'><strong>est</strong></span> <span class='ocrx_word' id='word_1_444' title='bbox 2102 3379 2239 3431; x_wconf 89' lang='lat' dir='ltr'><strong>haec</strong></span> <span class='ocrx_word' id='word_1_445' title='bbox 2274 3381 2444 3432; x_wconf 87' lang='lat' dir='ltr'><strong>verba</strong></span> <span class='ocrx_word' id='word_1_446' title='bbox 2489 3371 2618 3429; x_wconf 78' lang='grc' dir='ltr'><strong><em>κατ’</em></strong></span> <span class='ocrx_word' id='word_1_447' title='bbox 2658 3372 2757 3430; x_wconf 89' lang='grc' dir='ltr'><strong><em>οὐ-</em></strong></span> 
     </span>
     <span class='ocr_line' id='line_1_85' title="bbox 1670 3441 2758 3513; baseline 0.002 -16"><span class='ocrx_word' id='word_1_448' title='bbox 1670 3441 1772 3498; x_wconf 74' lang='grc' dir='ltr'><strong>δὲν</strong></span> <span class='ocrx_word' id='word_1_449' title='bbox 1809 3441 1955 3498; x_wconf 81' lang='grc' dir='ltr'><strong><em>εἶναι</em></strong></span> <span class='ocrx_word' id='word_1_450' title='bbox 1992 3441 2386 3513; x_wconf 84' lang='grc' dir='ltr'><strong><em>λαμπρότητος</em></strong></span> <span class='ocrx_word' id='word_1_451' title='bbox 2432 3447 2568 3499; x_wconf 83' lang='lat' dir='ltr'><strong>nihil</strong></span> <span class='ocrx_word' id='word_1_452' title='bbox 2606 3449 2758 3500; x_wconf 87' lang='lat' dir='ltr'><strong>aliud</strong></span> 
     </span>
     <span class='ocr_line' id='line_1_86' title="bbox 1670 3509 2760 3584; baseline 0 -17"><span class='ocrx_word' id='word_1_453' title='bbox 1670 3517 1855 3568; x_wconf 89' lang='lat' dir='ltr'><strong>valere</strong></span> <span class='ocrx_word' id='word_1_454' title='bbox 1891 3518 2030 3568; x_wconf 87' lang='lat' dir='ltr'><strong>nisi:</strong></span> <span class='ocrx_word' id='word_1_455' title='bbox 2068 3509 2128 3567; x_wconf 75' lang='grc' dir='ltr'><strong><em>ἐν</em></strong></span> <span class='ocrx_word' id='word_1_456' title='bbox 2168 3509 2365 3568; x_wconf 74' lang='grc' dir='ltr'><strong><em>οὐδενὶ</em></strong></span> <span class='ocrx_word' id='word_1_457' title='bbox 2397 3518 2463 3584; x_wconf 89' lang='lat' dir='ltr'><strong>[s.</strong></span> <span class='ocrx_word' id='word_1_458' title='bbox 2498 3509 2623 3567; x_wconf 79' lang='grc' dir='ltr'><strong><em>κατ’</em></strong></span> <span class='ocrx_word' id='word_1_459' title='bbox 2663 3509 2760 3567; x_wconf 84' lang='grc' dir='ltr'><strong><em>οὐ-</em></strong></span> 
     </span>
     <span class='ocr_line' id='line_1_87' title="bbox 1671 3579 2762 3651; baseline 0.003 -16"><span class='ocrx_word' id='word_1_460' title='bbox 1671 3579 1793 3650; x_wconf 68' lang='grc' dir='ltr'><strong><em>δὲν]</em></strong></span> <span class='ocrx_word' id='word_1_461' title='bbox 1834 3580 2128 3651; x_wconf 74' lang='grc' dir='ltr'><strong><em>λαμπροὺς</em></strong></span> <span class='ocrx_word' id='word_1_462' title='bbox 2165 3579 2338 3649; x_wconf 79' lang='grc' dir='ltr'><strong><em>εἶναι,</em></strong></span> <span class='ocrx_word' id='word_1_463' title='bbox 2377 3594 2438 3638; x_wconf 89' lang='lat' dir='ltr'><strong>ut</strong></span> <span class='ocrx_word' id='word_1_464' title='bbox 2460 3588 2597 3638; x_wconf 89' lang='lat' dir='ltr'><strong>bene</strong></span> <span class='ocrx_word' id='word_1_465' title='bbox 2622 3587 2762 3638; x_wconf 85' lang='lat' dir='ltr'><strong>vidit</strong></span> 
     </span>
     <span class='ocr_line' id='line_1_88' title="bbox 1672 3655 2759 3721; baseline -0.002 -14"><span class='ocrx_word' id='word_1_466' title='bbox 1672 3656 2042 3717; x_wconf 85' lang='lat' dir='ltr'><strong>Gaisfordius,</strong></span> <span class='ocrx_word' id='word_1_467' title='bbox 2091 3658 2179 3707; x_wconf 86' lang='lat' dir='ltr'><strong>cui</strong></span> <span class='ocrx_word' id='word_1_468' title='bbox 2222 3656 2589 3721; x_wconf 84' lang='lat' dir='ltr'><strong>adstipulatur</strong></span> <span class='ocrx_word' id='word_1_469' title='bbox 2633 3655 2759 3707; x_wconf 77' lang='lat' dir='ltr'><strong>Eltz</strong></span> 
     </span>
     <span class='ocr_line' id='line_1_89' title="bbox 1669 3724 2759 3792; baseline 0 -16"><span class='ocrx_word' id='word_1_470' title='bbox 1669 3724 1925 3789; x_wconf 82' lang='lat' dir='ltr'><strong>(Jahrbb.</strong></span> <span class='ocrx_word' id='word_1_471' title='bbox 1951 3724 2003 3774; x_wconf 94' lang='lat' dir='ltr'><strong>d.</strong></span> <span class='ocrx_word' id='word_1_472' title='bbox 2019 3725 2288 3791; x_wconf 80' lang='lat' dir='ltr'><strong>Philolog.</strong></span> <span class='ocrx_word' id='word_1_473' title='bbox 2316 3731 2423 3777; x_wconf 90' lang='lat' dir='ltr'><strong>etc.</strong></span> <span class='ocrx_word' id='word_1_474' title='bbox 2447 3725 2635 3792; x_wconf 87' lang='lat' dir='ltr'><strong>Suppl.</strong></span> <span class='ocrx_word' id='word_1_475' title='bbox 2659 3726 2759 3776; x_wconf 82' lang='lat' dir='ltr'><strong>lx.</strong></span> 
     </span>
     <span class='ocr_line' id='line_1_90' title="bbox 1671 3789 2761 3861; baseline 0.003 -19"><span class='ocrx_word' id='word_1_476' title='bbox 1671 3809 1794 3859; x_wconf 80' lang='lat' dir='ltr'><strong>pag.</strong></span> <span class='ocrx_word' id='word_1_477' title='bbox 1822 3795 1920 3844; x_wconf 74' lang='lat'><strong>122</strong></span> <span class='ocrx_word' id='word_1_478' title='bbox 1940 3794 2137 3860; x_wconf 83' lang='lat' dir='ltr'><strong>seqq.)‚</strong></span> <span class='ocrx_word' id='word_1_479' title='bbox 2175 3795 2477 3861; x_wconf 82' lang='lat' dir='ltr'><strong>genitivum</strong></span> <span class='ocrx_word' id='word_1_480' title='bbox 2508 3789 2761 3859; x_wconf 84' lang='grc' dir='ltr'><strong><em>λαμπρό-</em></strong></span> 
     </span>
     <span class='ocr_line' id='line_1_91' title="bbox 1670 3855 2764 3929; baseline 0.005 -19"><span class='ocrx_word' id='word_1_481' title='bbox 1670 3876 1836 3926; x_wconf 87' lang='grc' dir='ltr'><strong><em>τητος</em></strong></span> <span class='ocrx_word' id='word_1_482' title='bbox 1858 3877 1892 3912; x_wconf 86' lang='lat' dir='ltr'><strong>a</strong></span> <span class='ocrx_word' id='word_1_483' title='bbox 1919 3864 2088 3914; x_wconf 87' lang='lat' dir='ltr'><strong>verbo</strong></span> <span class='ocrx_word' id='word_1_484' title='bbox 2111 3855 2260 3912; x_wconf 75' lang='grc' dir='ltr'><strong><em>εἶναι</em></strong></span> <span class='ocrx_word' id='word_1_485' title='bbox 2285 3879 2609 3929; x_wconf 86' lang='lat' dir='ltr'><strong>suspensum</strong></span> <span class='ocrx_word' id='word_1_486' title='bbox 2637 3864 2764 3915; x_wconf 87' lang='lat' dir='ltr'><strong>red-</strong></span> 
     </span>
     <span class='ocr_line' id='line_1_92' title="bbox 1675 3932 2759 3999; baseline 0.003 -19"><span class='ocrx_word' id='word_1_487' title='bbox 1675 3932 1833 3994; x_wconf 88' lang='lat' dir='ltr'><strong>dens,</strong></span> <span class='ocrx_word' id='word_1_488' title='bbox 1872 3936 1933 3981; x_wconf 90' lang='lat' dir='ltr'><strong>ut</strong></span> <span class='ocrx_word' id='word_1_489' title='bbox 1968 3936 2070 3983; x_wconf 85' lang='lat' dir='ltr'><strong>sit:</strong></span> <span class='ocrx_word' id='word_1_490' title='bbox 2116 3934 2390 3995; x_wconf 76' lang='lat' dir='ltr'><strong>splendore</strong></span> <span class='ocrx_word' id='word_1_491' title='bbox 2423 3937 2591 3999; x_wconf 78' lang='lat' dir='ltr'><strong>aliquo</strong></span> <span class='ocrx_word' id='word_1_492' title='bbox 2629 3948 2759 3992; x_wconf 82' lang='lat' dir='ltr'><strong>esse,</strong></span> 
     </span>
     <span class='ocr_line' id='line_1_93' title="bbox 1674 3993 2762 4067; baseline 0.003 -18"><span class='ocrx_word' id='word_1_493' title='bbox 1674 4001 2123 4065; x_wconf 88' lang='lat' dir='ltr'><strong>quemadmodum</strong></span> <span class='ocrx_word' id='word_1_494' title='bbox 2150 3993 2336 4058; x_wconf 73' lang='grc' dir='ltr'><strong><em>ἐόντες</em></strong></span> <span class='ocrx_word' id='word_1_495' title='bbox 2362 3994 2535 4067; x_wconf 77' lang='grc' dir='ltr'><strong><em>λόγου</em></strong></span> <span class='ocrx_word' id='word_1_496' title='bbox 2559 4002 2762 4053; x_wconf 83' lang='lat' dir='ltr'><strong>Noster</strong></span> 
     </span>
     <span class='ocr_line' id='line_1_94' title="bbox 1673 4069 2761 4137; baseline 0.003 -18"><span class='ocrx_word' id='word_1_497' title='bbox 1673 4069 1870 4120; x_wconf 78' lang='lat' dir='ltr'><strong>dixerit</strong></span> <span class='ocrx_word' id='word_1_498' title='bbox 1918 4071 2012 4133; x_wconf 89' lang='lat' dir='ltr'><strong>IV,</strong></span> <span class='ocrx_word' id='word_1_499' title='bbox 2066 4071 2182 4122; x_wconf 85' lang='lat'><strong>138.</strong></span> <span class='ocrx_word' id='word_1_500' title='bbox 2279 4071 2429 4121; x_wconf 89' lang='lat' dir='ltr'><strong>Idem</strong></span> <span class='ocrx_word' id='word_1_501' title='bbox 2486 4072 2761 4137; x_wconf 81' lang='lat' dir='ltr'><strong>genitivos</strong></span> 
     </span>
     <span class='ocr_line' id='line_1_95' title="bbox 1672 4129 2763 4206; baseline 0.004 -19"><span class='ocrx_word' id='word_1_502' title='bbox 1672 4135 1787 4187; x_wconf 75' lang='grc' dir='ltr'><strong>τῶν</strong></span> <span class='ocrx_word' id='word_1_503' title='bbox 1821 4129 2007 4189; x_wconf 76' lang='grc' dir='ltr'><strong><em>ἄλλων</em></strong></span> <span class='ocrx_word' id='word_1_504' title='bbox 2041 4135 2317 4206; x_wconf 82' lang='grc' dir='ltr'><strong><em>βασιλέων</em></strong></span> <span class='ocrx_word' id='word_1_505' title='bbox 2365 4157 2431 4191; x_wconf 80' lang='lat' dir='ltr'><strong>ex</strong></span> <span class='ocrx_word' id='word_1_506' title='bbox 2457 4156 2521 4191; x_wconf 86' lang='lat' dir='ltr'><strong>eo</strong></span> <span class='ocrx_word' id='word_1_507' title='bbox 2552 4141 2763 4191; x_wconf 85' lang='lat' dir='ltr'><strong>assimi-</strong></span> 
     </span>
     <span class='ocr_line' id='line_1_96' title="bbox 1669 4207 2762 4274; baseline 0.004 -18"><span class='ocrx_word' id='word_1_508' title='bbox 1669 4207 1892 4257; x_wconf 88' lang='lat' dir='ltr'><strong>lationis</strong></span> <span class='ocrx_word' id='word_1_509' title='bbox 1933 4223 2159 4273; x_wconf 82' lang='lat' dir='ltr'><strong>genere,</strong></span> <span class='ocrx_word' id='word_1_510' title='bbox 2196 4209 2263 4259; x_wconf 87' lang='lat' dir='ltr'><strong>de</strong></span> <span class='ocrx_word' id='word_1_511' title='bbox 2291 4225 2397 4274; x_wconf 90' lang='lat' dir='ltr'><strong>quo</strong></span> <span class='ocrx_word' id='word_1_512' title='bbox 2433 4210 2666 4260; x_wconf 84' lang='lat' dir='ltr'><strong>Werser.</strong></span> <span class='ocrx_word' id='word_1_513' title='bbox 2705 4210 2762 4260; x_wconf 88' lang='lat' dir='ltr'><strong>in</strong></span> 
     </span>
     <span class='ocr_line' id='line_1_97' title="bbox 1673 4276 2763 4347; baseline 0.002 -18"><span class='ocrx_word' id='word_1_514' title='bbox 1673 4277 1793 4329; x_wconf 84' lang='lat' dir='ltr'><strong>Act.</strong></span> <span class='ocrx_word' id='word_1_515' title='bbox 1829 4276 1964 4347; x_wconf 87' lang='lat' dir='ltr'><strong>phil.</strong></span> <span class='ocrx_word' id='word_1_516' title='bbox 2006 4279 2257 4331; x_wconf 84' lang='lat' dir='ltr'><strong>Monacc.</strong></span> <span class='ocrx_word' id='word_1_517' title='bbox 2306 4278 2353 4344; x_wconf 95' lang='lat' dir='ltr'><strong>I,</strong></span> <span class='ocrx_word' id='word_1_518' title='bbox 2412 4280 2462 4334; x_wconf 86' lang='lat'><strong>1.</strong></span> <span class='ocrx_word' id='word_1_519' title='bbox 2514 4294 2642 4347; x_wconf 81' lang='lat' dir='ltr'><strong>pag.</strong></span> <span class='ocrx_word' id='word_1_520' title='bbox 2690 4280 2763 4331; x_wconf 88' lang='lat'><strong>80</strong></span> 
     </span>
    </p>
   </div>
  </div>
 </body>
</html>
