3109 5092
315 1161 396 1220 93

411 363 538 426 204

1289 363 1819 426 HERODO'PI

412 538 703 627 μήτριος.
785 545 1072 626 Κροῖσος
1112 538 1239 626 μὲν
1264 535 1391 628 γὰρ
1420 540 1493 607 ἐκ
1520 545 1814 627 Καείρης
1856 530 1939 626 ἦν
1983 536 2301 624 γυναικὸς
2339 536 2687 628 Ἀλυάττῃ,

412 643 825 712 Πανταλέων
877 640 952 710 δὲ
1009 643 1074 723 ἐξ
1140 638 1365 721 Ἰάδος.
1446 643 1599 710 ἐπεί
1643 668 1715 710 τε
1770 641 1882 726 δὲ,

1959 640 2192 720 δόντος
2243 648 2365 710 τοῦ
2419 642 2687 731 πατρὸς,

413 744 733 832 ἐκράτησε
772 748 886 832 τῆς
926 740 1130 832 ἀρχῆς
1171 740 1552 834 ὁΚροῑσος,
1593 742 1710 812 τὸν
1754 741 2127 835 ἄνθρωπον
2164 741 2286 813 τὸν
2313 742 2683 837 ἆντιπρήσ·

410 869 614 917 σοντα
657 841 766 917 ἐπὶ
802 846 1066 934 κνάφου
1101 850 1321 918 ἕλκων
1362 851 1745 934 διέφθειρε·
1792 845 1916 936 τὴν
1957 847 2033 917 δὲ
2061 842 2300 936 οὐσίην
2339 845 2553 918 αὐτοῦ
2590 857 2686 918 ἔτι

411 949 738 1039 πρότερον
775 949 1180 1038 κατιρώσας,
1221 950 1370 1021 τότε
1408 950 1635 1043 τρόπῳ
1676 956 1769 1043 τῷ
1810 953 2137 1042 εἰρημένῳ
2165 947 2461 1039 ἀνέθηκε
2502 956 2566 1032 ἐς
2607 950 2687 1020 τοὶ

413 1064 689 1143 εἴρηται.
757 1054 870 1121 καὶ
913 1053 1066 1141 περὶ
1102 1054 1226 1142 μὲν
1265 1051 1722 1141 ἀναθημάτων
1760 1059 2050 1122 τοσαῦτα
2099 1051 2419 1141 εἰρήσθω.

566 1156 903 1244 Θῶυματα
943 1157 1019 1226 δὲ
1061 1162 1148 1245 γῆ
1172 1163 1392 1246 Λυδίη
1423 1160 1489 1237 ἐς
1516 1154 1921 1246 συγγραφὴν
1947 1153 2028 1226 οὐ
2062 1154 2239 1244 μάλα
2267 1162 2433 1245 ἔχει,
2477 1152 2586 1227 οἶά
2614 1185 2687 1227 τε

412 1375 517 1424 que
551 1358 766 1408 aedium
811 1358 985 1408 solum
1024 1348 1194 1423 (αὐτὰ
1227 1349 1295 1407 τὰ
1329 1356 1497 1422 θεμέ-

412 1428 527 1490 λια)
569 1426 911 1489 divenderet,
949 1443 1018 1478 ne
1055 1428 1184 1493 quid
1232 1427 1499 1493 reliquum

412 1500 575 1546 esset.
616 1524 685 1534 —
730 1497 930 1559 Verba,
971 1513 1111 1562 quae
1171 1502 1496 1576 sequuntur:

410 1558 537 1615 ἐπεί
558 1579 617 1614 τε
640 1560 721 1626 δὲ,
759 1534 1018 1645 δόντες
1039 1564 1166 1615 τοῦ
1201 1559 1494 1630 πατρὸς,

410 1628 679 1698 ἐκράτησε
717 1631 821 1699 τῆς
867 1625 1051 1700 ἀρχῆς
1089 1625 1119 1683 ὁ
1156 1636 1406 1700 Κροισος
1442 1636 1498 1684 ἰιι

412 1704 718 1756 definienda
761 1704 950 1754 Croesi
983 1709 1166 1755 aetate
1214 1720 1276 1754 eo
1321 1704 1497 1768 magis

410 1779 568 1825 erunt
609 1774 969 1834 attendenda,
1030 1789 1134 1839 quo
1180 1774 1357 1824 minus
1407 1774 1501 1822 du-

412 1845 557 1894 bium
593 1844 831 1904 faciunt,
875 1843 1005 1908 quin
1056 1843 1307 1907 Alyattes
1343 1849 1501 1908 pater

411 1930 533 1964 cum
570 1913 682 1963 filio
721 1913 922 1962 Croeso
958 1928 1182 1976 regnum
1212 1913 1501 1963 communi-

411 1984 569 2046 carit,
609 1983 699 2032 hic
734 1982 920 2046 igitur,
946 1988 1100 2045 patre
1137 1982 1315 2032 adhuc
1350 1983 1497 2043 vivo,

410 2053 481 2102 ad
551 2067 775 2116 regnum
839 2051 1166 2115 pervenerit.
1248 2052 1334 2102 'I'u
1386 2052 1497 2103 vid.

409 2121 653 2171 Schultz.
705 2121 760 2169 in
805 2121 1068 2183 Apparat.
1120 2126 1225 2169 etc.
1277 2122 1323 2171 Ι.
1372 2137 1498 2184 pag.

414 2190 480 2241 18
534 2195 589 2239 et
634 2205 725 2252 ea,
763 2204 903 2253 quae
940 2205 1105 2254 supra
1140 2189 1208 2239 ad
1246 2190 1301 2250 1,
1341 2189 1409 2241 30
1445 2195 1501 2241 et

412 2261 458 2322 Ι,
493 2260 561 2308 45
597 2258 926 2308 notavimus.

479 2320 572 2376 ἐπὶ
605 2320 834 2390 κνάφου
871 2322 1067 2392 ἕλκων]
1095 2326 1160 2376 Ῑιι
1190 2325 1343 2377 libris
1373 2327 1499 2377 οΙίιιι

412 2397 575 2448 editis
623 2402 678 2446 et
733 2395 952 2460 scriptis
1011 2395 1258 2445 omnibus
1320 2401 1502 2446 exstat

408 2462 703 2531 κναφηΐου
740 2482 774 2516 a
817 2456 1133 2530 κναφήὶᾋον
1173 2480 1313 2529 quae
1341 2467 1499 2528 fullo—

410 2541 489 2588 πίε
535 2542 621 2587 est
663 2537 896 2599 officina,
958 2537 1113 2585 cuius
1171 2535 1259 2585 hic
1318 2533 1497 2585 nullus

411 2612 559 2659 certe
591 2606 778 2667 locus3
814 2606 923 2657 vid.
973 2606 1070 2666 IV,
1128 2606 1209 2656 14.
1269 2605 1430 2655 Unde
1468 2621 1499 2656 e

408 2678 569 2728 lexic.
618 2675 884 2726 Herodot.
937 2680 993 2725 et
1028 2674 1267 2752 Ηρεγοὶι.
1322 2691 1498 2725 corre-

409 2751 606 2797 xerunt
640 2746 743 2795 viri
795 2745 940 2795 docti
978 2736 1208 2807 κνάφου
1256 2759 1290 2792 a
1335 2736 1497 2793 κνά-

410 2831 568 2879 φος,
618 2831 750 2880 quo‚
800 2814 1124 2865 docentibus
1169 2814 1303 2877 ipsis
1349 2818 1498 2864 vete·

409 2902 527 2937 rum
574 2885 972 2949 grammaticis,
1019 2882 1339 2945 designatur
1376 2899 1496 2932 car-

410 2957 538 3004 duus
582 2969 627 3003 s.
671 2957 847 3014 spina,
896 2968 1005 3016 qua
1057 2950 1288 3000 fullones
1333 2952 1498 3000 vesti-

409 3026 594 3073 menta
629 3022 818 3071 radere
852 3019 1055 3078 solent3
1082 3024 1363 3084 praeterea
1392 3029 1498 3070 tor·-

409 3092 615 3142 menlis.
637 3091 963 3152 carnificinae
993 3104 1154 3153 ⁴qenus
1181 3088 1353 3138 clavis
1374 3105 1499 3140 acu-

410 3162 617 3224 leisque
665 3158 941 3223 oppletum
989 3158 1063 3207 ad
1109 3158 1334 3207 miseros
1380 3174 1498 3208 cru-

363 3250 372 3259 ·
412 3228 686 3281 delissime
723 3227 1049 3278 enecandos.
1095 3227 1248 3278 Haec
1283 3229 1498 3278 VVesse-

408 3299 639 3364 lingius‚
687 3297 852 3347 ducta
907 3296 1251 3361 potissimum
1296 3313 1361 3347 ex
1407 3298 1495 3360 iis,

412 3384 552 3434 quae
587 3367 893 3432 Hesychius
944 3382 990 3417 s.
1038 3382 1092 3415 v.
1142 3371 1197 3415 et
1240 3366 1497 3418 Timaeus

412 3440 467 3489 in
492 3437 677 3488 Lexic.
710 3437 925 3488 Platon.
947 3451 1003 3500 p.
1029 3434 1130 3486 160
1159 3435 1244 3487 ed.
1279 3435 1495 3487 Ruhnk.

413 3508 770 3559 tradiderunt.
805 3505 964 3571 Apud
989 3504 1264 3556 Gaisford.
1301 3507 1500 3557 Paroe-

410 3578 605 3643 miogr.
642 3578 735 3628 Gr.
779 3593 833 3641 p.
865 3575 935 3626 49
971 3590 1002 3625 e
1056 3574 1158 3625 cod
1197 3568 1498 3626 Bodleiano

412 3647 755 3712 proverbium
800 3646 904 3695 hoc
964 3648 1167 3694 exstat.
1220 3637 1312 3692 ἐπὶ
1364 3637 1500 3693 κνά-

412 3731 531 3793 φου
580 3710 785 3764 ἕλκων·
840 3711 936 3763 δια
939 3711 1232 3777 φθείρων*
1281 3704 1344 3762 τὸ
1391 3705 1499 3777 γὰρ

409 3776 691 3864 πρότερον
725 3775 787 3833 οἱ
818 3784 1059 3858 κναφεις
1086 3777 1370 3831 ἀκανθῶν
1392 3795 1500 3831 σω-

409 3845 515 3915 ρὸν
553 3849 982 3929 συστρέψαντες
1000 3841 1073 3899 τὰ
1103 3842 1298 3928 ἱμάτια
1337 3845 1499 3901 ἔκνα-

412 3934 555 4001 φον·
596 3910 808 3985 ἐλέγετο
845 3916 909 3968 δὲ
956 3908 987 3967 ὁ
1026 3909 1208 3980 σωρὸς
1243 3911 1496 4000 κνάφος·

412 3976 482 4037 οὖ
507 3988 758 4049 Κροῖσος
790 3987 906 4038 τῶν
928 3978 1155 4051 ἐχθρῶν
1191 3980 1375 4047 ἔξαινε
1401 3983 1500 4048 τὰς

410 4049 621 4121 σάρκας
657 4052 751 4107 καὶ
788 4046 969 4112 οὕτως
1005 4051 1356 4120 διέφθειρεν.

766 4224 898 4275 ΟΑΡ.
938 4223 1142 4275 xcm.

481 4318 765 4408 Θοόυματα
803 4321 866 4375 δὲ
857 4322 1210 4459 λγηὶᾼυδίη
1256 4315 1311 4383 ἐς
1365 4339 1494 4392 συγ·
1521 4357 1538 4372 .

412 4387 641 4462 γραφὴν
671 4387 741 4446 οὖ
777 4386 884 4461 μάλ
888 4408 925 4445 α
1020 4408 1067 4446 ει
1105 4410 1156 4445 κ.
1195 4411 1242 4446 τ.
1281 4393 1350 4462 L]
1381 4396 1416 4448 i.
1443 4412 1491 4448 e.

1599 1373 1687 1409 res
1721 1358 2052 1409 admirandas
2089 1367 2233 1409 terra
2260 1359 2433 1424 Lydia
2469 1359 2542 1408 ad
2570 1375 2694 1421 per-

1599 1427 1913 1478 scribendum
1946 1442 2043 1478 non
2077 1428 2335 1477 admodum
2368 1427 2534 1489 habet,
2568 1443 2693 1492 qua-

1600 1499 1675 1547 les
1703 1498 1821 1560 sere
1857 1498 1962 1547 alia
1997 1500 2137 1561 reyio
2179 1497 2467 1561 (praebere
2502 1495 2690 1558 solet).

1599 1566 1709 1615 Ubi
1755 1565 1897 1631 quod
1951 1566 2227 1617 Schaefer.
2283 1566 2492 1616 Melett.
2542 1568 2691 1617 critt.

1603 1636 1650 1685 1.
1685 1651 1739 1716 p.
1789 1635 1856 1684 73
1906 1636 2196 1685 articulum
2241 1625 2276 1698 ἡ
2324 1641 2449 1700 post
2497 1633 2567 1699 γῆ
2615 1637 2695 1686 in-

1601 1704 1709 1754 seri
1757 1704 1953 1764 voluit,
2009 1704 2242 1755 Bredov.
2307 1721 2362 1768 p.
2428 1704 2497 1754 84
2547 1705 2694 1756 hunc

1603 1775 1779 1838 ipsum
1815 1789 2038 1837 prorsus
2066 1775 2434 1824 necessarium
2462 1774 2692 1840 indeque

1604 1842 1966 1892 adiiciendum
1999 1858 2119 1892 esse
2151 1843 2467 1893 arbitratur.
2505 1845 2695 1909 Neque

1603 1928 1733 1962 vero
1769 1912 2008 1962 Dindorf
2049 1912 2342 1963 obsecutus
2379 1917 2494 1973 est,
2532 1929 2692 1977 quem

1603 1983 1782 2046 ipsum
1820 1981 1973 2047 sequi
2021 1982 2195 2031 satius
2244 1982 2392 2032 duxi.
2466 1982 2693 2032 Dietsch

1606 2050 1835 2100 inseruit
1908 2050 2214 2102 articulum.
2305 2051 2391 2100 cf.
2462 2052 2539 2101 11.
2602 2053 2691 2103 68.

1606 2121 1756 2182 Quae
1796 2119 1905 2169 alia
1943 2120 1998 2169 in
2038 2120 2143 2169 hoc
2178 2120 2358 2184 capite
2396 2125 2578 2170 tentat
2610 2122 2695 2171 vir

1604 2190 1797 2239 doctus
1833 2190 1890 2238 in
1921 2188 2036 2238 The
2069 2189 2323 2240 classical
2344 2191 2574 2240 Journal
2609 2207 2691 2241 nr.

1602 2257 1800 2308 XLIV.
1838 2274 1893 2323 p.
1934 2258 2054 2321 375,
2092 2258 2238 2308 haud
2274 2261 2388 2309 scio
2437 2275 2508 2309 an
2544 2275 2695 2324 prae-

1602 2328 1905 2377 termittere
1929 2332 2188 2391 praestet.
2211 2359 2281 2368 -—
2300 2321 2396 2377 οἷά
2419 2343 2475 2377 τε
2493 2330 2693 2379 Noster

1603 2397 1742 2446 dixit
1796 2397 2020 2447 Homeri
2071 2398 2141 2447 ad
2196 2412 2352 2447 usum
2410 2413 2469 2448 se
2521 2399 2695 2462 appli-

1605 2481 1762 2524 cans;
1806 2466 1878 2516 cf.
1917 2466 2003 2516 Ili.
2041 2467 2167 2528 VII,
2207 2466 2328 2517 208.
2362 2467 2537 2528 XVII,
2569 2470 2689 2518 157.

1602 2535 1800 2599 Odyss.
1870 2535 2003 2596 VII,
2074 2536 2191 2586 106.
2263 2536 2366 2597 XI,
2426 2535 2556 2596 536,
2625 2553 2691 2587 ne

1600 2604 1776 2668 plura.
1822 2603 1980 2664 Quod
2017 2605 2085 2655 ad
2121 2610 2494 2669 argumentum
2531 2606 2691 2657 huius

1601 2673 1709 2724 loci
1763 2674 1991 2734 attinet,
2043 2676 2352 2738 suspicatur
2388 2675 2691 2725 Creuzerus

1604 2742 1900 2807 (Fragmm.
1940 2742 2071 2792 hist.
2120 2760 2175 2808 p.
2224 2743 2368 2807 170),
2420 2744 2505 2793 his
2553 2746 2689 2809 ipsis

1600 2813 1782 2862 verbis
1811 2813 2202 2872 Herodotum,
2209 2818 2420 2874 ‚notare
2453 2813 2693 2864 voluisse

1601 2873 1868 2943 ἀκρισίαν
1914 2881 2120 2932 Xanthi
2165 2882 2528 2946 similiumque
2563 2885 2695 2934 scri-

1602 2955 1849 3015 ptorum,
1886 2951 1981 3014 qui
2022 2952 2080 3000 in
2128 2952 2290 3001 rebus
2334 2952 2526 3015 patriis
2571 2969 2694 3003 nar-

1600 3019 1786 3069 randis
1826 3018 2133 3071 fabularum
2155 3020 2389 3070 ludibria
2417 3037 2693 3086 aucupan-

1598 3095 1681 3138 tes
1741 3089 2079 3153 popularium
2135 3094 2342 3140 mentes
2409 3092 2693 3141 advertere

1600 3158 1884 3210 studerent
1928 3163 1983 3208 et
2030 3159 2277 3209 miranda
2335 3162 2563 3223 quaevis
2621 3161 2693 3211 ad

1599 3243 1753 3278 suam
1781 3228 1886 3292 ipsi
1921 3228 2153 3292 patriam
2180 3230 2518 3279 traherent.“
2554 3231 2693 3280 Con·

1600 3297 1845 3346 iunctum
1885 3295 2112 3348 hoc·est
2151 3313 2271 3347 cum
2314 3313 2380 3348 ea
2416 3300 2687 3363 opinione,

1602 3381 1711 3431 qua
1755 3365 1959 3415 Xanthi
2009 3366 2177 3415 libros
2221 3382 2399 3416 rerum
2459 3369 2691 3433 Lydica-

1601 3450 1717 3486 rum
1735 3434 2014 3484 Herodoto
2041 3435 2359 3486 obversatos
2385 3452 2505 3488 esse
2530 3438 2690 3488 adeo-

1602 3519 1707 3568 que
1742 3504 2013 3554 scribendi
2048 3520 2235 3555 ansam
2274 3507 2588 3570 praebuisse
2625 3524 2692 3557 ex

1602 3572 1805 3637 Ephori
1825 3573 2138 3623 testimonio
2163 3575 2306 3638 apud
2334 3575 2531 3627 Athen.
2558 3578 2689 3627 XII.

1603 3657 1658 3706 p.
1712 3642 1814 3691 515
1861 3644 1926 3692 Ε.
1989 3643 2273 3693 contendit
2329 3644 2470 3694 idem
2529 3634 2733 3696 (ἕτοιμ’
2822 3654 2828 3661 ’

1605 3726 1778 3770 zerus,
1814 3726 1974 3775 quem
2010 3712 2122 3762 vid.
2168 3712 2225 3762 in
2259 3713 2469 3763 Histor.
2513 3715 2693 3764 Kunst

1604 3779 1657 3829 d.
1707 3780 1924 3831 Griech.
1972 3797 2024 3845 p.
2075 3781 2178 3832 287
2224 3798 2373 3847 seqq.
2429 3782 2512 3833 ed.
2560 3788 2687 3833 tert.

1602 3847 1776 3898 Aliter
1810 3850 1985 3899 visum
2036 3855 2119 3901 est
2165 3850 2508 3901 Dahlmanno
2554 3853 2689 3916 (He-

1602 3918 1778 3968 rodot.
1814 3934 1866 3982 p.
1906 3920 2059 3982 122),
2097 3920 2208 3985 qui,
2254 3935 2394 3984 quae
2438 3920 2493 3971 h.
2538 3920 2575 3970 l.
2617 3921 2691 3972 le·

1602 3990 1821 4050 guntur,
1861 3988 2185 4039 documento
2225 4005 2345 4039 esse
2381 3990 2478 4050 ait,
2515 3990 2690 4041 Hero-

1600 4055 1728 4104 doto
1765 4072 1985 4119 prorsus
2020 4057 2327 4122 incognitos
2366 4059 2535 4109 fuisse
2558 4075 2690 4122 qua-

1599 4128 1722 4174 tuor
1770 4125 1976 4175 Xanthi
2017 4125 2185 4176 libros
2232 4143 2409 4177 rerum
2457 4128 2689 4193 Lydica-

1596 4208 1715 4242 rum
1753 4194 1987 4258 indeque
2023 4195 2189 4244 etiam
2224 4196 2496 4246 mirabilia
2525 4213 2687 4261 quae-

1597 4277 1702 4326 que
1748 4263 1806 4312 in
1855 4263 2065 4325 Lydiae
2121 4268 2321 4314 natura
2381 4281 2414 4315 a
2464 4267 2685 4317 Xantho

1598 4335 1852 4381 enarrata
1886 4331 2033 4381 illum
2072 4332 2261 4395 fugere
2296 4333 2568 4384 debuisse.
2605 4336 2683 4385 Ac

1596 4398 1792 4449 desunt
1826 4400 2071 4464 profecto
2110 4400 2224 4451 ulla
2244 4406 2395 4452 certa
2426 4404 2682 4469 vestigia,
