3109 5092
507 342 630 406 724
1379 337 1909 406 HERODOTI

505 524 702 607 μίδας
742 520 1054 587 καλέουσι
1084 520 1397 606 ποιμένος
1424 501 1758 599 Φιλίτιος...
1791 514 1864 598 ὃς
1889 522 2133 586 τοῦτον
2160 513 2283 584 τὸν
2317 515 2564 604 χρόνον
2594 522 2803 606 ἔνεμε

506 623 752 709 κτήνεα
781 619 948 690 κατὰ
976 626 1185 689 ταῦτα
1213 620 1293 689 τὰ
1325 629 1560 710 χωρία.

506 789 611 838 nisi
639 790 946 841 philistaeos
969 805 1014 839 s.
1037 791 1449 840 Palaestinenses
1463 826 1477 853 ,
1501 789 1594 854 qui

506 874 535 908 e
572 863 718 910 terra
742 861 1033 911 Cananaea
1064 859 1180 908 sive
1206 875 1270 908 ex
1299 874 1393 909 ora
1428 860 1595 909 maris

508 928 886 980 mediterranei
911 930 1206 979 Phoenicia
1235 929 1463 994 profecti
1486 944 1597 979 una

508 1014 629 1047 cum
667 1001 790 1050 aliis
827 999 1078 1064 gentibus
1116 999 1438 1049 nomadibus
1478 999 1597 1048 sive

508 1068 701 1133 Syriae
737 1070 852 1120 sive
885 1069 1123 1118 Arabiae
1155 1069 1464 1118 inferiorem
1494 1069 1598 1118 Ae-

509 1146 736 1203 gyptum
812 1139 1132 1202 occuparint
1204 1137 1596 1202 imperiumque

509 1207 714 1259 diutius
767 1208 1128 1268 obtinuerint3
1187 1208 1300 1257 vid.
1353 1209 1593 1257 Bunsen.

508 1276 546 1329 l.
581 1279 616 1330 l.
660 1279 770 1328 111.
809 1293 862 1340 p.
899 1277 995 1340 49,
1043 1277 1236 1326 Roeth.
1277 1277 1310 1325 l.
1357 1276 1392 1326 l.
1431 1292 1482 1341 p.
1527 1275 1596 1327 88

509 1363 682 1412 seqq„
719 1348 962 1396 Movere:
1019 1346 1122 1394 Die
1160 1345 1416 1395 Phoenic.
1455 1346 1498 1395 1.
1541 1362 1596 1410 p.

510 1418 577 1468 34
605 1432 778 1480 seqq„
814 1415 989 1464 Raoul
1014 1414 1306 1465 Rochette:
1334 1414 1499 1466 Mem.
1530 1414 1598 1464 de

511 1485 721 1536 l'Acad.
775 1484 869 1533 des
908 1484 1189 1548 Inscriptt.
1227 1484 1411 1544 XVII,
1449 1486 1499 1533 2.
1539 1500 1594 1547 p.

509 1555 605 1606 371
630 1593 642 1617 ,
696 1553 976 1604 Minntoli:
1024 1553 1314 1604 Abhandll.
1367 1568 1493 1618 pag.
1526 1553 1595 1602 95

509 1639 655 1689 seq.,
717 1623 936 1673 Russel:
1005 1624 1207 1688 Egypt.
1262 1627 1366 1673 etc.
1419 1639 1470 1687 p.
1526 1621 1597 1672 69

509 1693 790 1825 Ξίἶῖζῃῗὲ
829 1693 885 1827 ‘12'
920 1692 1118 1824 {522²
1156 1693 1240 1811 ΒΕ
1262 1692 1597 1811 {xssfhffl‘

792 1798 805 1811 .
888 1798 898 1810 .
1115 1798 1148 1822 .,
1239 1799 1249 1809 .
1428 1799 1439 1811 .

509 1830 851 1882 natsschrift.
888 1836 993 1881 etc.
1040 1830 1193 1881 1850.
1231 1831 1373 1896 Aug.
1409 1845 1464 1894 p.
1503 1829 1594 1879 84.

508 1902 699 1966 Neque
734 1899 1022 1950 admodum
1059 1900 1186 1950 inde
1220 1900 1481 1950 recedunt
1511 1913 1595 1960 ea,

511 1987 649 2037 quae
695 1974 1005 2020 statuerunt
1053 1969 1207 2020 Koch
1258 1969 1297 2021 l.
1346 1969 1385 2020 l.
1437 1985 1487 2032 p.
1528 1966 1596 2016 39

510 2056 689 2105 seqq.,
732 2040 922 2090 Stark:
975 2040 1366 2104 Forschungen
1402 2045 1507 2087 etc.
1547 2036 1594 2086 1.

508 2110 710 2174 (Gaza)
753 2125 806 2172 p.
846 2109 913 2159 58
948 2125 1100 2173 seqq.
1150 2115 1204 2157 et
1242 2107 1597 2158 Saalschiitz:

509 2181 616 2228 Zur
653 2178 834 2228 Kritik
881 2177 935 2227 d.
970 2178 1214 2227 Maneth.
1263 2193 1317 2227 u.
1357 2178 1445 2226 die
1481 2176 1597 2224 Ma-

510 2248 730 2297 nethon.
745 2247 965 2310 Hyksos
986 2245 1345 2310 (Forschung.
1370 2246 1446 2295 11.
1462 2243 1593 2308 ΙΙΙ.)

511 2333 562 2380 p.
598 2315 665 2365 39
702 2330 854 2379 seqq.
895 2315 962 2365 68
999 2331 1170 2379 seqq„
1208 2320 1399 2365 contra
1435 2329 1593 2379 quem

511 2385 757 2450 disputat
803 2384 1180 2448 Naegelsbach
1227 2384 1308 2433 in:
1370 2386 1590 2433 Reuter.

509 2455 790 2518 Repertor.
829 2453 950 2502 Vol.
976 2454 1041 2506 73
1068 2453 1155 2517 (N.
1187 2455 1250 2503 F.
1277 2453 1366 2517 26)
1404 2469 1459 2517 p.
1489 2452 1594 2503 216

510 2529 565 2573 et
601 2522 720 2574 Vol.
760 2524 826 2572 75
865 2523 962 2586 (N.
1000 2525 1064 2576 F.
1103 2523 1192 2587 28)
1229 2539 1281 2588 p.
1320 2522 1407 2572 97,
1471 2520 1595 2571 Alia

509 2593 664 2642 dabit
701 2594 847 2642 Kurz
896 2593 932 2642 l.
971 2608 1135 2657 supra
1170 2593 1205 2642 l.
1279 2591 1412 2642 Inde
1445 2593 1593 2641 Dun-

510 2663 655 2713 cker.
684 2662 911 2727 (Gesch.
939 2661 991 2712 d.
1018 2662 1350 2713 Alterthums
1377 2662 1425 2712 1.
1452 2677 1503 2725 p.
1524 2662 1588 2711 21

510 2737 649 2797 seq.)
723 2732 1013 2782 Semiticae
1051 2733 1237 2796 stirpis
1273 2738 1463 2795 gentes
1499 2745 1595 2778 no-

509 2803 696 2851 mades
746 2816 809 2851 ex
858 2801 1017 2866 Syria
1059 2802 1370 2865 Arabiaque
1416 2799 1596 2863 profe-

510 2875 627 2921 ctos
663 2869 895 2934 intelligi
932 2871 1124 2920 voluit.
1199 2870 1282 2920 Ad
1333 2870 1431 2919 hos
1463 2884 1594 2917 vero

509 2955 665 3003 reges
705 2939 1021 3003 pastoritios
1061 2955 1105 2988 s.
1128 2930 1344 2994 ‘Tuo’dvc
1380 2944 1492 2987 tum
1530 2953 1597 2986 ea

510 3012 668 3056 erunt
703 3007 1010 3068 referenda,
1052 3023 1190 3072 quae
1218 3023 1284 3056 ex
1314 3006 1596 3057 Manetho-

510 3077 595 3124 nis
639 3075 792 3125 libris
850 3075 1005 3125 affert
1040 3076 1330 3126 Scholiast.
1369 3076 1435 3125 ad
1471 3076 1597 3126 Pla-

510 3145 655 3194 tonis
692 3146 972 3195 Timaeum
1023 3162 1077 3208 p.
1114 3145 1215 3194 202
1252 3144 1337 3194 ed.
1374 3144 1592 3194 Ruhnk.

510 3230 565 3279 p.
625 3213 725 3264 365
800 3213 897 3275 (T.
960 3215 1076 3276 VI)
1137 3214 1223 3263 ed.
1285 3214 1593 3263 Hermann:

511 3275 956 3346 suranatdsnoi‘cv]
992 3281 1295 3333 δυναστεία
1331 3280 1599 3347 ποιμένες

509 3341 658 3418 ἦσαν
696 3344 936 3416 ἀδελφοὶ
983 3351 1247 3410 Φοίνικες
1296 3348 1450 3412 ξένοι
1496 3349 1594 3418 βα-

512 3421 707 3484 σιλεῖς,
761 3415 820 3471 οἳ
865 3417 960 3470 καὶ
1001 3414 1246 3486 Μέμφιν
1279 3415 1464 3482 εἷλον,
1512 3409 1595 3469 ὧν

509 3488 732 3552 πρῶτος
754 3486 967 3555 Σαΐτης
991 3481 1348 3556 ἐβασίλευσεν
1374 3508 1425 3540 κ.
1450 3506 1496 3538 τ,
1525 3490 1592 3550 λ.,

509 3576 647 3626 quae
683 3560 871 3610 eadem
909 3561 1054 3625 apud
1091 3560 1401 3625 Syncellum
1437 3576 1491 3623 p.
1524 3560 1588 3610 (51

507 3631 875 3765 23132292122‘2·
900 3629 1594 3764 {zzssssfsgzfflziffisszz

509 3768 669 3818 doteo
714 3768 833 3819 loco
881 3768 1276 3833 intelligamus,
1336 3768 1408 3817 ad
1459 3768 1595 3816 deci-

507 3853 632 3886 mam
663 3841 916 3900 septimam
947 3837 1254 3903 dynastiam
1292 3837 1594 3901 regredien-

509 3906 636 3955 dum
659 3908 784 3954 erit:
823 3907 967 3971 quod
1002 3907 1270 3971 quomodo
1301 3906 1594 3957 conveniat

508 3989 630 4024 cum
670 3974 885 4038 Cheope
925 3980 978 4024 et
1014 3976 1352 4039 Chephrene,
1392 3975 1484 4039 qui
1522 3975 1592 4024 ad

507 4051 755 4107 quartam,
779 4049 840 4092 ut
859 4044 1111 4104 vidimus,
1139 4045 1446 4109 dynastiam
1476 4059 1594 4107 per-

508 4113 687 4161 tinent
719 4112 988 4177 longeque
1029 4117 1191 4162 antea
1225 4114 1350 4163 inde
1386 4113 1592 4163 vixisse

507 4180 733 4246 putandi
771 4186 923 4242 sunt,
972 4180 1028 4231 id
1064 4181 1309 4246 equidem
1350 4183 1403 4231 in
1438 4187 1595 4233 tanta

505 4257 806 4316 temporum
826 4251 1160 4301 obscuritate
1172 4251 1479 4302 discernere
1498 4269 1594 4302 no-

504 4320 626 4382 lim,
665 4318 793 4370 dum
828 4320 1049 4370 meliora
1083 4324 1137 4370 et
1164 4321 1398 4371 certiora
1422 4337 1485 4371 ex
1511 4324 1590 4386 ip-

504 4392 580 4441 sis
619 4390 1008 4456 Aegyptiorum
1054 4392 1412 4441 monumentis
1463 4391 1589 4441 edo-

832 4481 855 4508 Q

1697 804 1933 838 ceamur.
1976 787 2207 852 Lepsius
2232 783 2585 851 (chronolog.
2608 783 2664 835 d.
2692 784 2803 833 Ae-

1698 856 2195 977 ἕῇἓὶιιῆαῐξωὸξιῗι)
2210 853 2801 990 ῒξῖἰδίνὲῗειὲἒαὲδῗέξῗ

1697 1002 1816 1060 tur,
1865 1002 1927 1046 ut
1962 998 2277 1047 memoriam
2323 1010 2506 1060 regum
2560 997 2799 1057 quartae

1699 1067 2006 1132 dynastiae,
2043 1067 2135 1131 qui
2159 1065 2417 1131 populum
2442 1062 2602 1112 valde
2621 1076 2799 1112 vexa-

1699 1138 1838 1198 rint,
1867 1135 2195 1186 translatam
2224 1135 2594 1186 existimemus
2614 1131 2687 1181 ad
2714 1147 2801 1181 re-

1700 1221 1795 1272 ges
1849 1206 1949 1255 hos
2005 1206 2349 1270 pastoritios,
2416 1203 2511 1267 qui
2562 1201 2799 1251 multum

1699 1280 1893 1341 postea
1934 1275 1990 1323 in
2024 1277 2276 1340 Aegypto
2311 1272 2666 1338 regnaverint
2698 1286 2801 1335 po-

1699 1345 1989 1410 pulumque
2005 1345 2167 1395 simili
2187 1344 2346 1395 modo
2366 1342 2799 1407 exagitaverint.

1767 1406 1904 1462 ἀλλὰ
1928 1410 2024 1463 καὶ
2045 1406 2146 1470 τὰς
2178 1409 2505 1479 πυραμίδας
2528 1409 2797 1459 καλέουσι

1700 1474 1975 1546 ποιμένος
1997 1481 2266 1546 Φιλίτιος,
2304 1473 2368 1538 ὃς
2402 1496 2453 1529 ιι.
2489 1495 2538 1529 τ.
2579 1476 2654 1544 L]
2692 1477 2799 1527 Φι-

1698 1551 1961 1609 λιτίωνος
1998 1568 2065 1602 ex
2098 1552 2299 1602 Aldina
2329 1551 2487 1600 fluxit
2523 1554 2579 1599 et
2612 1549 2797 1598 tribus

1699 1621 1857 1672 codd.
1892 1622 2107 1672 Parias.
2178 1621 2245 1670 In
2285 1619 2605 1670 Florentino
2649 1618 2796 1667 libro

1697 1692 1971 1740 invenitur
1994 1689 2333 1746 Φιλιτίονος.
2376 1687 2641 1754 Equidem
2669 1703 2795 1737 cum

1698 1765 1928 1810 recentt.
1955 1759 2078 1809 edd.
2110 1759 2234 1810 dedi
2259 1756 2511 1813 Φιλίτιος
2548 1755 2643 1820 (cf.
2667 1758 2801 1806 Bre-

1700 1829 1824 1878 dov.
1864 1844 1917 1891 p.
1958 1829 2106 1889 263),
2145 1827 2291 1893 quod
2320 1842 2348 1876 e
2385 1826 2633 1876 Mediceo
2666 1826 2795 1875 cod.

1700 1899 1806 1946 iam
1857 1897 2165 1948 Gronovius
2213 1902 2496 1961 receperat
2539 1893 2798 1959 quodque

1699 1967 1977 2017 Sancrofti
2012 1966 2152 2016 libro
2190 1982 2255 2017 ac
2276 1965 2486 2016 duobus
2522 1963 2646 2013 aliis
2672 1979 2797 2029 pro-

1699 2037 1881 2086 batur.
1953 2035 2346 2100 Argumentum
2380 2035 2489 2084 loci
2527 2035 2795 2083 tractavit

1699 2105 1952 2156 Creuzer.
1992 2105 2319 2155 Commehtt.
2349 2103 2592 2154 Herodd.
2619 2106 2672 2166 §-
2706 2104 2792 2152 16.

1698 2189 1825 2239 pag.
1884 2174 1981 2225 188
2027 2190 2213 2239 seqq.,
2269 2172 2394 2223 coll.
2444 2172 2689 2238 Symbol.
2743 2172 2792 2221 1.

1698 2259 1752 2307 p.
1778 2244 1876 2294 129
1900 2259 2051 2309 seqq.
2081 2245 2160 2293 11.
2192 2260 2242 2308 p.
2274 2243 2370 2302 99,
2402 2242 2546 2292 unde
2571 2243 2793 2306 potiora

1697 2314 1803 2363 huc
1839 2314 2250 2363 transferamus.
2324 2314 2572 2377 Namque
2606 2312 2795 2376 Zoega

1699 2383 1764 2431 de
1801 2382 2056 2433 obeliscc.
2094 2398 2149 2447 p.
2187 2382 2310 2434 389.
2349 2387 2462 2431 not.
2501 2382 2572 2432 20
2607 2385 2794 2445 pasto·

1698 2467 1809 2502 rem
1842 2453 2181 2511 Philitionem,
2229 2468 2305 2514 s.,
2354 2456 2417 2501 nt
2451 2448 2543 2500 ille
2578 2450 2793 2512 scribit,

1697 2521 1902 2571 ΡΙιίΙίιίη
1951 2521 2096 2570 haud
2147 2522 2313 2571 alium
2362 2521 2534 2570 videri
2592 2520 2795 2570 statuit

1698 2595 1863 2655 atque
1938 2591 2115 2655 ipsum
2185 2589 2430 2640 osiridem
2491 2589 2793 2650 mettensem,

1699 2660 1884 2722 deum,
1936 2662 2022 2710 cui
2075 2665 2406 2710 mortuorum
2452 2659 2587 2709 haec
2623 2658 2793 2708 domi—

1698 2729 1827 2778 cilia
1888 2728 2219 2793 (pyramides
2266 2728 2408 2794 scil.)
2466 2733 2791 2780 consecrata

1699 2799 1902 2849 fuerint
1952 2814 2219 2864 quemque
2272 2798 2418 2848 haud
2463 2798 2573 2848 alio
2625 2812 2789 2846 sensu

1694 2875 1950 2930 pastorem
1987 2867 2247 2930 dixerint,
2298 2883 2459 2932 quam
2501 2883 2608 2931 quo
2645 2866 2789 2930 apud

1698 2938 1993 2987 Homerum
2027 2953 2182 3001 reges
2220 2937 2473 2986 dicantur
2522 2935 2792 3000 ποιμένες

1697 3003 1878 3067 λαῶν,
1938 3006 2216 3057 locutione
2260 3021 2361 3056 nec
2414 3005 2640 3055 insolita
2687 3021 2791 3055 nec

1699 3077 1853 3125 mira.
1945 3076 2101 3138 Quod
2161 3081 2343 3125 tamen
2392 3076 2484 3124 vix
2546 3077 2788 3136 credent,

1697 3146 1819 3210 qui,
1861 3160 2019 3209 quam
2052 3146 2309 3196 contemti
2346 3144 2633 3209 Aegyptiis
2670 3145 2790 3194 fue-

1696 3215 1805 3263 rint
1846 3219 2094 3278 pastores
2143 3220 2306 3278 atquc
2342 3214 2520 3273 exosi,
2572 3222 2791 3278 reputa·

1698 3284 1906 3343 verint3
1979 3290 2039 3333 ut
2091 3284 2309 3333 minime
2363 3281 2621 3333 credibile
2673 3282 2788 3344 fiat,

1698 3353 1917 3418 regibus
1941 3354 2053 3402 suis
2083 3354 2328 3419 adeoque
2352 3352 2458 3402 diis
2481 3352 2583 3403 hoc
2609 3353 2788 3416 ipsum

1698 3427 1976 3486 pastorum
2018 3438 2219 3473 nomen
2258 3423 2558 3486 Aegyptios
2608 3436 2790 3471 sacer-

1698 3491 1854 3541 dotes
1891 3492 2237 3556 imposuisse.
2299 3492 2446 3555 Lege
2471 3490 2601 3540 mihi
2626 3490 2788 3540 modo

1698 3562 1893 3611 Genes.
1917 3561 2111 3623 XLVI,
2136 3561 2203 3612 34
2227 3564 2279 3610 et
2299 3560 2612 3611 Manethon.
2641 3559 2787 3624 apud

1697 3630 1914 3694 Ioseph.
1939 3630 2065 3681 adv,
2090 3631 2285 3694 Apion.
2317 3630 2361 3690 1,
2390 3631 2472 3679 14.
2503 3646 2557 3694 p.
2588 3629 2786 3681 1039G

1698 3715 1753 3762 p.
1791 3702 1891 3750 444
1927 3699 2053 3750 coll.
2091 3701 2326 3750 Heeren.
2362 3698 2529 3748 Ideen
2565 3705 2672 3749 etc.
2708 3697 2786 3759 11,

1697 3770 1746 3816 2.
1781 3784 1831 3831 p.
1864 3768 1980 3820 148.
2036 3770 2180 3831 Quin
2215 3769 2390 3832 ipsum
2424 3768 2661 3833 pastoris
2694 3782 2787 3816 vo·

1694 3836 1949 3887 cabulum
1984 3839 2311 3903 Aegyptium
2346 3836 2442 3887 Sos
2477 3836 2788 3903 significare

1695 3905 1888 3956 volunt
1938 3907 2208 3970 probrum,
2280 3907 2514 3959 dedecus.
2609 3905 2784 3966 Adde,

1694 3975 1837 4040 quod
1863 3975 2093 4040 populns
2111 4014 2123 4038 ,
2162 3975 2323 4026 valde
2352 3981 2583 4026 vexatus
2609 3978 2664 4024 in
2686 3990 2786 4040 py-

1693 4045 1992 4095 ramidibus
2041 4045 2409 4106 exstruendis,
2457 4044 2582 4095 illos
2626 4059 2785 4109 reges

1694 4128 1923 4177 perosus
1958 4121 2102 4178 erat,
2141 4130 2369 4179 quorum
2402 4115 2486 4177 (ut
2520 4115 2785 4165 bonorum
2808 4165 2823 4178 ‚

1694 4182 1814 4233 scil.
1846 4182 2060 4248 regum)
2095 4186 2309 4234 nomine
2346 4184 2656 4250 pyramides
2693 4198 2787 4247 ap-

1694 4252 1928 4317 pellatas
1989 4254 2161 4304 fuisse
2220 4255 2438 4304 minime
2497 4258 2787 4303 consenta-

1694 4337 1852 4371 neum
1892 4327 1993 4373 est.
2065 4324 2142 4373 Ac
2170 4324 2402 4388 denique
2437 4322 2580 4387 quod
2600 4323 2788 4386 Zoega

1691 4391 1981 4442 lectionem
2027 4391 2277 4450 Φιλίτιος
2319 4397 2511 4442 tenens
2559 4398 2787 4443 revocat
