3109 5092
460 259 584 324 758
1332 259 1880 324 HERODOTI

459 434 648 526 ἥρωα
685 431 1024 524 ἀνέδησαν
1064 432 1330 516 αὐτούς.
1395 441 1702 525 Πίρωμις
1731 435 1813 504 δέ
1848 436 1985 503 ἐστι
2021 429 2169 502 κατ’
2207 429 2493 501 Ἑλλάδα
2522 436 2766 519 γλῶσ-

329 553 445 614 144
460 562 590 610 σαν
617 537 816 619 καλὸς
844 536 1163 626 κάγαθός.
1217 536 1389 627 Ἤδη
1418 530 1550 623 ὦν,
1596 543 1749 607 τῶν.
1769 543 1845 606 αἱ
1873 535 2128 617 εἰκόνες
2156 527 2368 624 ἦσαν,
2398 534 2771 615 τοιούτους

463 641 964 714 ἀπεδείκνυσαν
993 662 1206 729 σφεας
1237 642 1491 724 πάντας
1521 641 1754 722 ἐόντας
1771 693 1789 727 ,
1835 646 2025 710 θεῶν
2053 640 2129 710 δὲ
2157 637 2411 709 πολλὸν
2436 635 2762 726 ἀπηλλα-

463 751 772 837 γμένους.
831 744 906 814 τὸ
938 745 1012 814 δὲ
1041 745 1370 835 πρότερον
1399 751 1537 816 τῶν
1563 743 1838 833 ἀνδρῶν
1864 743 2126 813 τούτων
2143 741 2352 822 θεοὺς
2380 741 2557 811 εἶναι
2582 740 2765 822 τούς

465 855 542 922 ἐν
569 850 896 943 Αἰγύπτῳ
935 845 1293 939 ἄρχοντας,
1331 852 1677 929 οἰκέοντας
1718 844 1855 936 ἅμα
1894 863 2067 917 τοῖσι
2109 844 2570 934 ἀνθρώποισι·
2632 847 2762 915 καὶ

461 1054 682 1104 minime
723 1051 792 1101 ad
831 1065 1038 1100 morum
1084 1049 1418 1116 probitatem
1462 1055 1544 1100 at·
1649 1049 1771 1100 dem
1795 1053 2013 1099 secutus
2038 1063 2155 1099 sum
2187 1048 2243 1097 in
2268 1048 2431 1099 simili
2462 1050 2763 1115 augmenti

461 1139 568 1188 que
618 1121 991 1186 integritatem
1043 1120 1358 1170 referendas
1404 1135 1543 1183 esse,
1648 1119 1997 1169 restitutione
2034 1117 2112 1198 11,
2144 1118 2242 1169 152
2280 1123 2336 1168 et
2368 1118 2489 1169 167.

459 1207 646 1242 verum
703 1190 775 1240 ad
834 1190 1026 1254 stirpis
1085 1188 1427 1239 nobilitatem
1479 1205 1546 1239 ac
1720 1176 2081 1245 οἰκέοντας”
2039 1202 2157 1250 αμα
2182 1189 2330 1237 τοισι
2346 1179 2758 1254 ἀνθρώποισι]

461 1260 875 1327 praestantiam.
950 1258 1101 1308 Idem
1156 1274 1369 1324 quoque
1434 1263 1544 1309 sta·
1652 1258 1955 1323 „Reposuit
2008 1251 2301 1314 οἰκέοντας
2344 1273 2412 1307 ex
2458 1256 2758 1307 codicibus

461 1331 570 1380 tuit
585 1328 1031 1393 Hengstenberg:
1061 1328 1166 1378 Die
1190 1329 1405 1377 Biicher
1428 1329 1544 1379 Mo·
1650 1327 1862 1391 aliquot
1907 1331 2033 1393 post
2074 1325 2426 1377 Schaeferum
2470 1326 2760 1392 Schweig-

460 1400 537 1450 sis
592 1415 646 1449 u.
695 1399 930 1462 Aegypt.
990 1412 1043 1461 p.
1099 1395 1186 1447 31.
1261 1396 1420 1460 Quod
1475 1396 1546 1448 ad
1647 1396 1945 1447 haeuserus
1987 1394 2066 1461 [et
2101 1395 2413 1457 Gaisford.‚
2460 1411 2619 1462 quem
2664 1411 2756 1446 se-

456 1468 790 1533 Aegyptinm
824 1481 1018 1517 nomen
1043 1468 1260 1529 attinet,
1298 1466 1548 1532 plerique
1652 1467 1769 1516 cuti
1807 1464 2035 1531 sumnsJ.
2117 1465 2238 1530 Ego
2284 1465 2416 1515 mihi
2461 1466 2567 1516 hoc
2615 1465 2753 1516 loco

457 1553 600 1588 nunc
646 1537 1030 1598 consentiunt,
1086 1534 1224 1584 nihil
1278 1534 1428 1585 alind
1483 1552 1546 1587 eo
1651 1534 1813 1585 laudo
1851 1535 2174 1586 modestiam
2211 1533 2588 1600 Wesselingii,
2626 1536 2751 1602 qui,

457 1607 727 1659 declarari
773 1606 882 1656 nisi
927 1606 1189 1666 hominem,
1249 1621 1373 1657 cum
1409 1605 1550 1657 Romi
1651 1621 1772 1655 cum
1806 1611 1861 1655 et
1900 1605 2016 1669 ipse
2048 1604 2260 1654 faveret
2291 1605 2341 1654 ei
2377 1605 2633 1666 lectioni,
2687 1606 2750 1654 in

458 1677 735 1742 significet
779 1675 1013 1726 Ιιοηιίηεηι
1063 1679 1117 1724 et
1163 1675 1228 1724 Pi
1281 1675 1545 1725 articulus
1650 1680 1803 1725 textu
1828 1679 2009 1725 tamen
2041 1674 2329 1739 pristinam
2362 1673 2608 1724 exhibuit
2631 1666 2750 1724 οὖιι

460 1748 533 1797 sit
572 1746 995 1812 Aegyptiorum3
1043 1743 1156 1793 vid.
1196 1743 1544 1794 Saint-Mar-
1650 1734 1876 1804 ἐόντας,
1928 1759 2089 1808 quam
2126 1743 2506 1809 Athenagoras
2542 1745 2601 1793 in
2638 1759 2749 1794 sno

459 1817 540 1866 tin
573 1816 695 1867 loco
732 1831 901 1881 supra
938 1814 974 1865 l.
1013 1829 1139 1879 pag.
1179 1815 1273 1875 72,
1309 1813 1544 1864 Wilkin-
1649 1811 1772 1863 cod.
1812 1811 2098 1877 (delegat.
2137 1827 2256 1877 cap.
2288 1810 2383 1875 24)
2414 1813 2646 1878 legerat,
2688 1817 2748 1864 et

458 1902 558 1936 son
594 1887 850 1935 Manners
888 1889 994 1935 etc.
1042 1885 1089 1934 1.
1127 1899 1183 1948 p.
1224 1883 1319 1946 17,
1359 1882 1546 1934 Rosel-
1650 1882 1795 1933 Med.
1836 1880 2159 1934 Schellersh.
2200 1881 2290 1947 (F)
2341 1881 2545 1947 aliique
2588 1887 2749 1932 tuen-

457 1955 556 2005 lini
594 1956 742 2004 Mon.
776 1961 908 2004 stor.
949 1954 1026 2004 11.
1065 1969 1120 2018 p.
1159 1954 1226 2003 55
1264 1968 1399 2018 seq„
1451 1952 1545 2017 qui
1651 1955 1757 2004 tur.
1832 1952 1946 2003 Nec
1976 1950 2369 2002 Valckenarius
2408 1951 2610 2002 diserte
2648 1969 2750 2017 po-

456 2025 651 2074 leonesti
697 2039 761 2074 ac
808 2024 961 2087 probi
1002 2022 1236 2071 hominis
1277 2020 1547 2086 significa·
1648 2021 1841 2071 tiorem
1882 2021 2091 2072 iudicat
2130 2020 2378 2071 alteram.
2469 2021 2749 2086 Simplici·

458 2095 658 2144 tionem
681 2091 926 2142 additam
948 2091 1123 2141 videri
1148 2097 1349 2141 monet.
1403 2091 1545 2141 Add.
1649 2094 1733 2140 ter
1752 2091 1963 2155 accepit
1977 2089 2260 2141 Iablonski
2280 2090 2745 2156 prolegg.Panth.

457 2162 779 2212 Uhlemann.
817 2159 1086 2224 Philolog.
1115 2161 1350 2224 Aegypt.
1375 2176 1430 2224 p.
1457 2162 1544 2222 25,
1647 2175 1702 2225 p.
1744 2160 1830 2210 39.
1868 2161 1965 2210 41:
2016 2160 2105 2226 qui
2141 2176 2263 2210 cum
2299 2160 2608 2211 hominibus
2644 2176 2748 2211 non

457 2233 664 2281 Brunet
709 2229 775 2279 de
810 2228 1029 2280 Preslez
1073 2230 1316 2279 Examen
1362 2230 1541 2295 critiq.
1647 2245 1747 2279 rma
1785 2231 2025 2281 vixerint.
2092 2229 2245 2291 Quae
2271 2230 2551 2281 sententia
2577 2245 2745 2294 quam

458 2300 513 2350 d.
564 2298 781 2363 dynast.
835 2298 1094 2363 d'Egypt.
1144 2314 1197 2363 p.
1256 2298 1343 2348 87.
1411 2298 1551 2349 Geh-
1653 2297 2033 2349 difficultatem
2057 2299 2255 2363 pariat,
2292 2302 2747 2350 commonstravit

456 2369 638 2433 ringer
675 2367 715 2417 1.
752 2383 916 2432 supra
967 2368 1001 2417 l.
1055 2371 1110 2416 et
1158 2368 1275 2432 ipse
1323 2369 1549 2432 agnovit
1651 2367 2045 2433 Wesselingius
2076 2368 2144 2417 ad
2167 2373 2412 2419 nostrum
2438 2367 2635 2430 locum,
2664 2377 2743 2433 et,

458 2438 747 2489 articulum
771 2439 838 2488 Pi
869 2439 927 2488 in
962 2438 1063 2487 hac
1093 2452 1246 2500 voce,
1285 2437 1380 2488 sed
1407 2437 1552 2489 Romi
1651 2443 1713 2487 ut
1766 2437 1870 2487 hoc
1922 2438 2039 2500 ipse
2080 2438 2246 2488 etiam
2294 2437 2518 2500 addam,
2580 2454 2742 2491 nemo

457 2509 624 2559 refert
647 2508 717 2559 ad
739 2507 1068 2558 Hebraicum
1098 2516 1212 2572 :q
1249 2508 1284 2558 i.
1315 2524 1364 2558 e.
1389 2509 1541 2560 altus.
1647 2507 1854 2566 nescit,
1904 2506 2153 2568 Thebas,
2200 2507 2451 2573 Abydum
2488 2506 2743 2573 aliasque

456 2595 580 2646 Alia
616 2594 844 2660 protulit
878 2594 1232 2645 Saalschuetz
1269 2593 1400 2654 (Zur
1425 2594 1547 2643 Kri-
1648 2576 1949 2641 Aegyptum
2008 2576 2170 2626 urbes
2223 2576 2470 2627 conditas
2520 2577 2650 2626 ferri
2706 2594 2744 2628 a

456 2666 541 2715 tik
575 2664 885 2716 Manen-20⁹3
917 2663 1048 2729 θη.)
1085 2679 1137 2728 Ρ,
1178 2664 1229 2715 3,
1649 2644 1775 2696 diis.
1848 2644 1958 2695 Sed
1992 2645 2120 2711 quid
2158 2645 2207 2694 si
2242 2637 2391 2695 εἶναι
2433 2661 2552 2708 αμα
2586 2648 2740 2696 τοῖσι

1647 2704 2015 2777 ἀνθρώποισι
2068 2715 2121 2764 h.
2158 2714 2196 2764 l.
2245 2730 2361 2765 eam
2405 2719 2740 2795 potestatem

1646 2783 2245 2936 ιιιῖιιιιειιὲῐξι
2282 2774 2740 2916 Ὲεεὲιιὲιῑ.

525 2909 707 2974 θεοὺς
740 2910 887 2966 εἶναι
914 2908 1049 2974 τούς
1079 2909 1138 2967 ἐν
1157 2911 1419 2984 Αἰγύπτῳ
1444 2910 1543 2980 &o—
1646 2921 1807 2973 rebus
1843 2924 2089 2972 venereis
2115 2924 2367 2987 usurpari
2402 2923 2591 2974 docuit
2606 2923 2740 2974 Val-

454 3000 660 3051 χοντας
695 3000 747 3035 κ.
785 3001 831 3035 τ.
870 2985 945 3051 L]
997 2987 1082 3036 De
1126 2987 1230 3037 diis
1273 2987 1330 3035 in
1366 2987 1544 3051 Aegy·
1646 2989 1934 3041 ckeuarius
1980 2991 2049 3041 ad
2089 2993 2278 3043 Nostri
2317 2993 2403 3055 ΙΙ,
2441 2993 2529 3044 64.
2611 2994 2738 3045 Hoc

452 3061 546 3120 pto
581 3055 935 3120 regnantibus
963 3056 1154 3106 scribit
1178 3070 1392 3121 quoque
1413 3056 1543 3106 Dio·
1647 3060 1695 3109 si
1726 3060 2012 3140 admittas,
2063 3061 2164 3112 hoc
2195 3062 2402 3127 ipsum.
2458 3053 2567 3111 οὐκ
2613 3051 2740 3110 ἐόν-

455 3125 573 3175 dor.
612 3124 659 3187 1,
690 3125 775 3174 12.
803 3125 896 3186 44,
937 3124 1032 3173 ubi
1070 3125 1180 3175 vid.
1211 3123 1539 3190 wesseling.
1643 3144 1744 3186 τας
1780 3144 1896 3192 αμα
1931 3145 1983 3179 ιι.
2024 3145 2071 3178 τ.
2115 3130 2161 3180 λ.
2213 3131 2354 3181 idem
2392 3131 2535 3182 foret
2570 3135 2739 3213 atque

454 3193 757 3246 Larcherus
781 3194 852 3244 ad
871 3193 1006 3244 illud
1032 3195 1186 3259 regni
1211 3209 1381 3259 genus
1409 3194 1543 3245 haec
1646 3199 1921 3280 superins
1938 3189 2206 3250 fere-013
2257 3192 2556 3281 δεκόμενοι
2590 3192 2738 3263 παρ’

453 3265 631 3316 relata
668 3263 813 3326 vult,
867 3264 1013 3329 quod
1059 3263 1280 3314 deorum
1326 3263 1542 3328 quidem
1644 3263 1717 3316 αι’·
1721 3264 1850 3328 τοῦ,
1887 3259 2003 3317 ἀπὸ
2042 3265 2191 3317 θεοῦ
2213 3267 2483 3333 γενέσθαι
2503 3260 2740 3332 ἅνθρω-

453 3349 648 3386 nomen
683 3333 911 3396 habeat,
951 3349 1141 3384 revera
1177 3338 1358 3383 autem
1394 3349 1428 3383 a
1454 3348 1542 3384 sa·
1642 3351 1774 3386 πον.
1802 3363 1868 3372 -
1906 3337 2334 3388 Verumtamen
2318 3340 2423 3403 ipsi
2453 3338 2737 3389 Herodoto

453 3404 764 3455 cerdotibus
812 3403 1248 3467 administretur,
1296 3403 1542 3453 theocra-
1644 3407 1954 3471 refragatur
1990 3407 2384 3472 quodammodo
2407 3408 2736 3459 Plutarchus

451 3474 621 3525 ticum
657 3473 821 3540 vulgo
860 3474 1157 3538 appellant.
1227 3474 1417 3537 Neque
1444 3473 1541 3523 ali·
1644 3476 1700 3524 in
1721 3475 2114 3540 Sympp.VlII.
2142 3492 2379 3541 prooem.
2404 3478 2650 3543 pag.718
2687 3494 2733 3528 s.

451 3548 534 3594 ter
560 3543 771 3594 iudicat
798 3544 1126 3594 Wilkinson.
1149 3543 1404 3592 Manners
1433 3547 1542 3593 etc.
1643 3544 1748 3596 960
1772 3545 2159 3609 Wyttenbach.
2164 3546 2198 3572 “
2238 3545 2492 3597 Creuzer.
2527 3545 2735 3597 Comm.

450 3627 558 3664 seo.
587 3629 689 3664 ser.
715 3615 760 3665 Ι.
785 3613 972 3678 Ρ.206,
1004 3616 1239 3678 itemque
1259 3611 1540 3674 Rosellini,
1643 3613 1886 3664 Herodd.
1943 3631 1994 3679 p.
2051 3614 2172 3667 203.
2221 3615 2344 3667 204.
2430 3615 2539 3667 Sed
2586 3616 2734 3666 conf.

451 3684 608 3732 cuius
671 3683 996 3733 sententiam
1054 3698 1179 3733 mox
1235 3681 1539 3733 afferemus.
1644 3699 1789 3734 nunc
1832 3684 2060 3735 eundem
2108 3684 2164 3734 in
2209 3685 2470 3765 Symbol.
2502 3685 2550 3736 Ι.
2582 3701 2652 3763 p.
2701 3687 2737 3737 ὃ

448 3750 718 3815 Equidem
755 3752 887 3802 haec
912 3751 980 3801 ad
1008 3768 1126 3803 eam
1152 3752 1543 3817 Aegyptiorum
1645 3752 1731 3803 ed.
1772 3757 1898 3804 tert.
1972 3754 2056 3805 Ad
2089 3753 2373 3805 lectionem
2402 3744 2509 3804 οὐκ
2536 3744 2738 3811 ἐόντας

451 3819 754 3870 doctrinam
790 3820 997 3881 refero,
1036 3821 1103 3872 de
1141 3837 1248 3886 qua
1288 3821 1540 3872 Creuzer.
1643 3822 1786 3873 redit
1821 3823 2086 3874 Rosellini
2119 3824 2267 3874 Mon.
2309 3829 2445 3875 stor.
2477 3825 2522 3877 1.
2560 3839 2615 3888 p.
2646 3825 2734 3886 71,

450 3889 702 3953 exposuit
751 3889 819 3938 ad
867 3889 1373 3952 Herod.11,145.
1456 3890 1540 3941 Ad
1642 3907 1801 3957 quam
1851 3894 1932 3943 ita
1972 3894 2203 3958 accipit.
2253 3909 2403 3956 „non
2441 3894 2739 3943 communi·

449 3956 712 4008 historiae
757 3957 919 4007 fidem
955 3964 1263 4042 certamque
1295 3963 1538 4011 aetatum
1643 3962 1792 4011 canti
1836 3962 1981 4028 cog-li
2034 3962 2280 4013 nomini“
2347 3979 2470 4014 eum
2524 3962 2738 4028 imperii

448 4026 642 4076 seriem
667 4026 1105 4077 constituendam
1129 4029 1219 4078 vix
1241 4028 1534 4095 quidquam
1641 4029 1964 4083 theocratici
2006 4032 2220 4083 modum
2258 4031 2347 4082 hic
2387 4031 2617 4097 exprimi
2653 4047 2739 4082 ra-

444 4096 580 4148 haec
623 4094 806 4145 valere
843 4110 1004 4159 posse
1039 4098 1219 4180 quivis
1255 4097 1535 4164 intelligit.
1642 4103 1765 4162 tus,
1813 4101 1869 4150 in
1907 4117 2013 4166 quo
2050 4101 2228 4166 ipsum
2268 4101 2487 4167 quidem
2535 4116 2737 4152 numen

444 4195 513 4205 --
548 4155 1011 4229 ἀπηλλαγμένους
1031 4164 1147 4231 (pro
1166 4157 1535 4232 ἀπαλλαγμέ-
1639 4169 1877 4234 imagine
1924 4175 2138 4220 tantum
2189 4177 2283 4221 aut
2324 4170 2432 4222 alio
2487 4170 2736 4236 symbolo

445 4233 604 4302 νους)
643 4250 672 4285 e
696 4233 907 4285 duobus
934 4234 1093 4285 codd.
1124 4237 1376 4301 reposui,
1413 4252 1537 4302 pro-
1641 4237 1979 4290 declaratum
2025 4245 2365 4304 compareat,
2414 4256 2589 4291 rerum
2638 4256 2736 4305 pu-

441 4306 608 4357 bante
643 4304 877 4357 Bredov,
927 4321 982 4372 p.
1021 4304 1150 4370 293,
1201 4321 1358 4373 quem
1407 4321 1535 4358 eun·
1638 4307 1905 4360 blicarum
1956 4309 2358 4362 administratio
2401 4313 2584 4362 autem
2636 4324 2733 4378 per
