3109 5092
1135 369 1636 430 EUTERPE.
1680 370 1764 431 Π.
1804 378 1894 433 46.

2531 370 2655 432 537

379 542 492 611 καὶ
543 541 885 629 γλύφουσι
929 546 1002 612 οἰ
1037 542 1377 631 ζωγράφοι
1418 545 1531 612 καὶ
1583 548 1655 614 οἱ
1694 541 2222 634 ἀγαλματοποιοὶ
2265 550 2388 616 τοῦ
2425 549 2656 633 Πανὸς

378 642 727 733 τῶγαλμα,
776 645 1075 734 κατάπερ
1087 641 1434 735 Ἕλληνες,
1477 648 1998 737 αἰγοπρόσωπον
2032 651 2145 718 καὶ
2183 657 2654 740 τραγοσκελέα,

378 747 462 818 οὗ
515 777 580 818 τι
617 754 928 819 τοιοῦτον
973 756 1355 839 νομίζοντες
1405 749 1588 820 εἶναι’
1626 780 1776 838 μιν,
1832 749 1984 821 ἀλλ’
2028 748 2264 841 ὁμοῖον
2302 770 2476 824 τοῖσι
2532 754 2652 826 ἅλ-

378 861 552 922 λοισι
581 863 823 922 θεοῖσι.

376 984 488 1043 μοι
532 951 732 1045 ἥδιόν
777 960 916 1025 ἐστι
967 959 1212 1043 λέγειν.

924 849 1082 921 ὅτευ
1134 853 1210 922 δὲ
1272 859 1499 924 εἵνεκα
1550 860 1857 925 τοιοῦτον
1896 856 2235 944 γράφουσι
2275 853 2520 944 αὐτὸν,
2573 855 2664 929 οὔ

1313 960 1625 1044 σέβονται
1681 959 1759 1027 δὲ
1818 959 2072 1040 πάντας
2131 958 2289 1041 τοὺς
2346 960 2542 1048 αἶγας
2592 969 2663 1034 οἱ

377 1058 793 1149 Μενδήσιοι,
859 1062 972 1129 καὶ
1012 1065 1270 1147 μᾶλλον
1298 1058 1456 1141 τούς
1487 1068 1766 1149 ἔρσενας
1805 1068 1942 1132 τῶν
1970 1065 2278 1151 θηλέων,
2348 1068 2461 1134 καὶ
2497 1067 2650 1136 τού-

376 1228 584 1278 desium
619 1228 787 1278 refert
821 1227 1090 1293 Seyffarth
1127 1227 1165 1280 l.
1203 1228 1240 1280 l.
1274 1244 1328 1292 p.
1362 1228 1463 1279 110

375 1295 500 1348 coll.
527 1296 644 1349 143.
693 1298 980 1348 Caeterum
1013 1314 1209 1348 nomen
1246 1297 1464 1349 Mendes

374 1383 475 1417 nec
493 1367 613 1417 urbi
639 1383 739 1417 nec
762 1383 921 1417 nomo
938 1368 1064 1417 inde
1078 1367 1462 1433 cog-nominato

373 1452 568 1488 revera
602 1437 730 1486 olim
769 1438 938 1487 fuisse
965 1438 1248 1487 contendit
1272 1437 1464 1488 Cham-

375 1505 542 1572 pollio
592 1505 835 1572 l’Egypt.
895 1522 1025 1557 sous
1079 1507 1118 1558 l.
1165 1508 1327 1558 Phar.
1383 1508 1462 1559 11.

374 1593 500 1642 pag.
552 1576 680 1637 124,
727 1592 847 1626 cum
897 1592 1094 1626 nomeu
1133 1577 1463 1642 Aegyptium

375 1646 540 1697 fuerit
555 1644 766 1695 Schmun
803 1662 870 1696 an
903 1647 1096 1696 Erman
1131 1646 1224 1708 (de
1259 1646 1316 1696 la
1349 1663 1466 1713 gre-

373 1715 570 1778 nade),
638 1715 850 1766 duabus
907 1717 1198 1781 postremis
1254 1716 1464 1767 voculis

373 1786 498 1835 ideo
542 1784 797 1848 adiectis,
847 1786 1042 1851 quibus
1085 1786 1215 1836 urbs
1246 1787 1466 1836 inferio-

371 1856 446 1904 ris
490 1855 727 1919 Aegypti
781 1855 1207 1920 distingueretur
1256 1857 1326 1906 ab
1376 1872 1460 1918 ea,

373 1939 514 1989 quae
593 1926 646 1973 in
719 1926 901 1975 media
974 1926 1226 1990 Aegypto
1297 1926 1463 1976 fuerit

370 1993 580 2043 Schmun
614 2010 821 2059 mamea,
873 1995 1096 2046 Graecis
1146 2010 1286 2059 quae
1330 1996 1462 2046 dici-

370 2068 460 2114 tur
483 2063 828 2128 Hermopolis
859 2079 1076 2128 magna.
1149 2066 1223 2114 Et
1259 2080 1462 2131 cogno-

371 2148 492 2183 men
531 2148 565 2182 a
599 2138 778 2184 terrae
813 2132 997 2183 indole
1029 2133 1247 2185 ductum
1269 2171 1282 2196 ,
1321 2151 1460 2200 quae

370 2204 617 2268 granatis
650 2202 931 2269 (Punicis)
978 2204 1050 2253 sit
1099 2203 1456 2256 feracissima.

369 2273 512 2324 Utut
540 2277 641 2334 est,
678 2288 786 2322 non
821 2273 1046 2323 multum
1081 2274 1211 2324 urbs
1248 2279 1457 2324 remota

372 2347 490 2392 erat
548 2357 582 2391 a
627 2343 878 2406 Diospoli
945 2348 1002 2392 et
1053 2343 1307 2394 Busiride
1365 2359 1456 2394 ur-

371 2412 561 2473 bibus,
616 2413 859 2477 marique
911 2412 1244 2477 propinqua,
1312 2418 1454 2464 teste

369 2481 639 2532 Strabone
674 2482 852 2532 XVII.
898 2498 953 2546 p.
992 2482 1095 2532 802
1141 2497 1186 2530 s.
1225 2499 1279 2547 p.
1324 2484 1458 2535 1151

369 2552 435 2601 A.
469 2552 532 2601 Β.
615 2552 773 2601 Nunc
823 2551 941 2601 loco
989 2567 1182 2601 nomen
1233 2551 1456 2602 Ashmnn

368 2637 412 2670 s.
459 2619 694 2684 Oskmnn,
752 2621 864 2671 vid.
921 2620 1341 2673 Sch'lichthorst.
1398 2623 1454 2671 in

368 2692 569 2755 Geogr.
606 2690 776 2740 Afric.
816 2689 1081 2741 Herodot.
1116 2707 1169 2756 p.
1203 2691 1289 2754 73,
1328 2692 1453 2742 coll.

373 2759 677 2824 Champoll.
711 2758 749 2809 l.
789 2759 826 2809 l.
863 2776 917 2823 p.
957 2758 1073 2810 128.

367 2915 397 2947 2
435 2821 818 2965 affimat&
855 2821 930 2947 {3⁷⁸¹
948 2820 1450 2963 1’‘“‡.{‡z’'⁹2‘:-2’;‡.’.‘·

360 2971 565 3031 pic-eura
599 2959 1013 3030 repraesentare,
1055 2983 1227 3032 eoque
1250 2967 1453 3017 discer-

364 3038 512 3087 nitur
537 3037 752 3087 averbo
777 3029 1034 3100 γλύφειν,
1079 3037 1146 3086 de
1173 3052 1278 3102 quo
1308 3038 1454 3087 conf.

367 3111 508 3158 nott.
545 3107 616 3156 ad
653 3107 726 3168 11,
764 3110 818 3158 4.
854 3108 941 3158 41.
1018 3107 1152 3156 Inde
1187 3106 1453 3156 videbun-

367 3181 456 3226 tur
503 3191 611 3227 non
657 3176 923 3237 absurda,
988 3191 1127 3240 quae
1180 3176 1452 3226 Gesnerus

367 3245 661 3309 adscripsit
696 3246 767 3296 ad
813 3245 867 3297 h.
920 3246 957 3295 l.
1007 3246 1064 3295 in
1112 3245 1456 3295 Chrestoma-

365 3316 484 3365 thia
531 3316 742 3367 Graeca
788 3316 858 3366 ab
911 3316 1031 3380 ipso
1079 3315 1229 3364 edita
1273 3315 1450 3380 (Lips.

370 3385 548 3450 1734),
608 3386 761 3435 cuius
814 3383 1089 3448 exemplar
1148 3389 1232 3434 est
1283 3400 1451 3449 penes

364 3454 712 3505 Creuzerum:
744 3454 1036 3515 „Debebat
1054 3452 1236 3503 dicere
1251 3469 1335 3516 γρ.
1357 3449 1453 3503 καὶ

364 3515 701 3587 γλύφουσιν.
774 3522 881 3574 Sed
915 3524 972 3573 in
1003 3521 1205 3573 talibus
1233 3538 1341 3572 nou
1367 3538 1452 3572 sa-

365 3594 437 3644 tis
472 3594 717 3643 accurati
755 3598 883 3643 sunt
925 3593 1247 3656 scriptores:
1297 3593 1450 3641 cuius

365 3662 578 3726 generis
625 3667 681 3712 et
725 3661 836 3712 alia
886 3661 1134 3725 exempla
1180 3662 1452 3726 reperiun-

362 3732 511 3782 tur.“
584 3733 711 3781 Mox
753 3747 887 3782 cave
933 3736 1110 3781 mutes
1152 3742 1450 3793 τραγοσκε-

362 3801 459 3850 λέα
507 3799 590 3864 (ut
631 3802 886 3852 nimirum
933 3816 1055 3851 cum
1098 3800 1447 3850 substantivo

362 3861 626 3933 τῶγαλμα
656 3871 990 3932 conveniat),
1029 3884 1150 3919 cum
1178 3869 1311 3919 illud
1332 3885 1449 3933 per-

364 3941 538 3989 tineat
564 3939 632 3988 ad
663 3931 877 4002 Πανὸς,
918 3942 1195 3989 structura
1221 3939 1447 3990 Graecis

363 4009 721 4074 scriptoribus
757 4008 903 4059 haud
935 4007 1179 4058 insolita.
1238 4007 1448 4058 Similia

363 4078 626 4141 quaedam
672 4077 832 4128 affert
874 4076 1073 4128 Matth.
1126 4077 1216 4128 Gr.
1259 4077 1352 4127 Gr.
1393 4080 1443 4139 ξ.

359 4146 483 4198 434.
513 4162 567 4211 p.
591 4147 697 4197 810
718 4164 830 4212 seq.
851 4152 964 4196 not.
1025 4146 1109 4195 De
1133 4146 1295 4196 Panis
1318 4147 1448 4196 ima-

360 4216 579 4280 ginibus
617 4217 842 4268 Graecis
875 4216 1059 4266 confer
1096 4215 1171 4265 sis
1207 4216 1275 4264 W
1279 4215 1448 4264 inkel-

358 4301 538 4335 mann.
563 4286 702 4350 Opp.
744 4290 877 4335 tom.
915 4285 1013 4335 IV.
1048 4300 1102 4348 p.
1136 4284 1223 4334 79.
1253 4284 1350 4342 VI,
1390 4287 1441 4333 2.

356 4370 408 4418 p.
449 4354 546 4406 231
590 4354 674 4404 ed.
725 4353 921 4407 Dresd.
962 4353 1025 4404 O.
1076 4354 1141 4403 O.
1191 4352 1443 4402 Mueller:

353 4423 573 4474 Handb.
615 4424 669 4475 d.
707 4422 1065 4488 Archaeolog.
1104 4421 1155 4484 ξ.
1196 4420 1317 4473 387.
1354 4422 1441 4475 Cr.

1565 1230 1778 1281 confert
1823 1231 1942 1281 The
1995 1230 2208 1282 classic.
2247 1232 2495 1285 Journal.
2544 1235 2653 1286 vol.

1563 1301 1631 1351 V.
1673 1316 1728 1364 p.
1764 1301 1869 1353 408
1905 1316 2018 1379 seq.

1637 1364 1710 1421 οὔ
1744 1386 1797 1419 τι
1844 1384 2111 1419 τοιουτον
2148 1366 2472 1433 νομίζοντες
2506 1364 2662 1422 εἷναί

1564 1453 1681 1504 μιν,
1712 1429 1832 1489 ἀλλ’
1856 1429 2060 1502 ὁμοῖον
2085 1441 2234 1488 τοῖσι
2257 1432 2472 1489 ἄλλοισι
2495 1440 2655 1492 θεοῖ-

1568 1506 1648 1574 σι]
1700 1510 1853 1560 Haec
1880 1509 1961 1559 ita
1993 1509 2270 1574 intelligo,
2308 1514 2369 1559 ut
2395 1510 2657 1577 Aegyptii

1567 1580 1722 1629 Pana
1753 1580 1972 1629 minime
1994 1578 2157 1629 talem
2190 1579 2350 1630 deum
2380 1582 2655 1632 existima-

1566 1649 1772 1712 verint,
1822 1649 1964 1699 facie
2008 1649 2232 1714 caprina
2279 1649 2523 1714 hircique
2566 1668 2655 1716 pe-

1570 1718 1730 1768 dibus
1750 1720 2075 1768 instructum
2092 1755 2105 1780 ,
2144 1718 2240 1767 sed
2262 1716 2492 1769 similem
2522 1736 2653 1771 eun-

1567 1788 1689 1837 dem
1723 1786 1948 1852 reliquis
1974 1787 2077 1836 diis
2104 1792 2653 1854 repraesentaverint,

1567 1873 1699 1922 quos
1718 1855 1932 1907 scilicet
1960 1855 2274 1906 animalium
2296 1859 2546 1922 partibus
2573 1876 2656 1910 or-

1563 1930 1724 1977 natos
1769 1926 2157 1991 conspicimus,
2210 1932 2271 1975 ut
2317 1927 2518 1978 Isidem
2556 1930 2653 1980 bu-

1565 1995 1720 2046 culae
1755 1996 2040 2058 cornibus,
2088 1996 2274 2045 Iovem
2326 1998 2513 2048 arietis
2562 2015 2650 2050 ca-

1563 2066 1676 2130 pite
1708 2065 2042 2131 praeditum,
2082 2065 2220 2116 alios
2259 2065 2383 2116 aliis
2423 2069 2653 2119 attribu-

1560 2136 1655 2185 tis.
1729 2135 1964 2186 Causam
2000 2136 2165 2185 moris
2190 2136 2470 2187 Herodoto
2493 2138 2648 2200 bene,

1561 2211 1621 2254 ut
1648 2205 1897 2270 equidem
1923 2202 2200 2264 existimo,
2245 2207 2518 2270 cognitam
2549 2225 2650 2259 nec

1559 2280 1743 2325 tamen
1793 2273 2063 2340 prolatam
2116 2274 2397 2340 religionis
2449 2280 2647 2343 gratia,

1555 2344 1919 2395 indicavimus
1954 2360 2137 2409 supra.

1628 2405 1700 2464 οὔ
1744 2428 1841 2477 μοι
1886 2402 2058 2478 ἥδιόν
2102 2403 2217 2462 ἔστι
2263 2409 2463 2477 λέγειν]
2517 2414 2555 2465 i.
2595 2431 2642 2466 e.

1556 2483 1698 2534 haud
1714 2484 1828 2535 mihi
1843 2485 1994 2546 lubet,
2021 2483 2261 2533 convenit.
2320 2482 2478 2532 Conf.
2505 2488 2645 2536 nott.

1558 2554 1630 2603 ad
1665 2554 1741 2616 11,
1783 2553 1851 2602 45
1887 2554 1942 2602 in
1979 2552 2072 2602 fin.
2113 2557 2168 2601 et
2200 2550 2415 2602 Aelian.
2461 2554 2529 2602 N.
2574 2555 2641 2605 A.

1555 2622 1657 2681 v1,
1694 2623 1761 2671 44
1795 2621 1981 2686 ibique
2013 2621 2229 2671 Iacobs.

1627 2682 1846 2747 πάντας
1868 2682 2003 2746 τοὺς
2021 2682 2205 2755 αἶγας]
2240 2691 2326 2740 Gr.
2361 2689 2503 2739 conf.
2532 2691 2646 2740 Vil-

1552 2759 1750 2810 loison.
1787 2761 1872 2810 ·ad
1908 2758 2158 2823 Apollon.
2204 2759 2338 2810 Lex.
2381 2759 2544 2809 Hom.
2590 2778 2643 2826 p.

1553 2828 1659 2880 468
1694 2828 1858 2892 Toll.,
1895 2829 1988 2879 ubi
2024 2830 2093 2879 de
2138 2844 2275 2878 voce
2323 2821 2448 2890 αἲξ,
2500 2845 2643 2894 quae

1554 2898 1856 2949 masculino
1891 2914 2091 2964 genere
2128 2898 2471 2948 adhibeatur.

1624 2964 1721 3018 καὶ
1747 2966 1959 3033 μᾶλλον
1980 2959 2122 3026 ,τοὺς
2142 2960 2371 3031 ἔρσενας
2400 2964 2514 3016 τοῖν
2534 2966 2644 3031 θη-

1554 3035 1723 3102 λέων]
1769 3038 1976 3103 Capros
2015 3038 2267 3087 hircosve
2315 3053 2409 3087 cur
2465 3038 2643 3104 magis

1553 3108 1897 3170 honoratim,
1935 3107 2081 3157 haud
2114 3107 2310 3158 latebit
2346 3122 2494 3170 eum,
2530 3109 2641 3172 qui,

1556 3193 1699 3244 quae
1735 3179 1800 3228 de
1836 3178 2003 3228 Panis
2052 3181 2251 3227 natura
2303 3192 2471 3241 supra
2507 3177 2642 3226 dixi-

1554 3263 1674 3298 mus
1699 3247 1969 3298 foecunda
1992 3248 2339 3310 omniumque
2358 3262 2533 3296 rerum
2549 3263 2642 3311 ge-

1553 3317 1769 3380 nitrice,
1807 3317 2161 3382 reputaverit.
2234 3316 2299 3365 In
2335 3316 2514 3366 verbis
2555 3332 2641 3366 se-

1552 3387 1842 3451 quentibus
1867 3386 2158 3436 haeserunt
2185 3386 2510 3448 interpretes
2542 3400 2640 3434 va-

1550 3458 1742 3521 riaque
1785 3459 2087 3506 tentarunt.
2162 3455 2291 3505 Sine
2335 3469 2529 3508 causa,
2579 3460 2642 3503 ut

1552 3526 1685 3574 mihi
1724 3526 1960 3576 videtur.
2014 3526 2151 3573 Nam
2181 3524 2410 3587 primum
2436 3522 2491 3572 in
2521 3539 2640 3572 ver-

1550 3595 1637 3644 bis
1678 3590 1774 3643 καὶ
1821 3588 2042 3643 τούτων
2093 3585 2153 3641 οἵ
2194 3583 2426 3640 αἰπόλοι
2477 3585 2641 3655 τιμὰς

1551 3661 1790 3725 μέζονας
1817 3659 2024 3727 ἔχουσι,
2059 3666 2245 3726 aperte
2269 3652 2491 3709 τούτων
2524 3677 2642 3725 per-

1552 3734 1693 3783 tinet
1731 3733 1803 3783 ad
1843 3725 2008 3796 αἷγας
2054 3727 2313 3794 ἔρσενας,
2362 3734 2423 3779 ut
2470 3730 2641 3781 hirco-

1552 3817 1670 3851 rum
1698 3805 1944 3866 pastores
1970 3802 2230 3851 maiorem
2266 3815 2428 3864 quam
2453 3816 2639 3865 capra-

1549 3886 1668 3921 rum
1703 3872 1959 3922 honorem
1995 3875 2182 3920 tenere
2210 3870 2482 3920 dicantur.
2533 3871 2638 3919 Lo-

1549 3941 1697 3990 cutio
1732 3931 1971 3996 αἰπόλος
1992 3935 2171 4003 αἰγῶν
2197 3938 2329 3989 nihil
2361 3939 2526 3990 habet
2544 3941 2636 3989 ab-

1549 4010 1698 4070 soni,
1737 4024 1898 4074 quum
1935 4008 2228 4073 aliquoties
2267 4024 2487 4059 causus
2524 4009 2637 4059 fue-

1549 4079 1623 4128 rit
1642 4078 1929 4139 Homerus,
1957 4094 2010 4126 v.
2028 4094 2078 4129 c.
2097 4078 2296 4142 Odyss.
2310 4078 2489 4140 XVII,
2507 4079 2630 4129 246.

1550 4148 1673 4197 269.
1736 4147 1891 4196 Haec
1928 4147 2094 4210 igitur
2132 4148 2302 4198 verba
2337 4141 2456 4210 (καὶ
2505 4139 2636 4195 τού-

1547 4230 1664 4264 των
1700 4246 1771 4256 —-
1806 4211 2020 4280 ἔχουσι)
2059 4217 2106 4266 si
2154 4231 2249 4280 per
2282 4215 2636 4280 parenthesin

1548 4285 1704 4351 quasi
1739 4285 2028 4336 interiecta
2071 4286 2343 4349 accipias,
2394 4284 2527 4334 nihil
2579 4286 2636 4333 in

1548 4370 1612 4404 eo
1651 4353 1917 4416 offendes,
1966 4353 2109 4419 quod
2151 4355 2319 4405 verba
2354 4355 2638 4418 sequentia

1546 4413 1607 4472 ἐκ
1643 4417 1707 4472 δὲ
1742 4414 1964 4472 τούτων
1999 4416 2081 4478 εἷς
2123 4414 2363 4486 μάλιστα
2408 4436 2461 4471 κ.
2497 4437 2547 4471 τ.
2586 4421 2634 4470 λ.
