3109 5092
1167 342 1664 404 EUTERPE.
1708 343 1794 402 II.
1839 353 1929 410 67.

2559 339 2685 402 579

401 519 553 598 adas
589 517 702 586 καὶ
732 513 890 595 τοὺς
926 525 1161 606 ἴρηκας
1196 512 1532 603 ἀπάγουσι
1576 518 1644 597 ἐς
1674 523 1983 589 Βουτοῦν
2018 517 2252 604 πόλιν,
2288 514 2406 598 τὰς
2440 516 2516 586 δὲ
2549 523 2683 604 ἴβις

401 624 467 701 ἐς
504 617 756 712 Ἑρμέω
793 617 1010 691 πόλιν.
1098 615 1216 698 τὰς
1260 619 1336 689 δὲ
1369 617 1696 711 ἄρκτους,
1747 620 1986 703 ἐούσας
2015 627 2337 706 σπανίας,
2378 622 2490 689 καὶ
2525 617 2684 700 τούς

406 786 616 850 dictus,
652 802 810 852 quem
842 786 1072 837 viverris
1088 799 1380 837 accensere
1413 801 1498 837 so-

407 857 539 922 lent,
569 862 712 907 teste
748 857 957 908 Leske=
1001 856 1497 922 Naturgeschichte

409 943 536 992 pag.
580 926 696 977 176.
772 926 931 977 Cons.
951 926 1260 991 interprett.
1280 926 1352 976 ad
1373 926 1497 975 Am-

409 998 577 1049 mian.
625 995 872 1046 Marcell.
910 995 1088 1058 XXII,
1141 996 1226 1047 15.
1269 995 1319 1058 §-
1371 995 1494 1046 19.“

408 1068 495 1119 Gr.
589 1067 676 1116 De
720 1066 858 1116 Bato
906 1065 1040 1116 urbe
1101 1066 1248 1117 conf.
1303 1064 1374 1115 ad
1419 1064 1495 1127 11,

409 1137 529 1187 155.
567 1165 639 1175 —
684 1131 906 1200 μυγαλῆ
955 1135 1073 1185 sive
1113 1151 1221 1186 mus
1271 1150 1496 1185 araneus

406 1206 478 1255 ad
512 1209 727 1257 sor-imm
763 1219 936 1269 genus
972 1204 1232 1268 refertur,
1282 1204 1496 1255 rarissi-

406 1291 637 1341 maeque
662 1275 917 1325 dicuntur
935 1274 1096 1325 huius
1115 1274 1366 1326 animalis
1383 1289 1497 1323 mu-

407 1346 567 1396 miae.
639 1344 768 1396 vid.
810 1344 1130 1394 Reinhardt.
1180 1344 1218 1394 1.
1257 1344 1292 1395 l.
1331 1360 1387 1409 Ρ.
1433 1342 1496 1394 18

405 1429 522 1480 seq.
604 1414 688 1465 Ab
732 1413 1021 1464 Athribitis
1078 1412 1219 1463 hanc
1261 1413 1497 1464 bestiam

407 1484 515 1534 coli
548 1488 788 1533 testatur
823 1483 1023 1534 Strabo
1062 1483 1243 1534 XVII.
1282 1500 1337 1549 p.
1370 1481 1494 1534 813.

406 1554 610 1605 Thebis
643 1553 857 1603 numias
894 1552 1052 1602 buius
1076 1552 1285 1603 bestiae
1321 1566 1500 1617 reper-

406 1630 493 1674 tas
516 1638 638 1673 esse
653 1660 667 1687 ,
707 1620 801 1672 sed
823 1623 880 1672 in
903 1621 1200 1687 sculpturis
1220 1637 1497 1687 nunquam

407 1709 526 1744 eam
564 1692 810 1757 conspici
851 1692 1053 1743 asserit
1087 1691 1420 1743 Wilkinson.
1459 1690 1496 1741 1.

405 1763 443 1814 1.
484 1779 539 1828 p.
569 1762 672 1814 133
706 1777 843 1827 seq„
880 1762 969 1812 cui
1012 1765 1098 1812 est
1129 1761 1304 1812 Sor-ex
1336 1776 1500 1826 myos-

408 1848 551 1896 ms,
590 1832 784 1882 nobis:
805 1830 1107 1895 Spiczmaus.
1150 1831 1310 1882 Cous.
1334 1832 1498 1882 etiam

407 1901 606 1954 Boeth.
651 1900 688 1951 1.
724 1899 763 1951 1.
795 1905 939 1954 nott.
967 1916 1094 1966 pag.
1126 1902 1213 1953 51.
1286 1902 1352 1951 In
1379 1901 1502 1965 ipsa

408 1972 562 2022 vocis
610 1971 882 2035 scriptura
924 1971 1214 2021 admodum
1253 1971 1498 2022 variant:

413 2040 662 2106 equidem
687 2039 812 2090 dedi
833 2031 1133 2104 μυγαλέας,
1172 2040 1501 2091 Bredovium

411 2115 631 2161 secutus
665 2126 719 2175 p.
757 2109 860 2161 215
896 2114 950 2159 et
972 2110 1263 2174 praecipue
1289 2125 1342 2175 p.
1374 2110 1500 2160 220.

478 2171 579 2236 τὰς
600 2171 664 2228 δὲ
750 2193 803 2234 ις
835 2170 891 2236 ἐς
913 2170 1128 2244 Ἑρμέω
1154 2171 1348 2244 πόλιν]
1365 2179 1501 2229 Post

409 2248 660 2300 voculam
742 2263 794 2305 ις
823 2248 1126 2314 Schweigh.
1158 2249 1389 2298 inseruit
1406 2262 1500 2298 vo-

410 2334 504 2369 ces
539 2308 743 2375 ἐούσας
766 2310 912 2382 sedec,
950 2333 1091 2383 quae
1112 2322 1295 2369 tamen
1327 2333 1362 2367 a
1392 2332 1500 2367 me·

409 2388 564 2438 lioris
615 2392 780 2438 notae
849 2388 1131 2438 codicibus
1189 2388 1393 2437 absunt
1445 2392 1501 2436 et

412 2457 633 2508 omnino
679 2455 1039 2522 glossatorem
1085 2457 1323 2523 sapiunt.
1398 2456 1502 2506 Oc·

413 2530 637 2580 currunt
679 2541 808 2577 vero
846 2526 986 2577 duae
1020 2526 1183 2578 urbes
1220 2527 1500 2589 Hermopo-

415 2600 479 2647 le‘s
518 2596 736 2646 nomine
776 2596 1091 2662 insignitae,
1130 2596 1305 2646 altera
1334 2610 1501 2659 parva

412 2667 470 2716 in
505 2666 729 2730 regione
779 2666 1018 2732 Aegypti
1050 2666 1324 2716 inferioris
1361 2664 1502 2715 occi-

416 2735 651 2797 dentali,
719 2750 862 2801 quae
929 2740 1086 2787 extra
1153 2734 1321 2785 Delta
1397 2738 1500 2796 est,

413 2820 587 2868 nunc,
622 2804 706 2854 uti
724 2804 945 2870 volunt,
984 2803 1260 2870 appellata
1276 2805 1502 2854 Daman-

413 2875 537 2936 har3
586 2874 700 2924 eius
734 2879 918 2926 tamen
962 2874 1114 2925 nulla
1154 2873 1297 2938 apud
1333 2873 1506 2923 Hero·

418 2944 603 2994 dotum
637 2946 870 3006 mentio,
919 2944 1014 3009 qui
1052 2944 1376 3007 Hermopolin
1410 2956 1505 2991 no-

415 3014 499 3064 vit
522 3029 774 3079 inaquam,
813 3014 977 3063 sitam
1014 3014 1070 3063 in
1109 3029 1176 3063 ea
1207 3010 1504 3077 superioris

415 3083 654 3149 Aegypti
672 3083 921 3149 regione,
961 3083 1051 3134 cui
1084 3098 1279 3134 nomen
1300 3083 1506 3145 Hepta-

416 3153 623 3215 nomis,
664 3168 913 3218 quaeque
931 3153 1002 3203 ab
1025 3151 1146 3203 aliis
1176 3153 1340 3202 etiam
1367 3150 1502 3201 The-

417 3222 570 3273 baidi
602 3221 1007 3273 adnumeratur.
1081 3221 1221 3272 Vide
1243 3220 1507 3272 Schlicht-

416 3292 587 3342 horst.
624 3290 662 3342 l.
706 3291 744 3344 l.
798 3307 925 3358 pag.
962 3293 1051 3345 97.
1087 3290 1186 3354 98,
1234 3291 1503 3340 Mannert.

415 3361 451 3411 l.
501 3359 538 3411 1.
590 3361 659 3421 Χ,
720 3361 770 3412 1.
822 3375 949 3426 pag.
999 3361 1099 3412 397
1143 3376 1259 3425 seq.
1344 3359 1505 3410 Cous.

420 3432 584 3481 etiam
619 3430 927 3481 Prokesch:
962 3430 1211 3480 Erinner.
1240 3429 1286 3480 1.
1310 3444 1366 3493 p.
1407 3428 1506 3479 114

421 3516 574 3565 seqq.
604 3504 661 3549 et
695 3498 825 3560 alia,
861 3514 1002 3564 quae
1026 3498 1186 3550 affert
1212 3499 1503 3564 Forbiger:

418 3570 641 3620 Handb.
683 3568 737 3620 d.
776 3568 874 3624 alt.
925 3569 1124 3635 Geogr.
1173 3568 1252 3618 11.
1297 3583 1351 3632 p.
1402 3567 1504 3617 787

421 3644 536 3689 not.
607 3638 766 3690 Nunc
810 3636 920 3688 illis
965 3637 1023 3688 in
1069 3636 1381 3703 regionibus
1426 3636 1507 3685 in-

420 3707 640 3759 venitur
692 3708 846 3757 vicus
909 3708 1127 3758 nomine
1170 3705 1507 3770 Alc-lemnum,

421 3778 701 3843 multaque
736 3793 770 3826 a
808 3775 982 3828 Gallis
1015 3781 1143 3828 sunt
1164 3777 1389 3826 inventa
1422 3790 1511 3824 ru·

422 3846 552 3897 dera
633 3846 1042 3912 magnificorum
1121 3844 1506 3906 aedificiorum,

424 3915 774 3982 templorum,
822 3915 1192 3968 columnarum
1239 3914 1401 3980 longe
1434 3912 1512 3963 la-

425 3990 589 4052 teque
623 4001 720 4052 per
753 4000 976 4050 campos
1017 3984 1286 4049 dispersa.
1357 3985 1513 4046 Quae

423 4060 608 4105 tamen
650 4070 761 4104 non
806 4054 990 4106 omnia
1031 4054 1100 4104 ad
1135 4051 1513 4117 Hermopolin,

423 4129 488 4174 ut
520 4123 662 4176 Galli
699 4123 780 4174 illi
829 4123 1194 4185 contendunt,
1242 4122 1513 4186 pertinere

423 4209 588 4259 posse
632 4197 792 4259 putat
839 4194 1159 4243 Mannertus
1201 4190 1323 4242 loco
1369 4191 1410 4241 l.
1457 4207 1511 4256 p.

425 4263 549 4314 399.
620 4264 739 4314 Nec
773 4262 939 4314 valde
972 4265 1238 4313 remotum
1273 4261 1342 4312 ab
1379 4262 1517 4311 Her-

1599 792 1749 840 certe
1796 790 1868 841 ad
1915 790 2032 840 eius
2078 789 2340 841 ditionem
2389 788 2690 853 proximam

1598 859 1904 924 pertinens,
1952 875 2074 910 cum
2118 858 2288 909 ibium
2333 858 2562 908 mumias
2608 872 2692 907 re-

1601 925 1825 994 ciperet,
1858 929 1986 979 inde
2004 943 2218 995 quoque
2234 943 2430 980 nomen
2455 927 2690 978 traxisse

1597 998 1833 1051 videtur.
1904 998 2029 1050 vid.
2069 996 2368 1064 Champoll.
2408 996 2445 1047 1.
2488 996 2525 1047 1.
2562 997 2606 1048 1.
2633 1012 2688 1061 Ρ.

1598 1067 1720 1118 295.
1758 1067 1881 1131 296,
1919 1068 2012 1133 qui
2044 1068 2168 1119 ideo
2203 1067 2542 1118 Herodotum
2581 1080 2691 1115 non

1597 1151 1819 1202 prorsus
1864 1144 2121 1187 accurate
2167 1137 2256 1188 hic
2304 1137 2456 1202 loqui
2489 1141 2691 1197 monet,

1599 1222 1721 1258 cum
1759 1207 1876 1257 ibes
1912 1205 2229 1271 Hermopoli
2263 1206 2534 1271 repositas
2569 1219 2692 1255 esse

1599 1276 1824 1327 scribat.
1872 1276 2011 1326 Nam
2038 1275 2424 1341 intelligendas
2456 1289 2576 1325 esse
2596 1288 2689 1324 eas

1599 1350 1813 1396 tautum
1850 1345 1996 1408 ibes,
2049 1360 2191 1411 quae
2228 1346 2285 1395 in
2320 1344 2537 1409 templis
2575 1343 2690 1393 fue-

1598 1416 1709 1465 rint
1727 1415 1965 1466 nutritae
1999 1413 2286 1480 (religione
2322 1415 2545 1479 publica
2577 1413 2693 1478 opi-

1600 1499 1700 1535 nor
1756 1491 2106 1536 consecratas
2159 1483 2407 1550 dixeris),
2463 1498 2585 1533 cum
2634 1483 2692 1531 in

1601 1555 1807 1619 cryptis
1836 1554 2206 1619 Memphiticis
2233 1553 2479 1604 infinitus
2506 1566 2692 1603 uume-

1599 1639 1693 1674 rus
1725 1624 1894 1674 ibium
1920 1623 2261 1674 conditarum
2297 1629 2544 1688 repertus
2580 1622 2694 1672 fue-

1599 1694 1690 1743 rit.
1761 1694 2111 1744 Domesticae
2146 1694 2316 1759 igitur
2348 1692 2452 1743 hae
2488 1692 2694 1742 fuerint

1600 1763 1745 1826 ibes,
1793 1762 1921 1812 illae
1966 1763 2221 1828 publicae
2273 1767 2328 1812 et
2361 1777 2580 1822 sacrae3
2631 1765 2694 1809 ut

1604 1832 1747 1883 enim
1769 1833 1994 1897 quaevis
2017 1834 2355 1897 privatorum
2381 1832 2571 1882 domus
2596 1844 2694 1894 per

1601 1902 1912 1952 universam
1925 1902 2231 1967 Aegyptum
2252 1916 2407 1951 avem
2431 1914 2587 1951 suam
2605 1913 2694 1948 sa-

1602 1986 1751 2023 cram
1801 1971 2009 2022 nutrire
2060 1971 2299 2033 solebat,
2361 1972 2443 2021 ita
2482 1970 2590 2020 ibis
2636 1968 2695 2018 in

1604 2040 1823 2105 templis
1882 2040 2090 2091 nutrita
2140 2045 2196 2090 et
2252 2041 2411 2106 quasi
2468 2039 2691 2090 deorum

1603 2110 1988 2161 consuetudini
2013 2110 2236 2160 admota
2264 2114 2375 2172 est,
2414 2108 2560 2175 quod
2582 2121 2696 2157 mo-

1603 2184 1696 2230 net
1718 2179 1972 2231 Creuzer.
2003 2180 2329 2231 Commentt.
2359 2177 2607 2230 Herodd.
2636 2192 2690 2242 p.

1586 2249 1722 2313 164.
1810 2250 1954 2300 Hinc
1996 2250 2149 2300 vario
2199 2249 2359 2300 modo
2414 2246 2516 2298 hae
2563 2261 2694 2297 aves

1600 2318 1943 2439 22¹2⁰¹³¹22³J1¹1¹f
1978 2317 2696 2451 ἵξῗέξῗιᾝὲἔηίῗῗὲἷῖἷ

1606 2456 1709 2509 313
1743 2474 1857 2524 seq.
1928 2459 2013 2508 De
2046 2459 2169 2523 ipsa
2194 2474 2296 2509 ave
2321 2458 2548 2522 eiusque
2572 2470 2696 2506 san-

1604 2529 1803 2577 ctitate
1838 2527 1984 2591 apud
2012 2527 2314 2592 Aegyptios
2350 2526 2592 2577 dicemus
2623 2523 2694 2574 ad

1607 2597 1684 2658 11,
1723 2597 1808 2648 75.
1880 2597 2002 2646 Hoc
2033 2595 2155 2646 loco
2180 2595 2318 2645 illud
2354 2594 2695 2660 potissimum

1604 2665 1780 2715 teneri
1834 2664 2114 2727 volumus,
2174 2665 2319 2729 qnod
2377 2664 2512 2725 ibis,
2574 2678 2696 2713 cum

1606 2734 1855 2785 Niliacae
1890 2732 2264 2784 inundationis
2295 2737 2443 2784 esset
2480 2732 2696 2797 signum

1604 2819 1672 2854 ac
1709 2802 2038 2868 symbolum,
2072 2803 2345 2853 Mercurio
2369 2815 2587 2867 quoque
2611 2815 2698 2850 sa·

1606 2888 1703 2926 ora
1737 2871 2152 2938 perhibebatur,
2192 2872 2284 2938 qui
2321 2872 2452 2922 deus
2490 2869 2697 2936 primus

1608 2942 1720 2993 Nili
1753 2942 2046 2993 crescentis
2064 2957 2346 2993 mensuras
2369 2941 2617 3008 percepit
2641 2942 2699 2990 et

1607 3012 1875 3062 indicavit
1891 3050 1904 3075 ,
1941 3010 2176 3077 indeque
2199 3012 2366 3062 ibidis
2393 3011 2576 3077 capite
2602 3010 2699 3060 im·

1608 3082 1788 3147 posito
1834 3087 2274 3147 repraesentatus
2327 3084 2606 3147 comparet
2639 3080 2699 3128 in

1609 3150 1934 3217 anaglyphis
1948 3166 2016 3202 ac
2039 3152 2267 3217 picturis
2285 3152 2696 3216 Aegyptiom.

1609 3222 1792 3283 Quare
1828 3221 2161 3288 Hermopoli,
2199 3222 2237 3272 i.
2260 3236 2309 3271 e.
2346 3219 2605 3271 Mercurii
2640 3219 2698 3267 in

1611 3292 1772 3353 urbe,
1811 3306 2023 3341 sacram
2057 3306 2213 3341 avem
2254 3289 2476 3353 sepeliri
2517 3304 2581 3338 ac
2618 3301 2700 3336 re·

1610 3361 1739 3425 poni
1761 3365 2202 3412 consentaneum.
2249 3357 2407 3409 Conf.
2440 3355 2698 3406 Creuzeri

1609 3428 1853 3495 Symbol.
1917 3429 1995 3482 11.
2057 3445 2184 3493 pag.
2250 3426 2351 3477 207
2412 3440 2527 3489 seq.
2614 3423 2701 3473 De

1609 3498 2000 3564 Aegyptiorum
2054 3495 2325 3547 Mercurio
2364 3494 2587 3558 scripsit
2636 3491 2697 3543 C.
2774 3501 2785 3511 ·

1608 3568 1703 3619 Fr.
1750 3565 2114 3624 Dorfmueller
2157 3565 2212 3614 in
2278 3564 2699 3628 programmate,

1609 3634 1756 3701 quod
1774 3635 1978 3701 prodiit
1995 3638 2229 3700 August.
2252 3630 2521 3682 Vindelic.
2542 3629 2698 3682 1851:

1610 3704 1792 3756 Ueber
1842 3704 1933 3755 die
1988 3702 2297 3756 Grundidee
2355 3700 2451 3751 des
2506 3700 2700 3753 Gottes

1613 3777 1861 3826 Hermes.

1683 3836 1783 3901 τὰς
1817 3836 1881 3892 δὲ
1920 3831 2192 3904 ἄρκτους,
2226 3827 2429 3894 ἐούσας
2458 3835 2703 3895 σπανίας

1614 3928 1667 3963 κ.
1704 3928 1752 3962 τ.
1792 3911 1865 3977 λ.]
1904 3911 2111 3962 Auctor
2149 3912 2233 3958 est
2276 3908 2514 3972 Prosper
2548 3906 2703 3973 Alpi-

1616 3996 1719 4033 nus
1754 3982 1884 4032 hist.
1924 3984 2043 4030 nat.
2077 3977 2312 4043 Aegypt.
2352 3976 2449 4038 IV,
2482 3976 2536 4028 9.
2573 3992 2700 4042 pag.

1620 4050 1738 4115 132,
1772 4065 1958 4111 ursos,
1992 4048 2173 4113 lupos,
2208 4043 2401 4112 vulpes
2435 4046 2491 4096 in
2526 4045 2705 4112 Aegy·

1614 4126 1710 4187 pto
1749 4119 2004 4186 reperiri,
2051 4131 2377 4183 quamquam
2410 4115 2558 4167 haud
2592 4131 2703 4165 ma-

1616 4206 1726 4256 gna
1761 4191 1837 4241 sit
1871 4203 2056 4239 eorum
2095 4186 2274 4252 copia.
2345 4185 2518 4235 Ursos
2562 4185 2705 4236 idem

1619 4259 1774 4311 addit
1808 4259 2001 4310 ovibus
2036 4256 2240 4308 nostris
2287 4254 2435 4304 haud
2470 4254 2705 4306 maiores

424 4332 630 4397 mopoli
668 4331 972 4383 collocatur
1006 4331 1200 4394 Ibeum3
1233 4331 1328 4395 qui
1362 4328 1517 4382 locus
1620 4343 1745 4382 esse
1778 4328 2073 4394 itidemque
2107 4325 2266 4391 lupos
2302 4328 2358 4375 et
2392 4322 2584 4389 vulpes
2613 4322 2708 4373 du-

425 4401 659 4452 forsitan
705 4401 776 4452 ad
811 4416 931 4452 eam
985 4400 1158 4468 ipsam
1205 4400 1391 4453 urbem
1433 4397 1521 4451 vel
1619 4399 1710 4466 plo
1750 4398 1984 4450 minores
2026 4410 2187 4462 quam
2227 4391 2371 4459 apud
2412 4407 2513 4443 nos
2558 4391 2707 4442 inve-

2151 4472 2284 4537 37*
