3109 5092
932 380 965 396 c
1253 335 1507 397 CLIO.
1551 336 1603 394 I.
1652 341 1704 397 7.
2551 340 2627 399 19

335 514 597 599 πρῶτος
622 504 1120 599 Ἡρακλειδέων
1153 505 1471 599 βασιλεὺς
1511 509 1774 594 ἐγένετο
1808 517 2135 603 Σαρδίων
2154 532 2167 547 ·
2216 511 2626 600 Κανδαύλης

337 615 414 683 δὲ
457 609 495 683 ὁ
526 611 822 703 Μύρσου
853 610 1156 695 ὕστατος.
1216 616 1289 683 οί
1322 612 1396 681 δὲ
1433 610 1767 701 πρότερον
1782 612 2128 707 ’Ἀγρωνος
2174 614 2620 705 βασιλεύσαν-

334 744 444 798 τες
481 715 725 805 ταύτης
758 723 878 806 τῆς
911 717 1131 808 χώρης
1179 707 1352 806 ἦσαν
1386 712 1710 802 ἀπόγονοι
1745 717 2007 789 Λυδοιῗ
2027 724 2149 790 τοῦ
2174 718 2449 804 ''Ar-vos,
2501 715 2618 788 ἀπ’

335 818 493 891 ὅτευ
535 816 571 891 ὁ
613 826 822 909 δῆμος
861 820 1112 902 Λύδιος
1157 818 1409 909 ἐκλήθη
1463 814 1499 888 ὅ
1550 823 1679 898 πᾶς
1725 812 1952 909 οὗτος,
2009 822 2335 913 πρότερον
2379 830 2624 911 Μηΐων

336 988 564 1039 Phiiniz.
604 987 651 1037 1.
689 1004 744 1053 p.
783 990 887 1041 475
924 1004 1077 1056 seqq.
1117 996 1173 1040 et
1207 985 1429 1052 Layard

336 1058 476 1107 libro
509 1072 673 1123 supra
709 1057 746 1109 l.
777 1059 855 1109 11.
896 1076 950 1125 p.
996 1062 1095 1110 227
1135 1076 1287 1126 seqq.
1326 1056 1432 1107 286

341 1144 494 1193 seqq.
528 1129 715 1193 Ipsam
738 1129 1017 1193 Lydorum
1053 1137 1271 1195 gentem
1304 1127 1433 1177 hinc

342 1198 417 1248 ad
483 1198 715 1248 Semitas
786 1214 1002 1266 quoque
1062 1202 1253 1252 referri
1312 1196 1434 1248 vult

342 1266 582 1332 Hupfeld
608 1267 653 1318 1.
695 1267 730 1319 l.
768 1283 896 1335 pag.
949 1270 1042 1329 12;
1093 1270 1151 1321 in
1196 1269 1431 1335 regioni-

338 1337 469 1400 bus,
530 1353 668 1402 quae
735 1340 978 1404 Assyriis
1041 1345 1097 1389 et
1149 1339 1432 1390 Arsmseis

338 1406 603 1457 finitimae
648 1414 801 1471 sunt,
857 1410 1106 1474 primitus
1149 1409 1431 1460 habitasse

338 1476 573 1542 indeque
600 1477 903 1541 profectam
928 1494 1226 1544 occupasse
1247 1480 1431 1530 Maeo-

336 1548 482 1596 niam
518 1552 744 1611 terram,
782 1564 925 1614 quae
966 1550 1035 1599 ab
1072 1550 1297 1599 advenis
1324 1551 1431 1614 Ly-

337 1616 462 1666 diae
495 1633 694 1667 nomen
730 1620 1018 1683 acceperit.
1058 1620 1247 1684 Neque
1270 1619 1431 1669 aliter

333 1688 453 1808 ixei-e
475 1689 673 1807 ειεῖιιῗ
695 1689 915 1738 Curtius
937 1688 1265 1755 Archliolog.
1287 1689 1427 1740 zeit.

406 1773 583 1907 οἴρδὲ
626 1817 913 1891 πρότερον
949 1817 1225 1892 ’Ἄγρωνος
1271 1824 1429 1894 βασι-

335 1895 637 1954 λεύσαντες
668 1926 739 1937 --
772 1887 922 1963 ἦσαν
975 1890 1259 1963 ἀπόγονοι
1315 1898 1425 1946 Λυ-

336 1963 449 2015 δοῦ
482 1980 536 2015 τι.
572 1980 622 2016 τ.
673 1964 744 2032 λ.]
788 1968 923 2018 Cum
976 1968 1256 2018 Herodoto
1303 1983 1429 2017 con-

337 2036 509 2085 sentit
543 2036 953 2101 antiquissimus
992 2038 1321 2103 Lydicsrum
1347 2052 1429 2086 re-

338 2120 459 2154 rum
494 2105 728 2170 scriptor
761 2108 1032 2171 Xanthus,
1071 2108 1226 2158 cuius
1248 2107 1427 2158 locum

339 2176 583 2225 servavit
629 2176 794 2226 Dion.
854 2177 1035 2228 Helie.
1097 2178 1319 2243 Antiqq.
1379 2176 1422 2238 Ι,

339 2245 430 2294 28.
474 2260 532 2308 Ρ.
578 2244 645 2295 73
692 2246 880 2298 Reisk.
939 2248 995 2296 in
1053 2247 1260 2297 Xanthi
1324 2247 1433 2296 fre-

340 2319 565 2379 gments
600 2321 873 2381 receptum
903 2321 1067 2382 atque
1099 2315 1431 2367 illustratum

339 2399 375 2433 a
432 2383 625 2434 Oreus.
698 2383 993 2452 (Frsgmm.
1048 2386 1325 2437 historice.
1373 2402 1427 2451 p.

342 2455 443 2503 147
502 2468 584 2518 sq.
644 2454 744 2506 149
797 2471 923 2521 sqq.·
978 2456 1076 2506 152
1129 2453 1299 2521 sqq.),
1339 2455 1430 2520 qui

338 2522 484 2572 idem
519 2538 666 2573 nunc
700 2524 855 2575 addit
886 2524 1068 2576 Schol.
1102 2526 1318 2576 Platon.
1361 2524 1431 2575 ed

338 2594 483 2643 Tim.
524 2608 577 2657 p.
619 2595 687 2644 25
720 2595 783 2645 Β.
823 2611 879 2660 Ρ.
922 2596 1025 2645 427
1058 2595 1233 2646 Bekk.
1284 2589 1429 2659 Τνῤ-

340 2654 519 2727 §qvia
561 2654 627 2710 δὲ
671 2653 786 2714 ἀπὸ
837 2656 1162 2730 Τυρᾇνοῦ,
1199 2661 1306 2713 τοῦ
1339 2654 1431 2712 ''A-

336 2746 526 2849 {gg-⁹
537 2724 936 2854 Ἑδᾱζοῦεαῖατ
946 2747 1095 2854 ξξιιῗ
1124 2729 1267 2853 hag
1302 2735 1431 2851 Axe

485 2836 501 2863 ‚
1266 2840 1278 2852 .

336 2871 485 2920 binis
532 2871 747 2937 quidem
800 2872 940 2924 locis
982 2870 1156 2938 Atyos
1202 2872 1429 2921 mentio·

338 2956 465 2991 nem
500 2940 635 2992 facit
670 2944 981 2994 Herodotus
1018 2943 1063 3005 1,
1101 2941 1188 2994 94.
1221 2942 1316 3004 lv,
1341 2941 1428 3001 45,

338 3026 452 3061 non
502 3027 724 3076 prorsus
770 3019 956 3064 tamen
1001 3013 1105 3062 sibi
1149 3016 1427 3073 constans,

338 3096 465 3131 cum
524 3082 702 3132 Manis
758 3082 929 3133 filium
984 3082 1141 3131 modo
1196 3080 1433 3145 appellet

340 3151 502 3214 Atyn,
540 3152 699 3201 modo
746 3153 924 3217 Cotyn.
990 3152 1053 3201 In
1089 3151 1254 3217 Atyos
1288 3150 1436 3214 regis

338 3220 559 3269 nomine
630 3223 920 3272 Etruscum
980 3220 1150 3271 latere
1213 3224 1433 3284 etymon

337 3289 479 3351 vult,
517 3296 769 3341 monente
822 3293 940 3353 Cr„
987 3291 1159 3340 Lanzi
1203 3289 1239 3340 l.
1280 3289 1315 3339 l.
1354 3288 1430 3337 11.

338 3376 395 3424 p.
436 3358 534 3409 281
580 3356 654 3424 [Ρ.
678 3360 782 3411 223
811 3360 896 3410 ed.
937 3358 1089 3426 sec.].
1130 3359 1210 3409 Ac
1237 3362 1432 3422 sponte

338 3430 447 3478 hoc
495 3443 693 3479 nomen
737 3432 838 3480 no‘s
885 3434 1108 3479 revocat
1157 3427 1227 3477 ad
1275 3427 1433 3477 deum

339 3498 497 3547 illum
543 3498 683 3565 Atyn
741 3514 788 3549 s.
850 3499 994 3548 Attin
1048 3500 1105 3547 in
1158 3496 1435 3562 Phrygum

340 3568 521 3618 sacris
567 3569 702 3617 satis
748 3569 1053 3634 cognitum,
1105 3566 1247 3616 unde
1285 3566 1436 3632 regis

342 3639 517 3701 stirps
554 3637 815 3703 indigens
850 3652 1022 3703 genus
1069 3652 1226 3686 suum
1264 3651 1435 3702 aeque

340 3706 631 3772 repetebat
644 3712 807 3773 atque
816 3706 1231 3757 Heraclidsrmn
1250 3707 1432 3769 stirps,

341 3793 489 3897 (Illusc
506 3777 1043 3897 plostrplodggeguum
1066 3776 1340 3895 Ἑπιὲιιεέ,
1366 3775 1434 3823 ab

402 3861 535 3897 ercu
556 3862 587 3897 e
631 3864 649 3894 ι
692 3863 725 3897 o
839 3862 1007 3911 syrio.
1322 3858 1435 3893 era·

344 3916 525 3967 elidas
578 3932 645 3966 ex
691 3916 921 3980 Assyria
974 3917 1249 3981 ingressos
1295 3913 1435 3963 hanc

343 3986 509 4050 Atyis
527 3986 841 4051 progeniem
858 3987 1155 4051 imperasse
1175 3982 1301 4033 inde
1312 3998 1434 4047 pro·

340 4053 532 4105 babile
566 4055 645 4107 fit.
688 4054 849 4106 Cous.
883 4054 1125 4120 Hupfeld
1159 4069 1211 4118 Ρ.
1241 4052 1433 4116 lssseq.

340 4126 620 4189 Tempora.
674 4124 962 4189 utriusque
1016 4123 1303 4187 dynastiae
1358 4120 1438 4169 sic

340 4194 638 4246 constitnit
694 4193 953 4243 Lai-cher.
1014 4191 1102 4256 (Τ.
1168 4191 1324 4242 vm.
1380 4206 1436 4253 p.

338 4265 451 4316 204
488 4279 639 4329 seqq.
677 4263 782 4315 213
820 4277 974 4327 seqq.
1013 4262 1113 4312 575
1152 4260 1277 4311 coll.
1309 4259 1355 4309 Ι.
1381 4274 1437 4323 p.

338 4332 491 4399 189),
542 4339 602 4383 ut
644 4334 782 4397 Atys
832 4346 975 4381 anno
1030 4329 1165 4381 1368
1213 4345 1264 4380 a.
1312 4327 1440 4378 Chr.

1532 1004 1760 1054 regnum
1796 991 2062 1057 inceperit
2100 990 2169 1041 ab
2207 1006 2348 1040 enno
2400 991 2538 1041 1220
2573 1006 2625 1041 s..

1533 1058 1662 1109 Chr.
1699 1077 1753 1113 n.
1791 1061 1966 1111 Aliter
2008 1059 2250 1126 Hupfeld
2286 1076 2340 1125 p.
2382 1060 2496 1123 12.‚
2536 1060 2630 1124 qui

1531 1144 1724 1193 parum
1759 1130 1926 1180 firmis
1960 1130 2267 1182 rationibus
2304 1129 2501 1180 ductus
2520 1129 2628 1194 Ly-

1534 1197 1633 1248 dos
1671 1218 1716 1250 s.
1755 1202 2012 1267 Assyrios
2064 1200 2201 1251 duce
2245 1200 2467 1265 Agrone
2501 1204 2628 1263 post

1532 1284 1621 1318 res
1693 1271 1959 1322 Troianas
2020 1271 2233 1321 demum
2291 1270 2631 1335 immigrasse

1534 1340 1708 1404 ponit.

1604 1399 1707 1458 ἀπ’
1777 1397 1911 1459 ὅτευ
1970 1400 2000 1458 ὁ
2063 1406 2248 1474 δῆμος
2291 1439 2363 1449 —-
2411 1402 2631 1472 Μηΐων

1533 1471 1892 1546 καλεόμενος]
1942 1468 2046 1528 ἀπ’
2098 1475 2229 1529 ὅτευ
2266 1479 2383 1529 iure
2419 1493 2452 1527 a
2485 1480 2628 1543 prio-

1532 1548 1682 1598 ribus
1711 1548 2009 1599 editoribus
2034 1550 2332 1614 repositum
2357 1547 2476 1598 loco
2509 1548 2624 1598 vul·

1532 1622 1696 1682 getae
1740 1618 2057 1671 mendosae:
2101 1611 2217 1668 ἀπό
2250 1632 2364 1667 τευ.
2401 1617 2509 1668 Sed
2530 1618 2624 1667 du-

1530 1687 1675 1737 bitat
1710 1687 1909 1738 Matth.
1947 1687 2015 1737 sd
2045 1688 2098 1737 h.
2145 1687 2203 1749 l.,
2242 1703 2314 1737 en
2363 1676 2519 1743 ὅστις
2555 1686 2624 1734 de

1532 1762 1682 1808 certo
1715 1758 2286 1835 hominemsurpetun
2323 1755 2468 1805 unde
2506 1756 2626 1835 ipste

1531 1828 1698 1878 scribi
1734 1826 1879 1877 vult:
1918 1819 2033 1875 απὸ
2069 1823 2195 1889 τοῦ,
2233 1826 2273 1875 1.
2296 1841 2344 1875 e.
2368 1814 2484 1888 ἀφ’
2523 1838 2619 1875 ov.

1531 1896 1616 1947 Cf.
1658 1912 1871 1962 quoque
1909 1897 2147 1946 Gramm.
2176 1895 2269 1944 Gr.
2311 1897 2362 1956 ξ.
2403 1893 2525 1944 483.
2565 1908 2620 1956 Ρ.

1528 1964 1655 2017 906.
1718 1966 1946 2015 Censori
2001 1963 2161 2013 docto
2221 1964 2277 2012 in
2337 1962 2619 2027 Ephemm.

1528 2035 1775 2086 Ienenss.
1817 2035 1971 2084 1817.
2011 2048 2091 2083 nr.
2127 2032 2246 2084 164.
2283 2047 2338 2096 Ρ.
2376 2033 2479 2083 370
2510 2031 2624 2097 pla-

1530 2109 1721 2156 cuerat
1755 2096 1889 2153 ἀπὸ
1943 2100 2076 2152 τεῦ.
2145 2104 2298 2165 Quae
2335 2118 2457 2152 cum
2494 2103 2624 2152 scri·
2699 2163 2720 2173 β

1528 2176 1777 2239 psissem,
1795 2172 2020 2223 allatum
2048 2175 2132 2222 cst
2161 2172 2368 2223 Struvii
2393 2173 2620 2236 Quaest.

1535 2245 1604 2295 de
1639 2243 1858 2295 dialect.
1895 2242 2162 2293 Herodot.
2200 2244 2422 2307 specim.
2449 2243 2493 2304 Ι,
2530 2243 2622 2306 qui

1534 2315 1737 2380 optime
1764 2313 2230 2373 commonstravit,
2265 2312 2450 2362 multis
2485 2312 2622 2361 locis

1532 2384 1735 2446 allatis,
1759 2398 2055 2449 pronomen
2076 2372 2231 2439 ὅστις
2250 2398 2347 2447 pro
2381 2381 2625 2446 simplice

1530 2442 1595 2511 ὅς
1631 2455 1761 2519 poni
1788 2467 1969 2519 posse.
1996 2453 2190 2502 Aliena
2214 2456 2396 2502 eutem
2423 2451 2492 2500 ab
2517 2451 2625 2500 He-

1530 2524 1710 2574 rodoti
1756 2523 1989 2574 dialecto
2047 2537 2169 2571 esse
2214 2513 2331 2569 ἀπὸ
2390 2520 2459 2584 (s.
2514 2509 2625 2581 ἐπὶ,

1530 2587 1710 2658 παρὰ)
1746 2591 1850 2641 τοῦ
1886 2591 2029 2640 idem
2077 2590 2357 2640 contendit
2408 2590 2491 2637 vir
2532 2588 2628 2636 do-

1537 2667 1679 2713 ctus.
1747 2661 1873 2712 Vid.
1923 2675 1976 2724 p.
2041 2660 2197 2709 1—6.
2255 2656 2622 2723 (Regiomont.

1541 2732 1738 2796 1828.).
1811 2730 1942 2779 Mox
1998 2728 2195 2792 scripsi
2230 2723 2444 2790 Μηΐων
2503 2723 2622 2790 (pro

1535 2801 1684 2867 vulg.
1726 2790 1959 2865 Μῄων),
2013 2802 2074 2846 ut
2119 2796 2320 2859 legitur
2362 2794 2488 2857 VII,
2535 2796 2621 2845 74.

1535 2872 1625 2923 77.
1665 2870 1751 2920 cf.
1789 2868 2024 2917 Bredov.
2062 2882 2116 2930 p.
2160 2866 2259 2916 175
2294 2871 2350 2914 et
2388 2864 2622 2914 Creuzer

1537 2941 1607 2990 ad
1641 2940 1916 3004 Frsgmm.
1943 2936 2222 2986 historico.
2260 2950 2315 2999 p.
2360 2934 2459 2985 146
2505 2948 2619 2998 seq.

1534 3011 1720 3075 Ipsum
1749 3007 1986 3058 Maeonis
2021 3019 2214 3055 nomen
2250 3019 2422 3070 aeque
2457 3008 2626 3068 atque

1533 3080 1709 3144 Atyos
1748 3077 1817 3127 ad
1854 3091 2012 3126 secra
2046 3075 2320 3139 pertinere
2366 3073 2453 3123 vel
2499 3072 2625 3121 inde

1536 3153 1714 3213 patet,
1772 3145 1916 3210 quod
1970 3143 2171 3209 Cybele
2231 3144 2334 3193 dea
2391 3141 2628 3192 Maeonis

1537 3217 1650 3267 filia
1680 3216 1993 3281 perhibetur
2036 3213 2298 3277 Attinque
2335 3211 2624 3276 quendam,

1537 3288 1628 3352 qui
1655 3287 1724 3336 ab
1749 3284 1872 3334 aliis
1893 3285 2031 3348 Atys
2061 3286 2305 3343 vocatur,
2339 3280 2628 3331 adamasse

1537 3356 1752 3422 dicitur.
1836 3356 1960 3417 Qus
2012 3352 2080 3403 de
2130 3368 2188 3401 re
2239 3351 2309 3401 cf.
2361 3365 2501 3415 quse
2539 3351 2624 3399 Cr.

1534 3425 1782 3475 laudavit
1829 3424 1866 3472 l.
1922 3423 1959 3472 l.
2014 3437 2066 3486 p.
2122 3422 2237 3471 147.
2287 3425 2341 3469 et
2387 3417 2631 3482 Hupfeld

1537 3511 1592 3560 p.
1632 3494 1717 3545 16.
1755 3492 1929 3552 Addo,
1970 3489 2113 3555 quod
2151 3493 2376 3538 auctore
2409 3486 2618 3537 Hoeck.
2661 3490 2664 3495 '

1540 3562 1708 3629 (Cret.
1735 3552 1797 3611 Ἰ.
1847 3578 1900 3625 p.
1945 3558 2066 3622 130)
2111 3556 2202 3606 ille
2246 3555 2404 3605 modo
2448 3554 2626 3620 Lydo-

1536 3649 1673 3696 rum,
1711 3631 1870 3679 modo
1899 3627 2191 3691 Phrygum,
2228 3624 2386 3674 modo
2423 3625 2623 3674 utrius-

1537 3717 1643 3767 que
1680 3699 1858 3765 gentis
1895 3711 1990 3746 rex
2027 3695 2245 3745 dicitur.
2293 3696 2624 3746 Graecorum

1536 3769 1768 3830 Μαίων,
1810 3767 1901 3833 qui
1943 3767 1999 3814 in
2048 3765 2429 3815 Thebanorum
2465 3764 2628 3813 rebus

1538 3839 1794 3899 occurrit,
1845 3834 2035 3901 Tydeo
2076 3835 2280 3885 Thebis
2327 3834 2628 3885 revertenti

1537 3909 1766 3960 insidias
1812 3911 2054 3966 struens,
2102 3904 2208 3955 hue
2253 3905 2428 3954 minus
2464 3904 2630 3967 perti-

1535 3984 1649 4031 net.
1688 3978 1773 4028 Of.
1826 3976 1921 4038 IV,
1961 3974 2081 4027 393.
2133 3973 2382 4039 Apollod.
2433 3972 2537 4033 111,
2575 3972 2626 4034 6,

1535 4050 1601 4111 6,
1638 4048 1763 4099 alia.
1815 4045 2005 4110 Neque
2048 4059 2177 4093 vero
2212 4044 2315 4092 hoc
2355 4045 2627 4106 praetere·

1537 4118 1758 4179 undum,
1798 4131 1902 4181 quo
1942 4115 2106 4164 etism
2142 4114 2229 4164 Cr.
2270 4112 2309 4161 1.
2347 4110 2384 4161 l.
2424 4126 2477 4175 p.
2529 4109 2628 4160 169

1539 4187 1752 4238 attendi
1785 4186 1957 4244 iubet,
1997 4181 2336 4232 Herodotum
2373 4194 2482 4229 non
2517 4192 2627 4227 ms-

1539 4258 1626 4321 gis
1663 4254 1849 4319 Lydos
1887 4251 2201 4302 distinxisse
2226 4266 2260 4299 a
2288 4247 2629 4307 Maeonibus,

1542 4340 1703 4389 quam
1723 4321 2016 4382 Xanthum,
2038 4335 2264 4385 eamque
2300 4317 2626 4367 sententiam

333 4421 396 4456 n.
436 4417 665 4468 regnum
700 4400 1023 4465 susceperit,
1050 4399 1283 4465 Agr-onis
1312 4411 1442 4447 vero
1543 4408 1757 4458 quoque
1811 4397 1875 4441 ut
1930 4391 2193 4440 veriorem
2242 4387 2547 4452 praedicari
2597 4401 2630 4433 a

2122 4467 2210 4528 2*
