3109 5092
333 745 409 805 15

419 359 544 423 460

1288 356 1829 422 HERODOTI

419 533 764 623 ταπατήσῃ
804 537 950 624 τῇσι
991 528 1107 602 ὑσὶ
1150 530 1225 602 τὸ
1268 534 1561 622 σπέρμα,
1612 530 1867 622 ἄμητον
1903 530 1978 601 τὸ
2027 527 2158 600 ἀπὸ
2195 528 2441 600 τούτου
2489 533 2698 620 μένει.

419 634 832 728 ἀποδινήσας
873 637 946 706 δὲ
982 642 1129 725 τῇσι
1163 633 1272 706 ὑσὶ
1306 634 1424 706 τὸν
1455 653 1643 707 σῖτον
1670 633 1846 707 οὕτω
1876 642 2229 725 κομίζεται.

580 747 668 810 Εἰ
701 732 799 811 ὦν
836 739 1223 830 βουλόμεθα
1259 740 1564 830 γνώμῃσι
1604 747 1755 830 τῇσι
1787 737 2033 809 Ἰώνων
2079 744 2371 827 χρᾶσθαι
2418 735 2498 807 τὰ
2546 740 2707 826 περὶ·

428 856 798 933 Αἴγυπτον,
828 850 898 913 οἵ
918 866 1084 932 φασι
1111 843 1186 914 τὸ
1213 849 1438 915 Δέλτα
1463 851 1721 935 μοῦνον
1751 841 1924 913 εἶναι
1952 853 2326 928 Αἴγυπτον,
2356 839 2488 911 ἀπὸ
2518 850 2698 930 Περ-

426 1010 519 1076 σὶ,
576 1014 740 1079 idque
796 1014 962 1064 etiam
1018 1014 1236 1078 probari
1282 1014 1510 1064 Cobetio

424 1084 694 1147 intellexi,
744 1083 832 1132 vel
877 1081 1005 1147 τῇσι
1038 1079 1202 1148 βουσὶ
1241 1084 1512 1166 corrigen-

425 1156 552 1206 dum
588 1169 708 1205 esse
743 1153 830 1202 vel
869 1149 998 1217 τῇσι
1031 1148 1128 1202 ὑσὶ
1165 1154 1381 1203 omnino
1418 1153 1511 1203 eii-

427 1224 675 1277 ciendum
704 1223 965 1273 censenti.
1037 1223 1275 1274 Verbum
1306 1214 1512 1272 ἆποὸι-

423 1297 547 1344 νεῖν
594 1294 663 1343 ad
707 1293 961 1342 trituram
1003 1292 1241 1358 pertinet
1286 1292 1404 1342 sive
1440 1292 1511 1342 ad

423 1366 752 1415 frumentum
789 1362 1186 1412 excutiendum.
1247 1362 1388 1411 'Nam
1425 1360 1512 1411 δι-

427 1448 526 1490 νος
563 1432 691 1482 olim
728 1431 1015 1482 dicebatur
1046 1422 1223 1494 αλως,
1262 1436 1514 1482 monente

423 1502 690 1554 Valcken.
742 1517 810 1551 ex
845 1501 1042 1553 Athen.
1087 1501 1184 1551 XI.
1225 1517 1280 1565 p.
1319 1500 1417 1551 467
1448 1502 1513 1564 F,

424 1573 570 1624 unde
631 1561 937 1620 ἄποδινειν
1003 1570 1285 1621 Herodoto
1353 1570 1514 1648 idem,

425 1642 569 1708 quod
612 1641 737 1691 aliis
773 1635 1056 1690 ἀπαλοαν.
1143 1641 1248 1691 Pro
1297 1631 1517 1705 ἆμητὸν

426 1728 548 1763 cum
549 1710 873 1790 Schweigh.
914 1715 967 1759 et
1007 1709 1282 1762 Gaisford.
1324 1710 1517 1769 rescri-

425 1783 524 1848 psi
538 1795 791 1860 αμητον,
816 1796 937 1844 cum
961 1779 1304 1830 monentibus
1327 1780 1519 1830 Gram-

425 1849 641 1902 maticis
688 1840 909 1914 ἄμητον
944 1849 1019 1899 sit
1060 1850 1277 1900 metendi
1304 1858 1513 1912 tempus,

420 1912 640 1987 ἄμητον
653 1920 834 1985 fruges
853 1920 1133 1974 demessam
1153 1919 1301 1970 conf.
1315 1920 1412 1981 IV,
1426 1921 1514 1970 42.

826 2090 958 2144 CAP.
994 2091 1114 2141 XV.

499 2190 575 2245 Εἰ
609 2181 691 2245 ὦν
727 2184 1058 2261 βουλόμεθα
1093 2208 1145 2242 κ.
1173 2209 1219 2243 τ.
1260 2191 1333 2258 λ.]
1384 2190 1516 2258 βου-

426 2263 671 2329 λοίμεθα
697 2263 907 2314 mavult
930 2263 1258 2313 Benedictus
1282 2264 1339 2312 in
1364 2265 1512 2314 Actt.

429 2334 632 2386 Semin.
675 2333 807 2399 phil.
846 2333 1000 2397 Lips.
1040 2331 1159 2382 Vol.
1202 2333 1281 2382 ΙΙ.
1333 2333 1396 2383 P.
1435 2332 1512 2381 11.

428 2420 556 2469 pag.
581 2403 702 2466 286,
723 2401 868 2468 quod
891 2400 1430 2484 Schweighaeusero
1434 2417 1516 2450 ar-

430 2473 572 2524 ridet
614 2474 684 2524 ob
730 2472 1066 2536 subsequens
1114 2462 1517 2520 ἀποδεικνύοι-

429 2558 534 2609 μεν
568 2559 642 2592 αν
678 2541 897 2608 (quibus
927 2541 1108 2592 verbis
1143 2541 1402 2605 apodosis
1435 2541 1517 2590 in-

431 2614 621 2679 cipit),
658 2626 984 2677 quamquam
1019 2609 1174 2661 libris
1198 2611 1514 2676 praesertim

432 2683 777 2734 obstantibus
812 2681 957 2731 haud
980 2681 1344 2731 necessarium
1372 2680 1520 2731 vide-

433 2759 548 2814 tur,
600 2769 718 2804 cum
759 2754 883 2818 ipsa
919 2754 1196 2801 structura
1242 2750 1377 2800 haec
1419 2764 1520 2799 nec

432 2821 657 2873 insolita
706 2822 780 2872 sit
826 2837 928 2871 nec
974 2820 1151 2870 aliena
1196 2821 1412 2871 omnino
1449 2819 1520 2868 ab

433 2893 595 2942 huius
641 2892 750 2940 loci
798 2892 1071 2939 sententia
1115 2890 1288 2940 videri
1337 2893 1520 2955 queat,

435 2962 491 3010 in
526 2975 635 3025 qua
655 2959 1012 3009 indicativum
1054 2959 1301 3009 consulto
1325 2959 1524 3008 Noster

434 3029 652 3095 posuit3
690 3029 833 3078 conf.
858 3029 1017 3078 modo
1031 3027 1378 3078 Baeumlein:
1411 3028 1523 3077 Un-

435 3097 768 3162 tersuchung
819 3098 955 3146 iiber
1009 3097 1062 3148 d.
1110 3096 1326 3148 Griech.
1371 3096 1519 3146 Mod.

434 3183 562 3233 pag.
604 3167 671 3218 93
717 3181 868 3231 seqq.
952 3165 1096 3227 („Ac
1152 3167 1290 3216 bene
1345 3165 1517 3215 locum

435 3243 619 3288 tuetur
687 3236 1076 3287 Stallbaumius
1146 3236 1217 3285 ad
1274 3235 1523 3286 Platonis

436 3308 687 3373 Sympos.
733 3321 855 3370 cap.
903 3307 991 3356 27.
1040 3322 1093 3370 p.
1135 3306 1235 3356 120
1284 3307 1340 3355 in
1390 3304 1521 3356 bibl.

438 3378 673 3429 Graec.“
712 3375 842 3442 Gn).
895 3375 960 3425 In
996 3375 1117 3440 ipsa
1154 3375 1417 3437 oratione,
1459 3391 1525 3425 ac

437 3448 729 3512 praecipue
765 3447 822 3496 in
864 3446 1043 3495 verbis
1080 3446 1418 3510 interpositis
1456 3461 1525 3495 ne

437 3517 558 3582 quis
601 3517 852 3578 haereat,
914 3516 1017 3565 hoc
1063 3516 1326 3565 monitum
1375 3514 1526 3564 volu-

437 3601 585 3649 mus,
642 3586 1010 3651 participium·
1049 3583 1306 3648 λέγοντες
1359 3585 1529 3648 perti-

437 3671 567 3706 nere
615 3656 686 3705 ad
730 3652 797 3704 οἵ
832 3667 973 3718 φασι
1020 3652 1370 3731 (sc.10nes)‚
1425 3669 1526 3703 nec

437 3725 547 3776 alio
574 3723 917 3775 referendum
945 3739 1065 3774 esse
1087 3715 1395 3788 λεγόντων,
1431 3723 1528 3772 ubi

435 3795 490 3843 in
524 3793 830 3844 absolutam
871 3793 1153 3859 participii
1192 3795 1526 3843 structuram

437 3862 620 3912 subito
656 3863 897 3913 deflectit
931 3867 1148 3925 auctor,
1195 3862 1364 3927 priori
1408 3877 1527 3910 ora-

436 3931 604 3981 tionis
637 3936 940 3994 structura,
979 3947 1140 3997 quam
1176 3931 1332 3996 sequi
1368 3930 1528 3980 debe-

439 4002 563 4061 bat,
615 3999 887 4064 neglecta.
971 4002 1017 4050 A
1064 4000 1260 4066 quibus
1307 3999 1528 4064 partici-

439 4070 545 4135 piis
586 4069 821 4133 pendere
858 4071 1203 4120 accusativos
1251 4084 1372 4119 cum
1408 4068 1530 4118 infi-

440 4138 633 4200 nitivo,
672 4139 764 4202 qui
800 4143 1125 4204 sequantur,
1182 4139 1275 4188 vix
1312 4153 1531 4188 monere

443 4208 548 4260 erit
578 4223 829 4268 necesse,
869 4208 949 4255 ita
980 4212 1042 4257 ut
1068 4208 1351 4272 apodosis,
1391 4223 1532 4286 quae

440 4274 770 4355 respondeat
827 4275 1040 4325 verbis·
1107 4272 1159 4324 εἰ
1202 4264 1285 4325 ὦν
1334 4245 1533 4341 βουλό-

444 4345 597 4412 μεθα
646 4357 899 4409 γνωμῃσι
963 4341 1090 4409 τῇσι
1138 4335 1349 4392 Ἰώνων
1400 4343 1532 4408 χρᾶ-

447 4415 605 4479 σθαι,
635 4414 865 4480 incipiat
887 4413 1102 4464 demum
1127 4429 1161 4463 a
1179 4413 1364 4463 verbis
1387 4409 1531 4462 ἀπο-

1613 1003 1978 1075 δεικνύοιμεν
2046 1000 2147 1074 ἄν,
2233 1008 2455 1074 reliquis
2522 1010 2701 1060 verbis

1614 1082 1862 1132 omnibus
1906 1079 2249 1145 interpositis
2301 1095 2365 1130 eo
2420 1095 2526 1143 quo
2569 1079 2705 1130 dixi-

1614 1168 1731 1202 mus
1787 1151 1947 1202 modo
1996 1150 2139 1200 inter
2193 1165 2252 1198 se
2299 1149 2586 1227 iungendis
2639 1164 2705 1199 ac

1613 1222 1906 1272 struendis.
1924 1248 1988 1255 —
2006 1217 2257 1283 χρασθαι
2284 1210 2364 1266 τὰ
2388 1213 2519 1281 περὶ
2538 1215 2705 1281 Αἴγυ-

1613 1306 1759 1342 πτον
1781 1290 2114 1342 adscivimus
2143 1304 2265 1339 cum
2286 1292 2517 1337 recentt.
2543 1287 2705 1338 editt.

1615 1377 1644 1412 e
1690 1359 1846 1411 libris
1887 1359 2130 1424 scriptis.
2212 1354 2395 1422 Vulgo
2448 1358 2709 1407 omittunt

1618 1421 1705 1480 τά.
1790 1430 1874 1481 Ad
1920 1428 2090 1479 verba
2141 1424 2209 1476 οι
2237 1439 2377 1490 φασι
2423 1418 2487 1475 τὸ
2528 1424 2710 1476 Δέλτα

1618 1499 1842 1565 μοῦνον
1885 1491 2035 1548 εἶναι
2071 1493 2361 1561 Αἴγυπτον
2407 1496 2553 1547 haud
2588 1497 2706 1546 scio

1620 1585 1690 1619 an
1747 1569 1938 1619 referri
1992 1581 2209 1633 quoque
2270 1565 2486 1630 possint
2542 1565 2707 1615 Plinii

1620 1637 1789 1689 'verba
1830 1640 1978 1688 Hist.
2026 1637 2156 1688 Nat.
2202 1636 2282 1700 V,
2318 1633 2370 1684 9.
2425 1638 2476 1698 ἓ.
2523 1635 2594 1685 48
2642 1626 2709 1685 de

1621 1708 1747 1758 Nilo
1770 1707 2080 1768 scribentis,
2112 1706 2205 1770 qui
2230 1673 2578 1767 „inferiorem
2608 1704 2710 1755 Ae-

1623 1779 1778 1843 gypti
1823 1780 2033 1842 partem
2073 1776 2296 1826 dextera
2327 1772 2597 1840 laevaque
2632 1774 2710 1823 di-

1615 1848 1770 1898 visus
1806 1846 2058 1911 amplexu
2097 1861 2195 1895 suo
2233 1844 2577 1907 determinat,
2609 1844 2710 1894 Ca-

1616 1918 1812 1982 nopico
1868 1916 2009 1967 ostio
2058 1916 2127 1964 ab
2173 1914 2397 1975 Africa,
2453 1914 2522 1964 ab
2576 1914 2709 1964 Asia

1617 1986 1924 2049 Pelusiaco,
1947 1985 2141 2035 CLXX
2164 2000 2236 2033 m.
2265 1998 2524 2048 passuum
2543 1984 2709 2034 inter·

1618 2055 1783 2107 vallo,
1856 2057 2032 2118 Quam
2073 2054 2142 2104 ob
2190 2068 2412 2103 causam
2450 2054 2594 2103 inter
2630 2053 2710 2102 in-

1619 2126 1768 2177 sulas
1819 2124 2036 2190 quidem
2092 2125 2398 2187 Aegyptum
2452 2120 2708 2184 retulere,

1619 2196 1699 2245 ita
1735 2211 1793 2244 se
1834 2193 2073 2244 findente
2097 2193 2255 2254 Nilo,
2293 2197 2354 2241 ut
2389 2193 2709 2256 triquetram

1622 2270 1796 2315 terrae
1819 2263 2049 2328 figuram
2073 2261 2279 2313 efficiat
2301 2261 2532 2326 ideoque
2554 2260 2710 2311 multi

1622 2335 1862 2385 Graecae
1900 2332 2091 2382 literae
2126 2330 2393 2381 vocabulo
2429 2333 2580 2382 Delta
2618 2346 2710 2396 ap-

1620 2403 1893 2483 pellavere
1931 2401 2301 2467 Aegyptumst‘

1688 2462 1804 2522 ἀπὸ
1869 2469 2119 2533 Περσέος
2171 2466 2514 2533 καλεομένης

1621 2539 1780 2607 πιῆς]
1807 2537 2072 2602 Περσέος,
2089 2540 2308 2590 iubente
2333 2539 2711 2603 quoqueWer-

1622 2612 1736 2662 fero
1759 2612 1815 2660 in
1837 2611 1985 2659 Actt.
2013 2608 2430 2674 phill.Monacc.
2447 2609 2491 2666 Ι,
2508 2609 2527 2658 1
2543 2644 2556 2657 .
2580 2623 2710 2672 pag.

1624 2680 1711 2742 85,
1737 2679 2005 2730 edidimus
2026 2695 2147 2729 cum
2170 2682 2399 2728 recentt.
2428 2677 2585 2728 editt.
2614 2692 2710 2741 pro

1624 2749 1772 2815 vulg.
1814 2745 2121 2811 Περσέως.
2169 2746 2293 2797 Vid.
2327 2747 2526 2797 Struve
2549 2748 2710 2810 Spec.

1624 2821 1851 2882 Quaest.
1891 2817 2132 2867 Herodd.
2172 2817 2249 2867 ΙΙ.
2293 2832 2344 2880 p.
2386 2818 2439 2866 6.
2526 2815 2714 2866 Persei

1623 2887 1848 2953 specula
1903 2903 1937 2935 a
1991 2887 2260 2937 Strabone
2313 2883 2525 2949 (XVII.
2582 2900 2709 2951 pag.

1627 2958 1763 3008 1153
1795 2957 1856 3007 C.
1896 2956 1995 3006 801
2031 2956 2105 3020 D)
2144 2956 2254 3005 sita
2289 2969 2409 3005 esse
2447 2954 2648 3005 dicitur
2679 2970 2714 3003 a

1622 3026 1901 3077 Bolbitino
1953 3026 2093 3074 ostio
2131 3026 2554 3090 septentrionem
2597 3039 2715 3073 ver-

1627 3111 1721 3145 sus
1768 3101 1822 3146 et
1877 3094 2093 3160 quidem
2139 3094 2196 3143 in
2241 3108 2472 3144 arenoso
2520 3098 2575 3144 et
2616 3093 2715 3142 hu

1629 3164 1741 3214 mili
1775 3164 2172 3245 promontorio,
2214 3165 2359 3228 quod
2389 3162 2554 3229 longe
2590 3179 2713 3228 por—

1627 3236 1835 3300 rigatur
1868 3238 1922 3283 et
1954 3226 2017 3283 τὸ
2045 3224 2250 3296 Ἆγνοῦ
2284 3231 2451 3297 κέρας
2482 3232 2717 3298 appelle-

1625 3309 1735 3354 tur.
1816 3303 1925 3354 Sed
1980 3303 2120 3353 bene
2182 3308 2367 3353 monet
2418 3301 2715 3353 Rennelius

1626 3373 1959 3438 (Geograph.
1996 3357 2262 3423 Herodct.
2306 3390 2361 3438 p.
2397 3371 2556 3434 613),
2607 3387 2717 3422 non

1625 3442 1965 3492 Bolbitinum
1997 3442 2216 3504 ostium,
2247 3442 2343 3492 sed
2364 3441 2716 3506 Canopicum,

1627 3512 1771 3577 quod
1822 3512 1893 3561 ad
1936 3510 2272 3561 occidentem
2320 3512 2553 3561 maxime
2599 3526 2719 3561 ver-

1627 3585 1751 3646 gat,
1806 3582 1862 3630 in
1895 3581 2179 3630 Herodoto
2216 3580 2525 3631 necessario
2562 3579 2720 3630 intel-

1623 3650 1900 3714 ligendum
1934 3665 2072 3711 esse,
2107 3651 2200 3715 qui
2235 3665 2445 3699 omnem
2477 3664 2605 3699 orae
2640 3649 2719 3698 la-

1626 3720 1919 3770 titudinem
1944 3719 2012 3768 ab
2040 3719 2322 3769 occidente
2359 3719 2427 3769 ad
2454 3719 2716 3768 orientem

1628 3804 1800 3853 usque
1854 3787 2163 3839 describere
2219 3789 2471 3838 voluerit.
2566 3790 2720 3850 Quae

1628 3873 1749 3907 cum
1783 3858 2151 3922 quadraginta
2187 3859 2542 3908 schoenorum
2574 3857 2640 3916 (i.
2668 3874 2715 3907 e.

1637 3927 1768 3978 1600
1805 3925 2134 3989 stadiorum,
2174 3927 2220 3976 si
2243 3927 2461 3992 quidem
2486 3926 2722 3991 quadra-

1631 3996 1785 4062 ginta
1824 3995 2006 4046 stadia
2048 4011 2213 4045 unum
2252 3997 2544 4047 schoenum
2579 4011 2724 4046 com-

1631 4065 1811 4131 plent)
1847 4080 1969 4115 esse
2011 4064 2254 4127 dicatur,
2304 4066 2342 4115 i.
2381 4081 2429 4114 e.
2467 4064 2569 4131 334
2606 4064 2725 4114 mil·

1631 4135 1781 4186 liarr.
1810 4136 2158 4201 germanice„
2194 4133 2296 4185 hoc
2324 4135 2405 4184 sic
2430 4135 2568 4184 satis
2595 4150 2725 4184 con·

1633 4206 1821 4255 venire
1846 4221 1967 4256 cum
1991 4220 2121 4253 orae
2144 4205 2449 4254 maritimae
2472 4218 2725 4254 mensura

1635 4275 1762 4323 inde
1798 4289 1832 4323 a
1857 4275 2080 4338 Canopo
2118 4288 2290 4337 usque
2328 4274 2398 4322 ad
2429 4273 2723 4334 Pelusium,

1637 4359 1775 4406 quae
1832 4343 2000 4392 ferme
2050 4343 2390 4392 existimetur
2449 4357 2571 4392 esse
2621 4342 2726 4409 344

1635 4411 2010 4462 milliariorum
2067 4410 2573 4478 geographicorum.
2660 4411 2726 4462 In

2580 2482 2710 2517 σκο-
