3109 5092
537 319 659 378 704

1405 320 1951 383 HERODOTI

533 506 810 581 χερσαῖα
851 492 962 559 καὶ
1013 490 1096 561 τὰ
1120 493 1458 563 θαλάσσια
1494 497 1607 563 καὶ
1648 493 1728 563 τὰ
1757 493 2065 580 πετεινὰ,
2107 486 2299 574 αὖτις
2338 496 2405 574 ἐς
2437 492 2819 583 ἀνθρώπου

532 602 724 685 σῶμα
754 594 1115 683 γινόμενον
1168 597 1519 666 ἐσδύνειν·
1579 597 1704 686 τὴν
1744 598 2147 688 περιήλυσιν
2188 598 2264 666 δὲ
2296 594 2467 686 αὐτῇ
2495 605 2815 684 γίνεσθαι

532 780 662 828 pore
720 763 1062 814 exolescente
1122 771 1287 830 atque
1351 765 1624 816 dilabente

532 834 781 883 discedat
835 836 888 881 in
947 835 1094 885 aliud
1153 850 1380 900 corpus,
1449 851 1625 900 neque

532 919 665 953 sane
703 909 981 967 exspectet
1016 904 1145 953 illud
1184 920 1356 969 usque
1390 910 1623 970 tempus,

531 988 638 1037 quo
678 989 871 1037 corpus
911 975 1046 1022 bene
1080 975 1406 1024 medicatum
1442 977 1623 1024 condi-

529 1050 752 1107 tumque
778 1042 1102 1092 dissolutum
1131 1045 1220 1093 sit.
1297 1046 1470 1107 Quam
1497 1061 1620 1094 ean-

532 1113 652 1161 dem
694 1113 761 1162 de
798 1112 850 1161 h.
893 1112 930 1163 l.
967 1115 1292 1162 sententiam
1329 1114 1456 1163 tulit
1489 1115 1623 1164 Ros-

530 1182 707 1230 sellini
741 1183 981 1231 Monum.
1020 1181 1167 1232 civil.
1209 1184 1311 1232 111.
1349 1199 1478 1248 pag.
1515 1183 1618 1233 293

530 1267 703 1315 seqq„
750 1252 1062 1301 accuratius
1101 1251 1166 1301 de
1215 1252 1317 1300 hoc
1354 1252 1472 1302 loco
1509 1253 1617 1301 dis-

530 1327 757 1384 putans,
817 1336 991 1384 neque
1043 1320 1202 1371 aliter
1252 1322 1416 1371 etiam
1482 1321 1616 1372 haec

530 1391 810 1453 accepisse
833 1390 994 1438 video
1022 1390 1364 1441 Gattererum
1385 1393 1439 1440 in
1461 1393 1617 1441 Com-

531 1465 755 1508 mentat.
795 1458 861 1507 de
896 1459 1351 1524 Metempsycbosi
1399 1462 1615 1509 immor-

528 1528 765 1578 talitatis
786 1530 1085 1578 animorum
1114 1528 1358 1594 symbolo
1378 1530 1449 1579 ad
1473 1530 1615 1579 liun'c

529 1598 796 1648 Herodoti
817 1598 990 1648 locum
1018 1600 1071 1647 in
1096 1599 1397 1649 Comment.
1419 1602 1610 1649 societ.

529 1669 775 1732 Gotting.
810 1669 907 1718 lx.
937 1684 990 1732 p.
1016 1667 1084 1720 43
1113 1684 1263 1733 seqq.
1294 1669 1378 1730 46,
1417 1670 1509 1718 ubi
1546 1685 1612 1719 ex

528 1738 795 1788 Herodoti
831 1738 1012 1788 verbis
1049 1738 1107 1788 id
1124 1740 1262 1788 satis
1291 1743 1480 1802 patere
1513 1740 1612 1802 ait,

527 1809 906 1872 migrationem
943 1808 1240 1858 animorum
1278 1823 1373 1872 per
1408 1809 1616 1859 anima-

525 1878 598 1927 lia
639 1893 759 1927 esse
795 1878 1204 1942 hieroglyphum
1241 1879 1357 1927 sive
1402 1881 1614 1943 symbo-

527 1947 634 1997 lum
685 1952 937 1997 aeternae
989 1948 1293 1997 durationis
1349 1948 1467 1998 sive
1521 1950 1614 1998 im-

527 2016 879 2067 mortalitatis
906 2019 1222 2067 animorum.
1262 2017 1400 2067 Add.
1429 2018 1611 2067 Beck:

525 2086 727 2135 Auleit.
768 2103 815 2136 z.
857 2086 1188 2149 Weltgesch.
1239 2087 1287 2137 1.
1326 2104 1450 2152 pag.
1479 2089 1611 2149 759,

526 2156 789 2205 Rosellini
827 2156 859 2204 l.
887 2155 943 2216 l.,
984 2156 1314 2205 VVilkinson.
1353 2157 1611 2206 Manners

527 2230 632 2274 etc.
674 2239 783 2273 sec.
822 2240 927 2274 ser.
965 2225 1041 2273 11.
1080 2240 1205 2288 pag.
1247 2225 1348 2273 420
1384 2241 1532 2291 seqq.
1558 2233 1611 2276 et

524 2294 863 2358 potissimum
881 2293 1080 2343 Roeth:
1107 2294 1300 2344 Gesch.
1326 2293 1378 2343 «1.
1395 2296 1607 2347 abendl.

524 2362 842 2426 Philosoph.
898 2364 945 2412 Ι.
995 2377 1119 2426 pag.
1161 2364 1257 2412 177
1297 2378 1467 2428 seqq„
1518 2366 1609 2429 qui

523 2432 914 2497 Aegyptiorum
955 2431 1255 2481 doctrinam
1303 2432 1372 2481 de
1407 2433 1611 2483 animo·

525 2517 639 2551 rum
690 2501 1099 2551 immortalitate
1155 2502 1410 2566 vitaeque
1466 2503 1610 2554 futu-

524 2586 617 2620 rae
669 2577 819 2621 statu
865 2578 922 2620 et
967 2570 1279 2621 conditione
1338 2575 1606 2637 exposuit.

523 2641 682 2706 Apud
717 2643 1002 2691 Americae
1048 2640 1331 2704 indigenas
1376 2641 1608 2692 similem

524 2712 638 2761 fere
665 2711 968 2775 opinionem
1001 2710 1298 2760 invaluisse
1333 2710 1401 2761 de
1425 2713 1605 2762 anima

523 2786 632 2830 tam
649 2796 744 2844 per
764 2781 943 2830 sidera
965 2794 1122 2844 quam
1137 2796 1231 2844 per
1241 2779 1497 2830 animalia
1510 2783 1607 2831 mi-

523 2856 715 2912 grante
737 2854 1062 2909 monstrant,
1087 2864 1227 2913 quae
1252 2849 1436 2899 attulit
1458 2852 1512 2901 J.
1538 2852 1604 2901 G.

521 2917 776 2967 Mueller:
811 2918 1006 2970 Gesch.
1034 2918 1085 2966 d.
1115 2918 1345 2968 Americ.
1366 2919 1602 2984 Urrelig.

521 3002 575 3050 p.
601 2987 669 3036 63
698 3001 848 3051 seqq.
870 2986 1012 3046 Alia,
1045 3001 1184 3050 quae
1202 2987 1306 3036 huc
1334 2993 1603 3052 spectant,

521 3057 575 3104 in
605 3057 848 3105 Excursu
884 3054 952 3104 ad
988 3055 1039 3103 h.
1069 3054 1103 3104 1.
1134 3057 1511 3107 tractavimus.

590 3115 763 3173 ἐπεὰν
790 3118 851 3172 δὲ
877 3121 1152 3189 περιέλθῃ
1185 3117 1371 3173 πάντα
1391 3117 1459 3172 τὰ
1481 3141 1604 3190 χερ-

520 3195 654 3243 σαῖα
691 3209 742 3244 κ.
770 3210 817 3243 τ.
855 3191 925 3260 λ.]
959 3194 1042 3243 De
1078 3208 1239 3241 sensu
1265 3192 1454 3243 horum
1482 3211 1605 3244 ver-

519 3264 708 3315 borum
761 3263 871 3314 vid.
922 3278 1088 3327 supra
1123 3262 1423 3327 disputata.
1495 3265 1601 3314 Hic

518 3334 808 3384 admonere
844 3334 1010 3383 liceat
1047 3331 1365 3397 imaginum,
1406 3334 1603 3398 quibus

516 3404 653 3454 haec
696 3404 998 3454 animarum
1045 3403 1300 3467 migratio
1359 3402 1428 3451 ad
1477 3419 1603 3453 ocu-

517 3473 690 3524 lorum
741 3487 931 3523 sensus
980 3471 1234 3522 traducta
1292 3477 1346 3521 et
1388 3487 1603 3537 reprae-

516 3548 736 3593 sentata
765 3543 1043 3592 invenitur
1079 3541 1133 3589 in
1162 3545 1245 3590 tot
1277 3540 1603 3607 anaglyphis

515 3617 982 3663 monumentorum
1010 3611 1419 3675 Aegyptiorum.
1475 3610 1602 3661 Plu-

515 3684 653 3731 rima
697 3682 887 3731 laudat
933 3681 1123 3731 Oreuz.
1175 3681 1230 3727 in
1267 3679 1594 3730 Commentt.

513 3751 755 3801 Herodd.
797 3766 921 3816 pag.
963 3750 1066 3800 339
1112 3764 1225 3813 seq.
1273 3748 1457 3813 ibique
1499 3765 1596 3813 po-

515 3821 780 3869 tissimum
816 3817 1052 3869 Iomard.
1103 3819 1157 3867 in
1201 3819 1474 3883 Descript.
1526 3817 1595 3868 de

513 3888 656 3950 l‘Eg.
696 3888 803 3938 vol.
852 3888 909 3937 11
945 3887 1167 3952 Antiqq.
1205 3902 1258 3950 p.
1302 3887 1400 3937 165
1439 3902 1593 3952 seqq.

511 3957 688 4006 Unam
736 3956 1074 4020 potissimum
1119 3955 1307 4006 laudat
1363 3955 1593 4019 iconem,

512 4040 735 4088 eamque
771 4025 963 4074 lineari
993 4028 1111 4075 arte
1135 4039 1446 4089 expressam
1477 4027 1592 4088 ipse

511 4094 771 4156 subiecit,
809 4098 1139 4157 protractam
1169 4109 1198 4143 e
1234 4096 1441 4158 cryptis
1461 4095 1601 4144 The-

510 4163 721 4212 barum.
791 4162 857 4211 In
894 4162 997 4210 hac
1025 4164 1388 4225 conspicimus
1423 4163 1598 4213 Osiri-

511 4232 657 4293 dem,
713 4238 1045 4280 mortuorum
1082 4230 1314 4280 iudicem
1363 4233 1420 4281 in
1457 4233 1595 4283 solio

510 4301 816 4360 sedentem3
867 4299 916 4349 ei
965 4299 1238 4348 admotum
1277 4315 1454 4362 reum,
1501 4304 1594 4367 qui

507 4370 697 4421 iudicii
757 4369 842 4420 sui
887 4373 1151 4419 tesseram
1205 4367 1475 4420 bilancem
1535 4371 1593 4421 in

1728 765 1949 815 humero
1998 771 2183 831 gerat3
2243 765 2390 815 infra
2450 765 2507 814 in
2553 764 2816 830 gradibus

1727 841 1939 886 stantes
1976 851 2171 886 novem
2214 835 2401 885 iudicii
2440 836 2595 899 quasi
2635 849 2817 883 asses-

1726 920 1904 966 sores;
1938 921 2100 970 porro
2133 904 2380 973 cymbam
2414 905 2667 968 imposito
2694 919 2816 966 por-

1724 991 1789 1024 eo
1839 974 1923 1024 vel
1974 975 2390 1040 hippopotamo,
2456 989 2563 1037 quo
2608 974 2814 1022 iudicio

1724 1046 2025 1094 constituta
2077 1059 2253 1108 poena
2306 1043 2671 1108 significetur,
2732 1043 2815 1090 ni-

1723 1114 1914 1163 mirum
1938 1112 2241 1163 maleficum
2270 1114 2567 1172 hominem,
2606 1111 2701 1176 qui
2730 1127 2816 1161 se-

1719 1186 1835 1232 curi
1871 1198 2164 1247 percussus
2203 1186 2304 1244 sit,
2350 1198 2494 1232 nunc
2539 1197 2604 1230 ex
2641 1181 2815 1231 Osiri—

1720 1252 1803 1301 dis
1843 1253 2045 1302 iudicio
2080 1253 2233 1302 abire
2259 1254 2312 1301 in
2342 1252 2558 1301 foedum
2584 1249 2810 1301 animal.

1718 1323 1934 1372 Etenim
1992 1323 2439 1386 hippopotamum
2489 1336 2613 1370 esse
2662 1336 2813 1385 sym-

1720 1392 1901 1440 bolum
1940 1392 2142 1456 ingrati
2170 1392 2368 1452 animi,
2410 1390 2718 1440 iniustitiae
2744 1406 2811 1438 ac

1716 1461 2012 1510 violentiae
2069 1461 2239 1511 tradit
2288 1459 2572 1524 Horapoll.
2634 1460 2811 1508 hiero-

1718 1530 1984 1594 glyph.1‚
2022 1532 2108 1580 56.
2151 1531 2226 1592 ΙΙ,
2262 1531 2348 1580 37.
2425 1530 2677 1593 Abigitur
2715 1545 2812 1579 au-

1717 1605 1824 1649 tem
1874 1615 1997 1649 reus
2046 1601 2099 1649 in
2145 1600 2377 1649 bestiam
2422 1614 2721 1649 conversus
2774 1614 2810 1648 a
2881 1633 2887 1638 -

1716 1669 2004 1731 MercuriO,
2045 1685 2199 1734 quem
2219 1674 2406 1749 caput
2440 1668 2696 1718 caninum
2726 1668 2809 1717 in-

1716 1740 1924 1802 signem
1982 1739 2146 1801 facit,
2219 1731 2395 1804 Ἑρμῇ
2471 1736 2564 1788 ἰ110
2620 1745 2807 1818 ψυχο-

1716 1806 1930 1873 πομπῷ
1950 1845 1965 1871 ,
2032 1809 2270 1858 Homero
2339 1808 2505 1857 etiam
2578 1806 2805 1871 cognito

1717 1878 1919 1942 Odyss.
1970 1878 2169 1938 XXIV,
2222 1879 2268 1929 l.
2342 1875 2625 1927 Accedunt
2668 1875 2802 1938 alia,

1717 1963 1855 2011 quae
1890 1946 1959 1996 ad
1996 1948 2221 1997 eandem
2268 1948 2574 1997 doctrinam
2622 1944 2806 1994 decla-

1716 2016 1939 2065 randam
1978 2018 2275 2081 pertinent,
2313 2032 2415 2066 nec
2445 2015 2609 2066 maris
2646 2015 2805 2064 deest

1715 2085 2065 2150 significatio,
2091 2101 2192 2136 nec
2213 2101 2492 2152 aquarum,
2523 2101 2624 2134 nec
2644 2084 2805 2148 hydri

1715 2156 1833 2204 sive
1868 2156 2136 2220 serpentis
2172 2156 2441 2222 aquatici,
2484 2170 2585 2205 nec
2619 2155 2805 2204 avium

1716 2225 1976 2288 denique,
2013 2240 2153 2289 quae
2192 2231 2429 2291 quatuor
2451 2240 2675 2274 numero
2715 2238 2803 2273 su-

1714 2309 1879 2358 perne
1916 2295 2126 2358 positae
2151 2299 2304 2356 sunt,
2341 2295 2588 2360 virgineo
2615 2296 2801 2357 capite

1715 2369 1941 2413 ornatae
2001 2369 2055 2413 et
2113 2366 2256 2415 vitta
2305 2362 2632 2414 sacerdotali
2681 2364 2802 2412 sive

1713 2432 2001 2482 calantica.
2077 2434 2142 2483 In
2176 2435 2375 2499 quibus
2411 2433 2644 2498 singulis
2680 2431 2803 2482 illu-

1710 2502 1950 2552 strandis
1985 2518 2204 2567 operam
2240 2502 2533 2553 collocavit
2568 2501 2801 2551 Crenae-

1711 2587 1801 2621 rus
1837 2587 1963 2636 pag.
1991 2572 2289 2634 342—352,
2321 2573 2415 2622 ubi
2448 2573 2505 2620 in
2532 2570 2639 2620 fine
2664 2571 2801 2620 haec

1711 2641 1956 2704 scripsit:
2000 2642 2178 2702 „Utut
2219 2647 2333 2702 est,
2380 2640 2484 2690 hoc
2528 2640 2798 2705 reliquum

1711 2714 1796 2759 est
1841 2725 1909 2760 ac
1956 2716 2189 2761 certum·
2238 2710 2480 2761 tabulam
2525 2709 2667 2759 hanc
2701 2725 2801 2758 no-

1710 2785 1877 2828 stram
1916 2783 1965 2829 in
2001 2784 2181 2830 mortui
2214 2781 2418 2831 hominis
2452 2780 2583 2828 cista
2619 2794 2798 2841 reper-

1709 2855 1809 2897 tam
1844 2851 2099 2914 imagyt'nem
2132 2852 2314 2900 sistere
2357 2850 2413 2899 in
2444 2863 2633 2927 eaque
2667 2863 2795 2898 con-

1709 2918 1845 2982 spici
1886 2923 1939 2967 et
1973 2921 2209 2983 χερσαῖα
2253 2912 2349 2967 καὶ
2396 2911 2466 2967 τὰ
2507 2909 2794 2966 θαλάσσια

1706 2984 1818 3046 ζωα
1852 2992 1907 3036 et
1943 3003 2073 3039 vero
2110 2978 2338 3037 πετεινὰ
2373 3002 2612 3052 quoque,
2651 3002 2793 3051 quac

1707 3057 2019 3107 Herodotus
2053 3059 2113 3107 in
2143 3059 2357 3107 animae
2374 3056 2791 3120 migrationibus

1708 3134 1987 3176 memorat.
1996 3127 2029 3153 ‘⁴
2115 3127 2264 3177 Idem
2313 3129 2398 3178 Gr.
2448 3141 2593 3176 nunc
2642 3126 2791 3176 hisce

1707 3195 1834 3243 addi
1846 3193 1961 3244 vult
1974 3196 2273 3259 Iughirami
2284 3194 2623 3246 Monumenti
2634 3196 2793 3246 Etru-

1702 3263 1819 3313 schi
1857 3264 1928 3314 ad
1976 3266 2088 3314 tab.
2138 3267 2202 3315 77
2252 3264 2395 3331 degli
2440 3265 2659 3328 specchi
2694 3267 2793 3314 mi-

1702 3332 1827 3382 stici
1863 3349 1989 3399 pag.
2029 3334 2150 3384 668.
2223 3334 2308 3384 Tu
2331 3333 2442 3383 vid.
2467 3335 2632 3384 etiam
2660 3334 2792 3383 Wil-

1701 3402 1920 3453 kiuson.
1958 3404 2213 3453 Manners
2262 3409 2367 3453 etc.
2415 3418 2525 3453 sec.
2567 3419 2672 3453 ser.
2711 3403 2785 3453 11.

1703 3487 1828 3535 pag.
1881 3471 1985 3522 446
2034 3487 2171 3537 seq„
2230 3471 2497 3524 Rosellini
2543 3473 2785 3523 Monum-

1703 3540 1850 3590 civil.
1891 3541 1994 3592 111.
2032 3557 2161 3607 pag.
2197 3542 2302 3593 453
2340 3558 2399 3592 se
2438 3558 2489 3607 q.

1734 3602 1895 3727 θτὴν
1928 3608 2348 3675 περιήλυσιν
2383 3608 2419 3658 ὃ
2466 3602 2615 3677 αὐτῇ
2643 3608 2789 3675 γί-νε

1734 3676 1842 3727 θαι
1879 3669 1939 3728 ἐν
1986 3678 2345 3761 τρισχιλίοισι
2380 3674 2547 3744 ἔτεσι]
2587 3680 2787 3731 Glossa

1697 3748 2013 3799 Herodotea
2058 3749 2215 3799 affert
2262 3740 2487 3814 ἤλυσιν·
2546 3744 2785 3813 ἔφοδον,

1698 3816 1956 3879 πορειᾝαν
1997 3817 2093 3868 Cf..
2118 3820 2283 3868 etiam
2315 3820 2484 3869 Koen.
2520 3817 2592 3867 ad
2621 3820 2783 3883 Greg.

1697 3886 1940 3938 Corinth.
1977 3903 2104 3953 pag.
2143 3889 2265 3939 526.
2335 3889 2419 3938 Ad
2456 3889 2631 3951 ipsam
2672 3902 2785 3937 rem

1697 3961 2004 4019 teneamus,
2052 3972 2193 4021 quae
2237 3955 2482 4021 pluribus
2526 3956 2785 4022 leguntur

1696 4027 1944 4089 exposita
1978 4025 2124 4091 apud
2159 4027 2352 4077 Creuz.
2403 4026 2440 4076 l.
2489 4025 2526 4075 l.
2565 4041 2616 4090 p.
2658 4025 2781 4076 324.

1701 4093 1802 4145 327
1839 4111 2012 4160 seqq„
2057 4095 2234 4146 videri
2284 4094 2529 4161 singulos
2570 4099 2781 4145 meatus

1697 4179 1791 4228 per
1827 4165 2139 4215 animalium
2185 4180 2415 4229 corpora
2455 4164 2781 4228 pertinuisse

1697 4249 1792 4297 per
1819 4234 1962 4284 mille
1982 4249 2155 4284 annos
2182 4234 2437 4298 (Plat.-de
2454 4235 2587 4298 Rep.
2608 4235 2676 4292 X,
2696 4234 2748 4284 ll
2764 4269 2781 4285 .

1694 4319 1821 4368 pag.
1859 4303 1980 4354 615.
2027 4303 2260 4354 Phaedr.
2307 4320 2434 4368 pag.
2485 4302 2587 4353 249
2625 4304 2775 4368 etc.).

1694 4372 1875 4437 Atque
1922 4373 2179 4437 quoniam
2226 4372 2486 4439 perpauci
2536 4377 2775 4423 tantum-
