3109 5092
420 273 546 334 456

1293 266 1832 331 HERODOTI

423 457 510 516 θε
539 445 876 534 Μέμφιος.
933 444 1049 513 καὶ
1086 449 1302 533 Μοίρι
1344 440 1427 512 οὔ
1470 471 1568 513 κω
1614 434 1699 534 ἦν
1741 448 1892 512 ἔτεα
1930 438 2273 511 εἰνακόσια
2314 449 2703 530 τετελευτη-

424 646 615 698 scribit
643 644 756 695 Nili
781 645 1172 697 incrementum
1194 645 1406 696 sedecim
1431 660 1511 696 es-

428 732 485 767 se
521 715 855 776 cubitorum3
893 717 940 766 si
971 716 1149 766 minus
1180 715 1282 778 sit,
1325 716 1509 782 inopia

426 786 596 850 premi
636 785 944 851 Aegyptum
994 801 1059 836 ac
1100 784 1371 836 laborare.
1439 786 1511 835 Et

427 856 484 905 in
525 855 630 905 hoc
674 856 889 906 sedecim
935 855 1238 905 cubitorum
1285 870 1510 905 numero

426 939 613 976 omnes
650 924 763 975 fere
795 925 1090 989 scriptores
1125 924 1195 973 ab
1230 924 1512 975 Herodoto

426 995 556 1044 inde
591 1008 764 1058 usque
809 994 881 1044 ad
920 995 1160 1045 Leonem
1195 994 1513 1044 Africanum

427 1064 737 1113 consentire
773 1068 956 1113 monet
989 1065 1186 1114 Ritter.
1216 1063 1514 1114 Erdkunde

428 1134 473 1186 1.
514 1148 566 1198 p.
593 1131 724 1194 8383
769 1148 832 1183 eo
869 1133 1010 1182 enim
1048 1148 1182 1199 opus
1221 1147 1368 1196 esse,
1406 1148 1512 1198 quo

426 1203 620 1252 messis
662 1202 808 1252 bona
851 1201 966 1253 fiat.
1026 1202 1170 1264 Quin
1218 1205 1514 1253 etiamnum

426 1273 474 1322 si
499 1271 656 1323 Nilus
683 1270 753 1320 ad
788 1271 928 1321 hanc
951 1287 1124 1337 usque
1149 1270 1512 1334 altitudinem,

427 1356 590 1407 quam
623 1340 926 1406 legitimam
964 1340 1146 1391 dicere
1179 1340 1366 1404 liceat,
1403 1357 1514 1392 cre-

429 1412 596 1472 verit,
630 1425 724 1474 per
748 1414 921 1460 totam
945 1411 1252 1476 Aegyptum
1275 1410 1515 1476 vectigal

426 1478 768 1546 pendendum
823 1494 965 1531 esse.
1049 1480 1231 1542 Quare
1284 1480 1514 1531 subinde

428 1549 562 1611 fieri,
600 1553 662 1598 ut
683 1563 814 1600 vera
833 1550 948 1600 Nili
969 1549 1235 1599 undarum
1258 1563 1514 1601 mensura

425 1617 651 1681 celetur,
688 1624 803 1680 aut,
831 1620 877 1669 si
907 1620 1084 1669 minor
1108 1620 1198 1682 sit,
1235 1625 1401 1670 aucta
1438 1619 1514 1668 di-

427 1694 609 1748 catur,
654 1692 717 1737 ut
753 1688 965 1739 scilicet
1000 1690 1117 1739 iure
1152 1690 1309 1753 quasi
1347 1690 1516 1738 vecti-

428 1757 518 1824 gal
557 1757 626 1808 ab
661 1757 856 1808 incolis
900 1759 1056 1824 posci
1103 1760 1297 1823 possit.
1362 1761 1516 1821 Quae

427 1828 550 1892 ipsa
584 1842 671 1876 res
697 1828 1131 1893 peregrinaturos
1168 1829 1434 1893 quosdam
1459 1830 1514 1877 in

426 1897 674 1947 fraudem
710 1897 942 1947 induxit.
996 1896 1122 1947 Alia
1153 1913 1298 1948 nunc
1337 1898 1517 1948 sciens

427 1970 737 2032 praetereo,
776 1982 918 2032 quae
952 1966 1100 2031 apud
1136 1967 1313 2032 ipsum
1343 1968 1516 2019 Ritte-

427 2051 546 2085 rum
581 2035 691 2100 legi
723 2036 928 2086 malim.
991 2036 1140 2086 Satis
1177 2038 1321 2086 enim
1347 2038 1520 2087 Hero-

429 2105 544 2155 doti
579 2104 739 2153 fidem
775 2104 830 2153 in
874 2105 1025 2155 hisce
1060 2106 1322 2170 probasse
1356 2107 1516 2156 nobis

425 2173 689 2225 videmur.
754 2174 899 2224 Hinc
933 2173 1061 2224 vel
1045 2189 1102 2222 ιιι
1125 2175 1403 2225 Romanae
1428 2190 1515 2224 ae-

429 2242 564 2293 tatis
609 2242 1060 2323 inscriptionibus
1101 2243 1390 2308 Aegyptiis
1442 2245 1518 2293 in-

426 2313 646 2362 venitur
685 2307 882 2359 δικαιά
925 2302 1202 2375 ἀνάβασις
1250 2313 1317 2363 de
1370 2313 1519 2363 iusta

424 2381 532 2432 hac
569 2380 977 2446 quatuordecim
1024 2380 1331 2431 cubitorum
1367 2398 1517 2433 men-

429 2465 575 2501 sura.
598 2450 724 2499 Vid.
740 2451 1042 2500 Letronne·
1030 2487 1042 2498 .
1065 2451 1402 2502 Becherehes
1426 2468 1518 2503 sur

425 2510 668 2585 l’Egypt.
707 2534 834 2585 pag.
859 2518 982 2571 396.
1041 2520 1122 2569 Ad
1167 2519 1265 2571 has
1303 2538 1519 2572 mensu-

426 2606 517 2639 ras
569 2594 827 2639 accurate
882 2590 1297 2641 constituendas
1352 2596 1517 2656 atque

429 2658 646 2710 omnino
669 2658 783 2709 Nili
807 2660 1103 2709 crescentis
1145 2675 1316 2726 aquas
1348 2661 1518 2711 dime-

427 2728 643 2779 tiendas
681 2729 818 2779 satis
844 2734 1062 2779 constat
1098 2729 1167 2779 ab
1202 2731 1338 2795 ipsis
1371 2736 1520 2780 vete·

428 2798 577 2848 ribus
636 2798 923 2863 Aegyptiis
979 2799 1199 2863 propria
1251 2799 1517 2864 quaedam

429 2868 798 2917 instrumenta
855 2867 1224 2917 columnarum
1285 2870 1516 2920 formam

428 2935 744 3000 plerumque
785 2935 897 2985 fere
944 2937 1257 2985 exhibentia
1293 2937 1517 2988 inventa

428 3005 627 3065 fuisse,
664 3003 968 3054 Nilometra
999 3005 1163 3069 vulgo
1193 3013 1414 3069 vocant,
1451 3008 1518 3059 de

429 3073 626 3138 quibus
654 3072 959 3137 disputavit
988 3073 1197 3137 Lepere
1234 3073 1517 3138 (Memoire

430 3157 524 3191 sur
558 3140 613 3190 la
648 3140 827 3192 valles
861 3142 934 3191 du
969 3142 1083 3206 Nil)
1136 3143 1408 3208 Descript.
1449 3147 1517 3196 de

426 3212 670 3277 l'Egypt.
698 3212 762 3261 T.
777 3211 986 3261 xvm.
1011 3228 1064 3276 p.
1083 3211 1185 3262 590
1208 3228 1380 3278 seqq.,
1409 3231 1515 3280 quo

427 3282 568 3332 bene
592 3296 724 3331 usus
751 3286 838 3331 est
867 3282 1106 3345 Parthey
1137 3281 1207 3330 ad
1235 3282 1512 3341 Plutarch.

430 3350 497 3400 de
550 3349 685 3402 Isid.
748 3355 803 3401 et
860 3350 1060 3400 Osirid.
1125 3367 1179 3416 p.
1228 3351 1331 3402 243
1377 3369 1514 3419 seq.·,

428 3419 523 3469 ubi
547 3420 784 3470 omnium
806 3419 1227 3470 Nilometrorum
1259 3425 1514 3488 vestigia,

430 3493 699 3554 quotquot
752 3506 782 3540 e
827 3490 1104 3540 veteribus
1156 3492 1515 3557 scriptoribus

429 3558 519 3609 vel
569 3574 637 3608 ex
690 3559 828 3624 ipsis
875 3560 1238 3610 monumentis
1294 3564 1515 3629 cognita

430 3632 574 3690 sunt,
602 3628 841 3694 collegit,
880 3628 1209 3682 Declaratur
1227 3630 1360 3680 haec
1387 3648 1516 3696 quo-

429 3712 534 3763 que
567 3712 655 3747 res
691 3698 1023 3763 imaginibus
1058 3704 1302 3749 veterum
1340 3700 1515 3767 Aegy-

428 3767 687 3830 ptiorum,
729 3768 796 3817 de
840 3768 1036 3832 quibus
1073 3769 1219 3818 conf.
1262 3774 1404 3821 nott.
1446 3771 1515 3820 ad

430 3835 506 3897 11,
553 3835 637 3895 103
684 3837 969 3901 ipsumque
1011 3838 1119 3887 Nili
1165 3838 1271 3888 huc
1323 3839 1516 3890 referri

428 3905 632 3967 poterit
679 3921 901 3964 nomen,
958 3907 1007 3956 si
1050 3906 1266 3972 quidem
1317 3908 1511 3959 fluvius

429 3977 554 4022 est
545 3977 810 4038 tempore
868 3974 1120 4038 definite,
1179 3982 1242 4026 ut
1301 3977 1510 4042 volunt,

426 4055 678 4092 crescens
715 4047 999 4108 terrasque
1033 4046 1333 4096 exundans.
1382 4048 1507 4098 Vid.

425 4111 618 4162 Creuz.
659 4110 900 4175 Symbol.
937 4114 1018 4162 11.
1051 4130 1102 4178 p.
1133 4114 1200 4164 29
1238 4116 1322 4165 ed.
1361 4121 1509 4180 tert„

425 4180 519 4230 ubi
567 4179 795 4237 aliorum
846 4196 1057 4245 quoque
1102 4185 1408 4235 sententiae
1445 4186 1512 4237 de

425 4250 584 4299 huius
614 4250 766 4300 vocis
803 4255 983 4315 etymo
1011 4265 1077 4301 ac
1108 4252 1513 4316 significatione

424 4319 748 4384 afferuntur,
798 4320 996 4385 quibus
1028 4319 1152 4371 add.
1193 4322 1402 4390 Hitzig.
1442 4325 1512 4375 ad

1612 647 1718 697 Ies-
1774 644 1934 708 XIX,
1976 644 2027 707 6,
2094 645 2188 710 qui
2233 644 2346 695 Nili
2394 660 2591 695 nomen
2636 644 2708 694 ad

1615 715 1841 766 eundem
1874 682 2240 780 signi’ficatum
2276 716 2522 765 revocari
2567 715 2705 779 vult,

1615 801 1722 851 quo
1761 799 1956 834 nomen
2002 785 2242 850 Aegypti
2286 784 2455 835 Chem
2490 801 2533 834 s.
2572 785 2709 835 Che-

1615 856 1723 905 mia
1750 853 1975 916 (Herod.
2003 854 2080 917 11,
2119 856 2233 919 12),
2271 870 2471 904 nomen
2505 845 2535 903 ὁ
2568 855 2703 904 Νεᾶ-

1615 925 1712 982 λος
1739 924 2152 974 Sanscritanum
2178 939 2298 974 esse
2327 923 2513 975 dicens
2538 924 2706 986 ΝιἹαε,

1616 1011 1653 1060 i.
1677 1026 1722 1060 e.
1762 1012 1933 1075 niger,
1972 996 2147 1069 ἰ’ἾΠῖρ
2186 1009 2332 1075 apud
2364 1010 2470 1060 Ies.
2497 1010 2707 1072 XXIII,

1618 1080 1679 1131 3.
1728 1079 1874 1146 quod
1920 1094 2051 1129 vero
2100 1062 2273 1129 altero
2310 1079 2548 1131 eiusdem
2585 1095 2708 1145 pro-

1617 1167 1815 1231 phetae
1852 1165 1975 1215 loco
2013 1166 2170 1217 Nilus
2214 1171 2442 1216 vocatur
2479 1155 2595 1227 Ἶδέἵ
2632 1166 2708 1216 nil

1619 1236 1727 1285 nisi
1785 1236 1966 1300 flzcmen
2031 1251 2154 1286 esse
2211 1236 2426 1286 statuit.
2518 1217 2709 1301 Neque

1620 1305 1731 1355 alia
1783 1305 1899 1355 sere
1941 1304 2108 1355 habet
2148 1305 2383 1355 Bohlen:
2444 1306 2560 1355 Das
2598 1306 2709 1356 alte

1619 1374 1814 1425 Indien
1874 1373 1949 1423 11.
2006 1389 2061 1438 p.
2121 1376 2225 1425 457
2272 1389 2389 1440 seq.
2475 1376 2711 1426 Graeco-

1618 1460 1736 1494 rum
1797 1443 2121 1508 scriptorum
2165 1443 2315 1494 locos
2364 1444 2432 1495 de
2470 1444 2583 1496 Nilo
2627 1446 2709 1494 af-

1617 1515 1723 1564 fert
1760 1513 2028 1578 Forbiger
2071 1512 2109 1563 l.
2149 1512 2185 1567 l.
2224 1514 2303 1564 11.
2351 1530 2405 1579 p.
2437 1514 2540 1566 769
2580 1514 2704 1581 coll.

1685 1681 1784 1735 καὶ
1827 1683 2015 1750 Μοίρι
2062 1699 2131 1734 ου
2169 1701 2250 1735 κω
2286 1702 2361 1751 ην
2397 1680 2522 1737 ἔτεα
2556 1682 2707 1737 εἰνα-

1617 1748 1783 1805 κόσια
1835 1747 2249 1819 ΐετελευτηκότι
2294 1772 2344 1805 κ.
2389 1771 2436 1806 τ.
2479 1754 2549 1824 λ.]
2631 1759 2720 1808 De*

1618 1825 1856 1876 Moeride
1912 1825 2056 1875 conf.
2105 1824 2249 1875 infra
2302 1826 2524 1888 11,100
2549 1842 2701 1893 seqq.

1620 1895 1805 1959 ibique
1840 1899 1982 1945 nott.
2022 1894 2357 1958 Larcherus‚
2407 1897 2500 1961 qui
2537 1898 2708 1947 Hero-

1621 1965 1808 2015 dotum
1842 1979 1986 2014 anno
2022 1964 2125 2015 460
2163 1979 2212 2014 a.
2253 1965 2378 2015 Chr.
2418 1981 2472 2016 n.
2531 1966 2708 2032 Aegy-

1620 2038 1773 2099 ptum
1810 2037 2178 2098 permeantem
2215 2034 2382 2093 facit,
2422 2040 2485 2085 ut
2522 2035 2591 2086 ad
2627 2037 2705 2098 11,

1624 2107 1649 2155 1
1676 2103 1911 2153 vidimus
1928 2141 1940 2163 ‚
1970 2104 2267 2153 Moeridem
2290 2109 2561 2154 mortuum
2582 2105 2710 2156 hinc

1619 2174 1774 2238 pouit
1802 2172 1906 2224 896
1933 2171 2092 2222 annis
2129 2177 2259 2223 ante
2286 2174 2626 2224 Herodotum
2652 2176 2710 2225 in

1618 2243 1926 2307 Aegyptum
1947 2241 2269 2307 profectum,
2294 2243 2329 2292 i.
2345 2259 2392 2292 e.
2409 2259 2551 2295 anno
2572 2244 2710 2296 1356

1623 2318 1753 2361 ante
1782 2311 1907 2361 Chr.
1932 2327 1986 2360 n.
2036 2310 2194 2361 Conf.
2222 2313 2360 2362 Tab.
2390 2313 2703 2379 chronolog.

1622 2397 1675 2445 p.
1702 2380 1772 2432 86
1799 2396 1914 2445 seq.
1969 2381 2204 2431 Gravius
2232 2397 2361 2432 vero
2392 2382 2525 2432 illud
2559 2382 2706 2434 vide-

1622 2454 1738 2513 tur,
1791 2450 1936 2514 quod
1978 2449 2140 2499 huius
2187 2452 2333 2516 regis
2380 2455 2563 2502 aetate
2598 2453 2709 2502 Nili

1622 2520 1921 2570 crescentis
1972 2524 2097 2569 octo
2142 2521 2315 2570 cubiti
2365 2522 2501 2572 satis
2539 2522 2707 2572 fuisse

1620 2588 1973 2655 perhibentur
1998 2589 2086 2644 ,ad
2123 2604 2345 2654 campos
2379 2591 2706 2656 irrigandos,

1623 2658 1694 2708 ad
1731 2674 1867 2723 quos
1899 2658 2170 2708 Herodoti
2207 2664 2392 2710 aetate
2429 2677 2474 2710 s.
2512 2677 2707 2712 novem

1621 2733 1746 2793 post
1771 2727 1994 2777 saecula
2018 2727 2252 2778 sedecim
2280 2730 2368 2779 vel
2400 2730 2707 2795 quindecim

1622 2797 2063 2863 requirebantur:
2113 2797 2255 2867 quod
2295 2800 2345 2848 si
2379 2816 2565 2850 verum
2602 2805 2705 2863 est,

1622 2869 1765 2918 intra
1814 2867 1920 2916 hoc
1970 2872 2187 2932 temp-us
2240 2873 2441 2918 terram
2499 2874 2706 2934 septem

1622 2937 1821 2986 cubitis
1846 2941 2065 2986 auctam
2093 2936 2263 2988 fuisse
2301 2939 2451 2988 dicas
2482 2954 2706 2990 necesse

1621 3011 1731 3055 est:
1770 3005 1826 3054 id
1854 3020 1983 3055 vero
2015 3005 2129 3055 fieri
2161 3022 2271 3057 non
2308 3009 2575 3072 potuisse,
2615 3009 2704 3058 de-

1621 3074 1833 3124 clarant
1869 3077 2303 3139 computationes
2330 3082 2519 3132 nostra
2553 3082 2704 3127 aeta-

1619 3148 1676 3193 te
1712 3144 1895 3193 factae
1931 3144 1997 3193 de
2034 3160 2098 3194 eo
2146 3146 2334 3210 modo,
2384 3163 2489 3212 quo
2525 3151 2706 3197 terrae

1619 3213 1932 3278 superficies
1970 3214 2081 3264 Nili
2131 3215 2499 3266 alluvionibus
2542 3233 2706 3283 auge-

1618 3288 1735 3343 tur3
1775 3282 1916 3332 unde
1948 3282 2017 3332 ad
2045 3289 2251 3348 septem
2288 3286 2592 3336 cubitorum
2628 3288 2707 3336 in-

1619 3356 1951 3403 crementum
2007 3352 2122 3403 fere
2166 3353 2267 3404 737
2317 3356 2515 3406 seculis
2567 3373 2702 3421 opus

1619 3422 1791 3473 fuisse
1840 3421 2093 3471 efficitur.
2162 3424 2344 3485 Quare
2389 3426 2532 3476 hunc
2580 3431 2706 3476 octo

1619 3492 1926 3542 cubitorum
1948 3506 2227 3542 numerum
2262 3494 2333 3542 ad
2371 3494 2586 3544 fabulas
2620 3511 2704 3545 re-

1617 3561 1907 3626 legandum
1933 3566 2119 3611 censet
2152 3563 2218 3612 R.
2256 3562 2454 3613 Iacobs
2490 3565 2574 3614 De
2596 3565 2707 3615 He·

1618 3630 1798 3681 rodoti
1840 3645 2074 3680 mensur.
2114 3646 2164 3695 p.
2194 3632 2280 3681 21.
2350 3633 2613 3698 Equidem
2648 3635 2705 3683 in

1617 3700 1701 3749 his
1732 3700 1792 3749 id
1815 3703 2031 3749 tantum
2060 3700 2272 3750 attendi
2308 3702 2495 3752 velim:
2534 3704 2706 3753 Hero-

1619 3768 1833 3831 dotum,
1880 3770 1974 3833 qui
2021 3785 2164 3834 quae
2209 3765 2311 3820 s'ua
2345 3776 2530 3822 aetate
2566 3772 2705 3822 obti-

1616 3843 1869 3900 nuerunt,
1904 3854 1969 3888 ea
2004 3843 2059 3888 et
2084 3845 2340 3889 accurate
2373 3845 2427 3891 et
2465 3857 2593 3892 vere
2624 3857 2705 3891 re-

1614 3906 1771 3972 tulit,
1818 3908 1878 3956 in
1918 3907 2018 3970 iis,
2065 3923 2206 3972 quae
2252 3910 2514 3960 Moeridis
2559 3912 2705 3974 regis

1612 3976 1948 4042 temporibus
2010 3977 2335 4041 acciderint,
2400 3980 2556 4046 sequi
2621 3996 2705 4044 ea,

1613 4062 1753 4111 quae
1777 4063 1810 4096 a
1837 4046 2211 4097 sacerdotibus
2236 4048 2445 4098 tradita
2470 4050 2702 4114 accepit,

1614 4116 1777 4181 idque
1804 4117 1967 4166 etiam
1999 4117 2248 4167 consulto
2275 4118 2581 4170 declarare:
2608 4135 2705 4168 un-

1615 4185 1682 4235 de
1727 4187 1774 4235 si
1812 4187 1988 4236 minus
2024 4201 2159 4236 vera
2203 4187 2340 4238 haec
2388 4204 2509 4240 esse
2554 4204 2706 4253 repe-

1612 4255 1846 4318 riantur,
1887 4255 2169 4306 Herodoto
2198 4258 2417 4308 minime
2448 4259 2504 4308 id
2535 4259 2707 4323 impu-

1614 4325 1858 4375 tandum.
