3109 5092
1113 344 1609 405 EUTERPE.
1654 345 1738 405 H.
1778 351 1869 407 86.
2515 344 2639 408 613

361 521 431 586 οἱ
470 516 547 586 δὲ
581 511 1107 605 ὑπολειπόμενοι
1145 519 1220 586 ἑν
1259 517 1574 607 οἰκήμασι
1610 507 1744 588 ὦδε
1782 515 1862 587 τὰ
1899 515 2397 588 σποῠὸαιότατα
2448 547 2637 610 ταρι-

363 619 659 708 χεύουσι.
739 625 971 710 πρῶτα
1000 620 1126 708 μὲν
1154 627 1404 716 σκολιῷ
1442 620 1698 716 σιδήρῳ
1737 619 1851 692 διὰ
1879 626 2018 691 τῶν
2051 620 2464 711 μυξωτήρων
2492 623 2637 704 ἐξά-

363 744 558 812 γουσι
616 720 735 793 τόν
784 725 1194 813 ἐγκέφαλον,
1246 722 1326 794 τὰ
1369 725 1494 813 μὲν
1529 721 1743 794 αὐτοῦ
1792 721 1969 794 οὕτω
2018 723 2394 812 ἐξάγοντες,
2448 724 2530 794 τὰ
2565 726 2642 797 δὲ

365 822 705 915 ἐγχέοντες
761 826 1117 917 φάρμακα·
1173 876 1179 883 -
1224 826 1389 914 μετὰ
1442 829 1519 897 δὲ
1578 836 1757 921 λίθῳ
1807 833 2195 920 Αἰθιοπικῷ
2244 823 2384 910 ὀξέι·
2420 854 2637 918 παρα-

362 939 710 1019 σχίσαντες
755 928 935 1021 παρὰ
963 928 1088 1019 τὴν
1127 930 1437 1021 λαπάρην
1478 934 1544 1014 ἐξ
1580 923 1678 1001 ὦν
1713 925 1897 999 εἶλον
1927 929 2051 1021 τὴν
2078 936 2343 1020 κοιλίην
2382 935 2637 1001 πᾶσαν·

366 1129 630 1181 adhibitis
667 1130 760 1196 qui
787 1130 921 1182 dicit
956 1131 1294 1182 condituram
1331 1148 1452 1184 esse

364 1201 1452 1335 effisxffimssssssss..“xstssffz‘ffzffi

365 1340 564 1390 davere
583 1339 818 1401 tradito,
853 1340 1178 1391 necessariis
1215 1341 1365 1391 abire
1393 1343 1451 1391 li-

362 1412 544 1460 cuerit.
616 1409 707 1459 Ita
748 1411 930 1473 Zoega
981 1409 1048 1459 de
1099 1408 1353 1460 obeliscc.
1392 1427 1446 1476 p.

362 1478 466 1531 256
501 1482 556 1529 et
592 1479 890 1529 Creuzerus
927 1477 963 1529 l.
1007 1479 1045 1530 l.
1124 1515 1137 1529 .
1172 1479 1257 1530 20.
1297 1481 1383 1530 21.

430 1542 492 1597 οἷ
512 1540 574 1595 δὲ
597 1537 1040 1610 ὑπολειπόμενοι
1065 1493 1126 1599 g,
1153 1540 1454 1633 οἰκήμασιΙ

362 1611 428 1667 οἱ
483 1610 558 1666 δὲ
613 1621 743 1667 sunt
789 1616 1162 1679 taricheatae,
1221 1633 1342 1668 cum
1393 1634 1446 1667 m

359 1683 463 1752 μὲν
509 1687 564 1735 in
611 1687 1063 1738 antecedentibus
1112 1687 1223 1736 siut
1260 1688 1450 1738 defun-

361 1757 437 1807 cti
461 1756 786 1815 necessarii3
816 1748 877 1804 ἐν
897 1751 1184 1819 οἰκήμασι,
1209 1758 1247 1805 i.
1282 1772 1329 1806 e.
1351 1773 1449 1807 non

356 1827 464 1877 suis
495 1828 546 1875 in
580 1825 824 1887 aedificiis
868 1826 984 1875 sive
1020 1826 1368 1889 defunctorum
1401 1828 1451 1876 in

357 1894 592 1956 aedibus,
642 1895 736 1944 sed
784 1894 842 1943 in
884 1894 1151 1944 aedificiis
1196 1894 1303 1944 illis
1355 1911 1450 1960 pu·

355 1963 515 2015 blicis
548 1964 619 2013 ad
654 1963 957 2013 condienda
991 1963 1261 2014 cadavera
1282 1964 1448 2015 desti-

358 2033 534 2094 natis,
578 2047 683 2098 quo
732 2037 974 2083 mortuos
1010 2032 1153 2083 hunc
1190 2034 1246 2082 in
1284 2033 1445 2084 finem

359 2101 672 2154 detulerint.
741 2101 862 2151 Vid.
907 2102 985 2165 11,
1023 2101 1092 2152 85
1129 2101 1221 2153 fin.

428 2158 540 2221 ὦδε
587 2163 657 2219 τὰ
712 2164 1139 2220 σπουδαιότατα
1189 2162 1444 2237 ταριχεύ-

359 2239 508 2306 ουσι]
546 2241 585 2289 i.
625 2255 675 2291 e.
719 2231 863 2290 κατὰ
910 2233 1016 2303 τὴν
1061 2232 1443 2289 σπουδαιοτά-

356 2326 461 2375 την
490 2307 842 2373 ταρίχευσιν,
878 2314 941 2359 ut
967 2314 1150 2360 monet
1174 2310 1445 2376 Schweig-

356 2381 672 2431 haeuserus.

428 2445 637 2515 σκολιῷ
682 2438 920 2512 σιδήρῳ]
958 2447 1286 2497 Huiusmodi
1334 2446 1446 2498 culae

357 2524 472 2570 tros
521 2533 588 2567 ex
634 2532 757 2567 aere
804 2515 1032 2581 (Bt-onze
1077 2515 1287 2581 dicunt)
1339 2516 1449 2566 ela-

355 2589 581 2639 boratos
618 2585 919 2651 complures
957 2601 1018 2636 se
1042 2586 1248 2635 vidisse
1282 2584 1447 2635 adeo·

358 2672 461 2723 que
505 2671 684 2707 secum
721 2656 777 2705 in
816 2656 1160 2707 Germaniam
1196 2655 1449 2705 attulisse

359 2720 597 2776 testatur
640 2724 927 2775 Minutoli:
980 2724 1294 2789 Nachtriige
1337 2729 1445 2774 etc.

356 2811 485 2916 τε·
527 2793 898 2930 ξυμ-ι.

715 2899 730 2914 .
903 2901 915 2914 .
1038 2900 1052 2926 ,

355 2947 544 2984 museo
573 2933 847 2998 Aegyptio
884 2934 1084 2984 ferrum
1121 2931 1234 2981 tale
1277 2930 1447 2981 adun-

357 3018 478 3054 cum
500 3003 791 3052 monstrari
818 3004 1055 3067 itemque
1071 3000 1284 3066 lapides
1310 3000 1446 3051 mul-

356 3077 444 3124 tos
501 3088 566 3122 ex
616 3087 813 3137 genere
867 3070 1043 3121 λίθου
1090 3065 1448 3120 Αἰθιοπικοῦ

355 3158 480 3193 mox
516 3143 939 3192 commemorati.

426 3202 524 3261 διὰ
547 3208 664 3260 τῶν
679 3202 1030 3273 μυξωτήρων
1056 3198 1321 3271 ἐξάγουσι
1339 3198 1446 3255 τὸν

356 3271 688 3345 ἐγκέφαλον]
733 3278 953 3329 Cerebri
986 3292 1084 3342 per
1121 3291 1280 3327 nares
1317 3275 1446 3325 edu-

355 3350 432 3401 cti
468 3365 590 3399 cum
625 3347 776 3398 nulla
810 3349 954 3413 apud
978 3346 1274 3396 Diodorum
1301 3360 1445 3394 men-

354 3420 434 3470 tio
453 3456 467 3480 ,
506 3417 873 3468 Herodoteam
896 3416 1264 3467 narrationem
1298 3412 1446 3464 haud

353 3487 515 3555 pauci
564 3488 619 3535 in
679 3502 904 3537 examen
971 3489 1235 3536 vocantes
1299 3498 1449 3548 pror-

356 3573 449 3609 sus
478 3571 773 3621 congruam
811 3572 877 3607 ac
911 3570 1094 3605 veram
1123 3555 1450 3603 invenerunt

353 3630 520 3693 inque
554 3627 768 3675 mumiis
816 3626 952 3690 ipsis
1000 3629 1186 3690 partes
1228 3622 1440 3671 narium

356 3698 499 3748 ferro
547 3694 727 3745 laesas
772 3694 998 3760 reperiri
1053 3692 1244 3744 testati
1294 3694 1440 3739 sunt.

354 3765 482 3816 vid.
541 3764 792 3814 Creuzer.
850 3764 886 3813 l.
937 3762 996 3824 1.,
1054 3763 1148 3827 qui
1198 3758 1443 3823 inprimis

358 3833 545 3885 laudat
579 3832 951 3884 Blumeubach
982 3833 1066 3881 in:
1104 3831 1288 3881 Goett.
1328 3829 1445 3878 Ma-

358 3920 482 3969 gaz.
517 3903 564 3953 1.
602 3917 658 3966 p.
698 3904 799 3955 135
836 3907 891 3952 et
928 3901 1186 3963 Beitr'age
1214 3913 1310 3947 zur
1338 3897 1447 3946 Na-

357 3971 633 4038 turgesch.
666 3971 714 4021 1.
753 3988 806 4036 p.
845 3970 939 4021 131
969 3968 1054 4019 ed.
1092 3967 1442 4029 sec.,Royer.

359 4046 414 4092 et
450 4041 686 4091 Iomard.
711 4043 770 4091 in
805 4041 997 4090 Descr.
1029 4038 1096 4087 de
1127 4035 1273 4099 l'Eg.
1311 4034 1440 4082 Ant.

357 4110 470 4162 vol.
510 4110 589 4159 11.
633 4126 687 4175 p.
740 4111 863 4162 215.
907 4108 1027 4158 344.
1099 4105 1268 4153 Hisce
1303 4102 1443 4152 adde

357 4180 685 4230 Wilkinson.
733 4179 772 4228 1.
817 4176 859 4229 l.
905 4190 1033 4241 pag.
1073 4172 1206 4234 456,
1257 4171 1443 4222 Rosel-

355 4248 456 4299 lini
493 4246 531 4299 l.
570 4248 610 4300 l.
648 4265 699 4313 p.
738 4246 873 4309 337,
926 4242 1125 4293 Walne
1161 4241 1244 4290 in:
1303 4240 1446 4290 Zeit-

355 4317 552 4369 schrift
608 4317 699 4367 fiir
743 4310 1229 4367 Alterthumswiss.
1289 4308 1444 4360 1834.

353 4403 441 4439 nr.
477 4388 564 4439 48.
606 4402 662 4473 ΡΞ
698 4385 833 4449 392,
887 4384 1100 4439 Fritze:
1148 4380 1232 4430 De
1263 4377 1446 4429 condi-

1551 1136 1679 1182 tura
1723 1148 1910 1197 corpp.
1955 1136 2139 1183 mortt.
2179 1130 2441 1196 (Beroliu.
2487 1132 2639 1184 1834.

1552 1201 1629 1266 4.)
1670 1218 1722 1266 p.
1764 1202 1829 1253 16
1871 1217 1987 1267 seq.

1623 1267 1692 1320 τὰ
1728 1264 1791 1319 δὲ
1828 1260 2112 1334 ἐγχέοντες
2135 1262 2430 1334 φάρμακα]
2469 1270 2639 1321 Medi-

1553 1344 1806 1390 camenta
1823 1339 1961 1389 haec
1989 1339 2174 1405 qualia
2201 1339 2404 1389 fuerint
2422 1378 2435 1401 ,
2469 1356 2535 1390 ex
2558 1356 2639 1391 re-

1552 1411 1676 1460 sina
1710 1409 1943 1473 aliisque
1977 1408 2219 1458 materiis
2240 1409 2297 1459 in
2318 1410 2504 1459 cranio
2531 1425 2639 1459 mn·

1553 1480 1782 1528 miarum
1853 1479 2082 1543 repertis
2153 1476 2412 1543 colligere
2491 1477 2637 1540 licet,

1547 1562 1872 1614 quamquam
1893 1545 2025 1597 illud
2046 1547 2260 1613 quidem
2279 1548 2491 1610 mirum,
2514 1546 2640 1598 aliis

1550 1616 2453 1749 2¹2.⁰‘::¹.1³{:5¹¹¹.2³.¹;⁸²1¹.p23.53¹⁸
2491 1632 2641 1736 ⁹533·

1552 1756 1805 1805 Creuzer.
1842 1755 1879 1804 l.
1928 1753 1965 1804 l.
2016 1755 2203 1818 ibique
2247 1754 2637 1806 Blumeubach.

1550 1825 1587 1875 l.
1631 1824 1665 1875 l.
1706 1840 1833 1889 pag.
1863 1823 1931 1874 93
1967 1828 2023 1873 et
2063 1823 2295 1874 Gmelin.
2334 1825 2391 1872 in
2428 1824 2634 1875 Comm.

1551 1909 1667 1945 soc.
1705 1894 1854 1944 Gott.
1905 1893 2002 1942 IV.
2050 1908 2105 1956 p.
2152 1895 2185 1942 4
2233 1907 2404 1958 seqq„
2449 1893 2639 1943 Fritze

1550 1963 1586 2014 1.
1638 1962 1677 2014 l.
1722 1977 1855 2027 pag.
1915 1963 1999 2020 17,
2049 1961 2284 2026 Magnus
2332 1961 2370 2011 1.
2422 1960 2460 2013 l.
2507 1972 2671 2027 pag.‘

1549 2032 1618 2083 30
1656 2048 1715 2081 se
1760 2070 1771 2081 .

1618 2047 1766 2166 21¹³}
1778 2095 2131 2165 Αἰθιοπικῷ]
2143 2099 2246 2147 His
2258 2098 2412 2162 paria
2426 2097 2639 2164 quidem

1547 2170 1719 2221 tradit
1729 2169 2000 2219 Diodorus
2013 2168 2059 2229 1,
2073 2168 2137 2221 91
2146 2203 2160 2216 .
2176 2166 2439 2232 Lapidem
2460 2168 2636 2231 ipsum

1549 2241 1619 2291 ad
1652 2239 1945 2290 secandum
1972 2236 2210 2287 cadaver
2234 2236 2536 2286 adhibitum
2571 2253 2637 2287 ex

1547 2326 1612 2361 eo
1634 2324 1835 2374 genere
1863 2306 2055 2357 volunt
2090 2320 2236 2368 esse,
2275 2306 2420 2370 quod
2438 2306 2635 2356 Strabo

1550 2378 1750 2443 (XVII.
1788 2393 1842 2442 p.
1880 2375 1986 2428 808
2021 2392 2067 2427 s.
2108 2374 2263 2440 1158)
2301 2374 2518 2439 Syenen
2554 2376 2636 2424 in-

1548 2454 1633 2498 ter
1670 2453 1835 2512 atque
1859 2444 2045 2496 Philas
2081 2459 2142 2493 se
2167 2444 2437 2508 reperisse
2470 2448 2639 2494 testa·

1547 2524 1638 2567 tur
1681 2517 1894 2581 nigrum
1943 2529 2009 2564 ac
2057 2513 2274 2572 durum3
2323 2527 2460 2578 quae
2496 2512 2640 2562 duri-

1548 2587 1654 2636 ties
1706 2589 1855 2635 certe
1896 2582 2058 2632 valde
2105 2583 2359 2645 congruit
2399 2581 2449 2631 ei
2493 2583 2635 2641 usui,

1549 2655 1638 2707 cui
1659 2653 1972 2704 Herodotus
2004 2650 2305 2700 adhibitum
2331 2663 2452 2699 esse
2484 2648 2637 2700 illum

1550 2723 1763 2774 scribit.
1834 2722 1908 2771 Et
1942 2717 2145 2783 reperti
2190 2722 2317 2767 sunt
2351 2718 2542 2784 utique
2578 2720 2636 2768 in

1547 2791 1762 2843 mumiis
1801 2788 2064 2839 eiusmodi
2110 2787 2269 2837 cultri
2315 2803 2381 2837 ex
2418 2787 2639 2837 Aethio-

1548 2864 1672 2928 pico
1687 2875 1731 2910 s.
1751 2859 1979 2925 Syenita
1997 2856 2179 2921 lapide
2200 2856 2458 2907 confecti.
2506 2857 2633 2907 Vid.

1549 2933 1801 2982 Greuzer.
1848 2928 1886 2978 l.
1935 2926 1972 2977 l.
2022 2926 2156 2991 ibiq.
2204 2924 2517 2991 Caryophil.
2568 2927 2637 2977 de

1549 3013 1830 3121 ῗίιῖᾘοῖ·
1864 3012 2007 3117 Ξῗὲῑ.
2033 2994 2112 3114 3ῗι
2137 2995 2637 3130 ’ἷὲἕιθῗοῧὲἶὲθέἐ

1549 3138 1675 3191 coll.
1700 3134 2069 3188 Blumeubach
2096 3135 2181 3182 iu:
2210 3133 2394 3184 Goett.
2417 3135 2634 3200 Magaz.

1547 3211 1593 3260 1.
1628 3225 1682 3273 p.
1727 3206 1856 3269 139,
1892 3206 2078 3255 Fritze
2111 3201 2150 3253 l.
2189 3203 2258 3264 1.,
2294 3202 2557 3254 Rosellini
2594 3202 2632 3254 l.

1543 3279 1584 3330 1.
1616 3294 1671 3342 p.
1706 3275 1825 3336 338,
1859 3276 1950 3340 qui
1984 3274 2126 3323 idem
2164 3272 2343 3334 addit,
2378 3271 2521 3321 hunc
2560 3269 2637 3321 la-

1546 3347 1727 3414 pidem
1772 3343 2148 3407 Aethiopieum
2193 3356 2330 3392 uon.
2347 3339 2516 3389 alium
2552 3340 2633 3387 vi-

1547 3417 1665 3467 deri
1700 3429 1765 3464 ac
1799 3413 2005 3465 silicem
2041 3425 2188 3470 eum,
2228 3410 2319 3472 qui
2351 3407 2493 3472 apud
2525 3407 2637 3456 Ita-

1546 3485 1630 3536 los
1660 3485 1836 3548 pietra
1870 3479 2053 3543 socaja
2079 3476 2243 3542 (apud
2279 3490 2408 3525 nos:
2443 3476 2635 3525 Fener-

1550 3572 1597 3604 s.
1631 3549 1986 3611 Ftintenstein)
2022 3550 2274 3605 vocetur,
2319 3559 2439 3593 cum
2482 3544 2639 3595 iuxta

1545 3622 1776 3673 mumias
1825 3617 1984 3683 plura
2039 3615 2199 3665 huius
2262 3612 2462 3676 lapidis
2528 3613 2637 3663 fra-

1547 3694 1771 3758 gmenta
1826 3688 1885 3735 in
1943 3683 2105 3736 cultri
2161 3682 2388 3731 formam
2449 3681 2636 3731 efficta

1548 3773 1722 3824 eaque
1766 3755 1928 3805 valde
1968 3756 2133 3803 acuta
2181 3752 2298 3814 ipse
2342 3751 2631 3801 invenerit.

1547 3831 1628 3880 Ac
1666 3828 1730 3877 de
1765 3824 1866 3875 tali
1901 3822 2085 3887 lapide
2119 3819 2223 3869 hoe
2250 3819 2370 3869 loco
2400 3820 2635 3884 cogitari

1546 3898 1667 3948 vult
1725 3908 1938 3959 quoque
1986 3889 2296 3941 Wilkinsou
2347 3889 2633 3953 (Manners

1549 3972 1656 4018 ete.
1696 3964 1802 4014 111.
1824 3979 1878 4027 p.
1912 3959 2055 4025 261),
2089 3974 2212 4009 cum
2248 3955 2373 4007 aliis
2406 3957 2543 4009 locis
2568 3959 2634 4009 de

1547 4035 1777 4102 Syenita
1808 4028 2155 4097 cogitandum
2194 4027 2286 4076 sit.
2363 4086 2374 4105 ἱ
2608 4055 2612 4059 -

1616 4096 2066 4166 παρασχίσαντες
2115 4088 2272 4161 παρὰ
2314 4109 2422 4158 την
2455 4086 2633 4144 λοιποὶ-

1548 4171 1679 4238 ρην]
1721 4171 1868 4235 „Qui
1900 4170 2005 4220 hoc
2048 4166 2315 4225 faciebat,
2363 4164 2490 4213 hinc
2525 4177 2633 4212 πα·

1548 4239 1854 4306 ρασχίστης
1913 4238 2109 4288 dicitur
2160 4233 2387 4286 Diodor.
2442 4234 2489 4295 Ι,
2543 4231 2632 4283 91.

1551 4311 1687 4378 [vid.
1728 4325 1791 4359 su
1832 4324 1893 4359 ra
1931 4307 2002 4358 ad
2040 4306 2253 4356 initium
2296 4304 2418 4367 dap.
2466 4298 2635 4365 nott.]

1552 4407 1623 4419 -
1657 4378 1923 4445 λαπαρην
1979 4375 2116 4425 dicit
2159 4376 2371 4441 partem
2419 4369 2633 4425 mollem
