3109 5092
1105 357 1605 421 EUTERPE.
1651 362 1735 421 Π.
1781 372 1870 426 34.

335 520 760 619 Ἡρακληΐων
804 533 1104 619 στηλέων
1121 553 1136 567 ·
1199 528 1603 624 ὁμουρέουσι
1649 534 1727 605 δὲ
1763 542 2165 622 Κυνησίοισι
2184 589 2203 623 ,
2257 544 2326 607 οἳ
2363 544 2627 627 ἔσχατοι

347 631 512 721 πρὸς
566 635 883 722 δυσμέων
935 639 1230 706 οἰκέουσι
1281 643 1420 706 τῶν
1474 641 1549 708 ἐν
1610 644 1691 729 τῇ
1740 633 2043 728 Εὐρώπῃ
2100 646 2622 730 κατοικημένων.

349 742 628 829 τελευτᾷ
652 737 732 807 δὲ
758 734 1082 828 ὃἼστρος,
1115 742 1183 820 ἐς
1208 740 1566 811 θάλασσαν
1596 743 1773 829 ῥέων
1797 737 1924 829 τὴν
1949 747 2072 812 τοῦ
2097 740 2427 827 Εὐξείνου
2456 743 2620 816 πόν-

347 860 467 910 του
521 838 636 910 διὰ
676 839 890 930 πάσης
927 839 1297 931 Εὐρώπης,
1351 849 1433 933 τῇ
1478 840 1767 932 Ἰστρίην
1820 848 1891 913 οἱ
1922 852 2288 934 Μιλησίων
2330 849 2625 917 οἰκέουσι

272 950 364 1005 119
378 940 668 1014 ἄποικοι.
738 939 812 1013 Ὁ
863 944 989 1033 μὲν
1043 943 1128 1035 δὴ
1164 943 1450 1033 Ἴστρος,
1508 951 1647 1036 ρεἐι
1683 945 1812 1036 γὰρ
1852 943 1934 1016 δι’
1973 954 2406 1039 οἰκευμένης,
2458 947 2717 1038 πρός34

350 1052 620 1117 πολλῶν
657 1045 1089 1133 γινώσκεται·
1147 1050 1304 1138 περὶ
1341 1050 1414 1119 δὲ
1457 1056 1596 1119 τῶν
1635 1055 1756 1120 τοῦ
1782 1057 2043 1121 Νείλου
2083 1056 2357 1141 πηγέων
2398 1049 2626 1132 οὐδεὶς

351 1154 484 1237 ἔχει
539 1152 794 1237 λέγειν·
882 1147 1189 1240 ἀοίκητός
1229 1180 1302 1221 τε
1345 1151 1473 1243 γάρ
1515 1156 1652 1222 ἐστι
1694 1154 1807 1222 καὶ
1852 1156 2091 1244 έρῆμος
2134 1152 2176 1245 ἡ
2214 1155 2472 1244 Λιβύη,
2537 1151 2620 1225 δι’

352 1348 598 1399 omuibus
642 1355 904 1415 quantum
949 1351 1062 1402 scio
1109 1352 1266 1403 codd.
1304 1352 1435 1403 alla-

350 1422 484 1467 tum.
569 1418 817 1470 Bekkero
856 1420 1061 1486 placuit
1093 1411 1432 1485 Ἡρακλέων,

351 1485 514 1552 idque
549 1489 735 1552 reponi
771 1504 986 1554 quoque
1011 1491 1174 1540 iussit
1195 1491 1433 1542 Bredov.

347 1572 401 1620 p.
452 1557 570 1606 157.
625 1557 747 1619 219,
804 1574 963 1624 quem
1010 1560 1256 1625 sequitur
1302 1561 1434 1610 Din-

347 1625 487 1674 dorf.
517 1616 866 1690 Ἡρακλείων
906 1629 1152 1679 exhibuit
1185 1629 1432 1681 Dietseh.

345 1693 662 1746 Maluerunt
693 1697 941 1761 quidam:
977 1693 1104 1747 ἔσω
1134 1691 1434 1764 Ἡρακληΐ-

346 1777 427 1811 ων
462 1761 734 1828 στηλέων,
783 1782 905 1817 cum
941 1767 1155 1830 Celtae,
1204 1782 1431 1834 quorum

344 1834 559 1885 nomine
617 1835 921 1900 Hispaniae
979 1837 1195 1888 incolae
1258 1838 1432 1888 conti-

345 1906 603 1966 neantur,
646 1910 801 1955 extra
824 1907 1104 1957 columnas
1127 1906 1430 1958 Herculeas

344 1974 551 2023 censeri
586 1980 877 2040 nequeant.
929 1977 1037 2026 Sed
1073 1977 1211 2026 bene
1247 1981 1432 2027 monet

342 2041 769 2108 Wesselingius,
821 2046 1000 2095 omnia
1038 2050 1194 2096 extra
1224 2046 1431 2096 Hercu-

341 2109 410 2161 lis
445 2111 643 2162 fretum
689 2114 746 2163 in
776 2114 1053 2166 Oceanum
1100 2131 1262 2165 versa
1305 2114 1430 2164 inde

343 2195 377 2229 a
412 2180 581 2247 Calpe
627 2185 1028 2249 promontorio,
1083 2184 1180 2234 ubi
1222 2185 1430 2234 Hercu-

338 2248 461 2300 leae
511 2250 795 2303 columnae
856 2253 997 2304 fixae
1048 2253 1426 2312 credebantur,

341 2324 495 2369 extra
529 2320 694 2372 hasce
724 2322 1176 2382 columnas‘dici3
1214 2327 1276 2372 ut
1300 2337 1355 2370 v.
1377 2338 1426 2372 c.

340 2393 397 2438 et
436 2389 615 2440 Gades
663 2395 718 2441 et
766 2395 1060 2442 extremam
1107 2391 1430 2442 Lusitaniae

341 2459 548 2522 partem
571 2461 627 2509 in
653 2460 932 2512 Oceanum
956 2461 1340 2526 porrigentem,
1373 2465 1430 2511 et

340 2528 575 2579 fortasse
608 2530 913 2593 veteribus,
963 2532 1054 2596 qui
1100 2531 1428 2581 accuratiori

339 2596 497 2647 huius
552 2604 736 2650 terrae
782 2600 1096 2665 cognitione
1146 2599 1425 2663 carebant,

340 2666 651 2718 ulteriorem
677 2670 881 2732 visam,
917 2684 1078 2734 quam
1103 2685 1296 2733 reapse
1321 2676 1426 2720 est.

339 2736 464 2786 vid.
505 2738 689 2788 Strab.
731 2738 777 2788 Ι.
821 2755 875 2803 p.
913 2739 982 2789 82
1019 2754 1064 2791 s.
1106 2741 1190 2789 47.
1231 2754 1283 2803 p.
1328 2739 1426 2790 112

341 2821 385 2855 s.
424 2806 512 2857 64.
557 2807 664 2857 111.
710 2824 765 2872 p.
801 2809 906 2858 256
954 2825 999 2858 s.
1060 2808 1178 2860 168.
1266 2809 1430 2858 Prae·

340 2879 492 2926 terea
513 2876 701 2927 Celtas
727 2876 800 2926 ad
823 2878 1020 2928 flumen
1044 2879 1218 2928 Anam
1243 2881 1299 2927 et
1320 2878 1428 2927 Lu·

340 2944 576 2996 sitaniae
620 2948 1046 3012 promontorium
1091 2947 1318 2998 Sacrum
1371 2952 1428 2997 et

339 3013 592 3075 Nerium,
631 3016 726 3065 cui
758 3020 813 3066 et
836 3016 1046 3067 Celtico
1083 3031 1306 3078 nomeu,
1346 3032 1429 3066 se·

343 3082 437 3133 des
491 3083 620 3135 olim
657 3085 943 3148 habuisse,
1001 3085 1142 3137 idem
1193 3091 1430 3136 testatur

343 3152 543 3204 Strabo
586 3154 693 3206 111.
728 3171 781 3219 p.
823 3155 927 3206 230
959 3156 1022 3205 Β.
1075 3170 1120 3206 s.
1157 3171 1284 3220 pag.
1332 3155 1430 3205 153

342 3221 468 3273 Cas.
554 3223 660 3284 Qui
706 3224 897 3274 Celtae
947 3239 1053 3289 quo
1103 3225 1279 3275 minus
1326 3224 1430 3274 hoc

340 3290 460 3342 loco
507 3292 913 3358 intelligantur,
962 3293 1095 3354 nihil
1139 3298 1288 3344 certe
1336 3294 1430 3344 ob-

342 3364 484 3421 stat3
536 3361 682 3426 quod
721 3363 898 3427 ipsum
940 3361 1263 3413 documento
1308 3363 1430 3424 erit,

341 3431 591 3495 Pyrenen
631 3433 1002 3483 Herodoteam
1049 3447 1157 3483 non
1198 3433 1254 3482 in
1303 3433 1433 3483 Ger·

342 3501 526 3551 mania
578 3500 674 3551 sed
722 3502 870 3552 circa
910 3501 1235 3566 Hispaniam
1285 3516 1431 3552 mon-

341 3573 536 3635 tesque
557 3570 868 3634 Pyrenaeos
896 3570 1258 3634 quaerendam
1291 3585 1431 3620 esse.

341 3638 427 3688 De
471 3636 641 3688 Celtis
688 3639 837 3690 conf.
889 3639 1053 3689 etiam
1100 3640 1206 3700 IV,
1257 3640 1326 3689 49
1376 3643 1433 3688 et

344 3706 405 3757 Ο.
436 3707 504 3758 Ο.
525 3708 771 3768 Mueller.
809 3709 1060 3759 Etruscc.
1088 3708 1133 3758 1.
1158 3723 1285 3772 pag.
1310 3707 1429 3768 151,

344 3776 437 3840 qui
480 3791 601 3826 cum
636 3777 906 3829 Herodoti
942 3776 1114 3826 Celtis
1149 3780 1433 3841 comparat

343 3844 615 3896 Hel-odori
638 3848 812 3897 Gletes
842 3845 987 3911 apud
1010 3845 1272 3910 Stephan.
1296 3846 1430 3909 Byz.
1452 3885 1460 3898 .

345 3928 389 3962 s.
429 3928 513 3975 r..
552 3929 674 3965 cum
711 3916 924 3967 Graeca
959 3914 1178 3964 nomina
1215 3908 1432 3974 Κελτοὶ,

342 3977 624 4046 Γαλάται,
663 3981 876 4048 Γλῆτες
899 3982 971 4033 ad
995 3998 1159 4032 unam
1185 3981 1435 4032 eandem·

343 4067 449 4116 que
490 4052 729 4104 radicem
773 4053 884 4102 sint
931 4052 1258 4103 revocanda.
1349 4051 1434 4100 De

345 4120 517 4171 Celtis
552 4122 665 4173 vid.
701 4123 870 4172 Zeuss
909 4121 945 4171 l.
982 4121 1021 4170 l.
1057 4135 1114 4185 p.
1147 4120 1249 4172 160
1280 4135 1434 4185 seqq.

415 4181 761 4254 ὁμουρέουσι
808 4184 872 4240 δὲ
920 4187 1283 4255 Κυνησίοισι]
1335 4189 1436 4253 Gy-

342 4260 512 4310 nesioe
544 4258 689 4309 infra
726 4259 835 4320 lv,
883 4257 954 4308 49
995 4262 1163 4309 vocat
1197 4260 1434 4325 Cynam,

345 4342 482 4392 quos
518 4329 735 4378 eosdem
765 4326 1101 4378 occidentem
1136 4342 1327 4378 versus
1353 4325 1438 4376 ul-

343 4397 508 4448 timos
554 4412 678 4449 esse
723 4397 805 4447 ait
836 4396 1147 4461 Stephanus
1177 4396 1437 4463 Byzanti-

1537 1369 1669 1416 nus,
1728 1370 2061 1420 quorumque
2107 1355 2266 1406 sedes
2313 1354 2624 1406 accuratius

1538 1423 1869 1474 definiuntur
1904 1425 1972 1476 ab
1997 1424 2205 1476 Avieno
2242 1424 2336 1476 Or.
2370 1423 2624 1475 maritim.

1536 1493 1660 1545 200.
1734 1493 1869 1544 Inde
1914 1495 1971 1543 in
2021 1499 2263 1544 extrema
2304 1494 2627 1544 Lusitaniae

1536 1577 1634 1612 ora
1681 1578 1711 1612 e
1758 1567 1937 1613 mente
1982 1563 2249 1614 Herodoti
2304 1562 2626 1615 collocanda

1535 1631 1753 1681 videtur
1792 1632 1928 1683 haec
1974 1649 2139 1696 gens,
2187 1631 2356 1684 Celtis
2403 1636 2459 1683 et
2504 1633 2627 1696 ipsa

1536 1701 1906 1762 accensenda3
1946 1703 2020 1752 cf.
2058 1704 2226 1751 Zeuss
2262 1702 2300 1753 l.
2333 1701 2373 1752 l.
2408 1717 2463 1766 p.
2501 1700 2620 1751 161.

1531 1769 1885 1821 Dieffenbach
1936 1770 2142 1821 Celtica
2191 1770 2277 1833 11,
2328 1772 2378 1820 2.
2426 1786 2482 1834 p.
2535 1770 2625 1820 25.

1531 1837 1706 1890 Aliter
1759 1840 1954 1889 statuit
2005 1839 2243 1891 Redslob
2302 1838 2620 1900 (Tartessus

1531 1913 1637 1959 etc.
1688 1923 1743 1973 p.
1782 1910 1854 1959 42
1891 1910 2068 1973 seq.),
2117 1909 2209 1975 qui
2251 1913 2314 1959 ut
2350 1907 2623 1968 concedit,

1529 1978 1812 2029 Herodoto
1871 1977 2059 2028 haberi
2120 1978 2307 2029 Celtas
2364 1975 2622 2043 populum

1529 2048 1766 2097 omnium
1816 2049 2071 2111 Europae
2126 2052 2427 2097 extremum
2485 2045 2626 2096 occi·

1529 2117 1746 2166 dentem
1770 2131 1959 2167 versus
1976 2152 1990 2178 ,
2026 2117 2110 2166 ita
2131 2115 2359 2167 eundem
2391 2114 2511 2166 vult
2532 2129 2623 2164 ca-

1533 2186 1707 2236 ruisse
1735 2186 2075 2238 accuratiore
2102 2185 2415 2251 cognitione
2445 2190 2626 2234 terrae

1531 2254 1679 2305 ultra
1700 2256 2010 2320 Pyrenaeos
2036 2260 2249 2307 montes
2275 2254 2434 2319 sitae,
2461 2268 2625 2320 quam

1530 2324 1682 2374 brevi
1717 2328 1900 2376 tractu
1939 2330 2244 2389 porrectam
2294 2339 2435 2389 pone
2472 2325 2625 2388 ipsos

1531 2393 1631 2444 bos
1678 2399 1889 2444 montes
1926 2395 2206 2446 continere
2252 2395 2409 2445 sedes
2445 2392 2627 2458 Cyne-

1531 2464 1734 2513 siorum
1788 2465 2057 2529 opinetur.
2140 2466 2295 2527 Quae
2353 2461 2623 2529 quomodo

1531 2548 1654 2582 cum
1699 2533 1834 2597 ipsis
1879 2533 2147 2583 Herodoti
2192 2531 2375 2583 verbis
2426 2530 2623 2582 cohae-

1530 2607 1716 2664 reant,
1755 2601 2001 2667 equidem
2035 2602 2180 2652 haud
2211 2600 2489 2666 intelligo..
2519 2600 2624 2663 Cy-

1531 2672 1715 2721 nesios
1774 2672 1829 2720 in
1870 2672 2198 2721 Lusitaniae
2243 2683 2367 2730 ora,
2427 2667 2517 2718 vel
2565 2669 2622 2716 in

1531 2740 1749 2791 Galatia
1787 2738 2145 2805 Astur-isque,
2196 2753 2335 2804 quae
2367 2752 2513 2787 nunc
2544 2736 2625 2787 di-

1530 2810 1690 2871 citur,
1725 2809 1930 2858 vixisse
1956 2814 2103 2860 reete
2126 2822 2341 2875 quoque
2364 2805 2507 2856 vidit
2526 2806 2625 2856 Ar·

1530 2878 1660 2928 nold
1684 2878 1917 2943 History
1943 2879 2006 2929 of
2024 2879 2180 2928 Rom.
2208 2878 2254 2927 1.
2283 2892 2334 2940 p.
2355 2874 2455 2926 491
2484 2889 2621 2940 seq„

1530 2963 1615 3010 ea,
1653 2962 1792 3013 quae
1826 2947 2140 2997 Herodotus
2176 2946 2231 2998 b.
2267 2945 2305 2996 l.
2340 2944 2551 3010 prodit,
2592 2959 2625 2993 e

1531 3017 1865 3068 Phoenicum
1895 3016 2104 3082 periplo
2137 3015 2371 3083 quodam
2397 3013 2625 3065 fluxisse

1532 3091 1706 3138 ratus.
1742 3116 1815 3126 —-
1849 3088 1913 3138 In
1953 3102 2103 3152 seqq.
2142 3086 2337 3147 verba,
2424 3099 2529 3136 uae
2562 3082 2627 3131 li-

1530 3157 1615 3206 bri
1652 3155 1845 3222 scripti
1867 3171 2051 3207 omnes
2078 3157 2317 3206 retinent
2348 3146 2384 3218 ᾇ
2415 3169 2498 3201 ων
2518 3143 2629 3216 τὴν

1531 3222 1638 3274 τοῦ
1671 3240 1724 3275 κ.
1750 3240 1798 3274 τ.
1831 3224 1908 3287 λ.,
1946 3226 2053 3290 ipsi
2089 3239 2303 3290 quoque
2338 3220 2628 3274 retinenda

1534 3296 1858 3356 censuimus,
1880 3295 2011 3346 licet
2029 3292 2443 3354 Valckenarius,
2465 3304 2625 3356 quem

1533 3364 1716 3429 plures
1753 3365 2116 3414 recentiorum
2142 3361 2317 3413 secuti
2349 3365 2496 3421 sunt,
2533 3374 2627 3408 vo·

1536 3447 1651 3483 cem
1691 3425 1840 3495 ὁέων
1872 3448 1939 3482 ac
1973 3432 2167 3483 deinde
2201 3443 2367 3481 voces
2399 3422 2501 3477 διὰ
2519 3418 2628 3475 πάν-

1536 3515 1639 3565 σης
1654 3493 1940 3564 Εὐρώπης
1958 3501 2083 3551 eiici
2102 3500 2372 3550 iussisset.
2394 3493 2629 3546 Dietsch

1533 3571 1690 3621 uncis
1716 3573 1929 3619 tantum
1958 3568 2185 3619 inclusit
2204 3567 2339 3618 haec
2362 3571 2625 3629 tanquam

1535 3655 1562 3688 s
1601 3652 1740 3688 uria.

1565 3655 1677 3772 Ρτῇ
1697 3697 1943 3768 Ἰστρίην
1961 3699 2023 3753 οἰ
2039 3702 2344 3768 Μιλησίων
2370 3692 2627 3752 οἰκέουσι

1533 3767 1789 3840 ἄποικοι]
1842 3776 2004 3824 Hanc
2048 3773 2235 3824 urbem
2281 3771 2379 3822 alii
2423 3773 2626 3822 vocant

1535 3846 1736 3906 Istros,
1795 3842 1889 3892 alii
1940 3841 2264 3907 Istropolin,
2331 3846 2394 3890 ut
2441 3843 2627 3890 monet

1534 3913 1793 3963 Larcber.
1819 3913 1876 3960 in
1906 3911 2045 3961 Tab.
2076 3911 2190 3962 Geo
2262 3947 2274 3960 .
2302 3926 2357 3975 p.
2378 3908 2482 3959 ‘282
2510 3923 2537 3957 s
2609 3939 2625 3959 .
2698 3967 2706 3976 ,

1536 3983 1623 4032 Tu
1658 3982 1772 4031 vid.
1810 3981 2092 4045 Forbiger.
2128 3980 2164 4031 l.
2216 4015 2230 4029 .
2256 3979 2359 4030 111.
2387 3994 2441 4044 p.
2468 3923 2623 4040 1033,

1537 4051 1632 4116 qui
1673 4065 1857 4100 omnes
1896 4054 2143 4100 veterum
2178 4048 2332 4099 locos
2371 4046 2627 4111 suppedi-

1537 4120 1698 4169 tabit.
1774 4119 1932 4169 Nunc
1964 4117 2086 4169 loco
2122 4132 2318 4171 nomeu
2346 4117 2531 4178 latere,
2564 4119 2628 4166 ut

1536 4188 1683 4238 idem
1719 4187 1939 4249 scribit,
1979 4201 2090 4237 non
2110 4185 2274 4252 longe
2299 4186 2371 4235 ab
2398 4199 2464 4235 eo
2485 4182 2627 4242 loco,

1539 4257 1632 4322 qui
1658 4271 1801 4307 nunc
1827 4259 2059 4307 vocatur
2076 4254 2443 4316 Kostendsche,
2481 4251 2629 4321 apud

1537 4331 1753 4377 veteres
1807 4326 2171 4377 Constantiana
2187 4360 2201 4384 ‚
2256 4323 2401 4374 unde
2452 4323 2629 4386 ipsum

1539 4395 1815 4447 recentius
1850 4409 2045 4447 nomen
2083 4393 2305 4444 ductum
2336 4394 2541 4458 putem.

2076 4472 2213 4535 32*

2501 362 2695 425 499.
