<?xml version="1.0" encoding="UTF-8"?>
<!DOCTYPE html PUBLIC "-//W3C//DTD XHTML 1.0 Transitional//EN"
    "http://www.w3.org/TR/xhtml1/DTD/xhtml1-transitional.dtd">
<html xmlns="http://www.w3.org/1999/xhtml" xml:lang="en" lang="en">
 <head>
  <title>
</title>
<meta http-equiv="Content-Type" content="text/html;charset=utf-8" />
  <meta name='ocr-system' content='tesseract 3.04.00' />
  <meta name='ocr-capabilities' content='ocr_page ocr_carea ocr_par ocr_line ocrx_word'/>
</head>
<body>
  <div class='ocr_page' id='page_1' title='image "./herodotihalicar02unkngoog_0653.png"; bbox 0 0 3109 5092; ppageno 0'>
   <div class='ocr_carea' id='block_1_1' title="bbox 1106 335 1872 396">
    <p class='ocr_par' dir='ltr' id='par_1_1' title="bbox 1106 335 1872 396">
     <span class='ocr_line' id='line_1_1' title="bbox 1106 335 1872 396; baseline -0.003 -2"><span class='ocrx_word' id='word_1_1' title='bbox 1106 335 1604 396; x_wconf 80' lang='lat' dir='ltr'><strong>EUTERPE.</strong></span> <span class='ocrx_word' id='word_1_2' title='bbox 1651 335 1734 395; x_wconf 88' lang='lat' dir='ltr'><strong>H.</strong></span> <span class='ocrx_word' id='word_1_3' title='bbox 1783 338 1872 396; x_wconf 77' lang='lat'><strong>94.</strong></span> 
     </span>
    </p>
   </div>
   <div class='ocr_carea' id='block_1_2' title="bbox 2504 326 2627 392">
    <p class='ocr_par' dir='ltr' id='par_1_2' title="bbox 2504 326 2627 392">
     <span class='ocr_line' id='line_1_2' title="bbox 2504 326 2627 392; baseline -0.008 0"><span class='ocrx_word' id='word_1_4' title='bbox 2504 326 2627 392; x_wconf 83' lang='lat'><strong>633</strong></span> 
     </span>
    </p>
   </div>
   <div class='ocr_carea' id='block_1_3' title="bbox 273 499 2632 700">
    <p class='ocr_par' dir='ltr' id='par_1_3' title="bbox 273 499 2632 700">
     <span class='ocr_line' id='line_1_3' title="bbox 273 499 2625 598; baseline -0 -24"><span class='ocrx_word' id='word_1_5' title='bbox 273 520 372 575; x_wconf 73' lang='lat'><strong>146</strong></span> <span class='ocrx_word' id='word_1_6' title='bbox 392 506 629 585; x_wconf 80' lang='grc' dir='ltr'><strong><em>θόντος</em></strong></span> <span class='ocrx_word' id='word_1_7' title='bbox 666 512 786 574; x_wconf 88' lang='grc' dir='ltr'><strong>τοῦ</strong></span> <span class='ocrx_word' id='word_1_8' title='bbox 825 499 1072 594; x_wconf 44' lang='grc' dir='ltr'><strong><em>κρόνου</em></strong></span> <span class='ocrx_word' id='word_1_9' title='bbox 1112 507 1318 576; x_wconf 81' lang='grc' dir='ltr'><strong><em>πάλιν</em></strong></span> <span class='ocrx_word' id='word_1_10' title='bbox 1360 510 1617 596; x_wconf 75' lang='grc' dir='ltr'><strong><em>ἐπέλθῃ</em></strong></span> <span class='ocrx_word' id='word_1_11' title='bbox 1648 506 1723 576; x_wconf 84' lang='grc' dir='ltr'><strong>τὸ</strong></span> <span class='ocrx_word' id='word_1_12' title='bbox 1750 503 1975 597; x_wconf 77' lang='grc' dir='ltr'><strong><em>ὕδωρ,</em></strong></span> <span class='ocrx_word' id='word_1_13' title='bbox 2013 510 2087 576; x_wconf 81' lang='grc' dir='ltr'><strong><em>ἐκ</em></strong></span> <span class='ocrx_word' id='word_1_14' title='bbox 2123 511 2261 575; x_wconf 77' lang='grc' dir='ltr'><strong>τῶν</strong></span> <span class='ocrx_word' id='word_1_15' title='bbox 2289 501 2444 598; x_wconf 69' lang='grc' dir='ltr'><strong>ᾠῶν</strong></span> <span class='ocrx_word' id='word_1_16' title='bbox 2471 501 2625 574; x_wconf 78' lang='grc' dir='ltr'><strong><em>τοῦ·</em></strong></span> 
     </span>
     <span class='ocr_line' id='line_1_4' title="bbox 356 606 2632 700; baseline -0.002 -20"><span class='ocrx_word' id='word_1_17' title='bbox 356 638 509 681; x_wconf 81' lang='grc' dir='ltr'><strong><em>των.</em></strong></span> <span class='ocrx_word' id='word_1_18' title='bbox 537 618 917 699; x_wconf 75' lang='grc' dir='ltr'><strong><em>παραυτίκα</em></strong></span> <span class='ocrx_word' id='word_1_19' title='bbox 954 618 1257 698; x_wconf 79' lang='grc' dir='ltr'><strong><em>γίνονται</em></strong></span> <span class='ocrx_word' id='word_1_20' title='bbox 1297 616 1368 680; x_wconf 81' lang='grc' dir='ltr'><strong>οί</strong></span> <span class='ocrx_word' id='word_1_21' title='bbox 1408 610 1660 699; x_wconf 77' lang='grc' dir='ltr'><strong><em>ἰχθύες.</em></strong></span> <span class='ocrx_word' id='word_1_22' title='bbox 1743 613 1856 680; x_wconf 84' lang='grc' dir='ltr'><strong><em>καὶ</em></strong></span> <span class='ocrx_word' id='word_1_23' title='bbox 1896 613 2050 700; x_wconf 83' lang='grc' dir='ltr'><strong><em>περὶ</em></strong></span> <span class='ocrx_word' id='word_1_24' title='bbox 2090 610 2215 698; x_wconf 69' lang='grc' dir='ltr'><strong>μὲν</strong></span> <span class='ocrx_word' id='word_1_25' title='bbox 2243 606 2401 689; x_wconf 78' lang='grc' dir='ltr'><strong><em>τοῦς</em></strong></span> <span class='ocrx_word' id='word_1_26' title='bbox 2432 614 2632 696; x_wconf 78' lang='grc' dir='ltr'><strong><em>ἰχθῦς</em></strong></span> 
     </span>
    </p>
   </div>
   <div class='ocr_carea' id='block_1_4' title="bbox 356 712 720 801">
    <p class='ocr_par' dir='ltr' id='par_1_4' title="bbox 356 712 720 801">
     <span class='ocr_line' id='line_1_5' title="bbox 356 712 720 801; baseline -0.011 -16"><span class='ocrx_word' id='word_1_27' title='bbox 356 712 534 785; x_wconf 81' lang='grc' dir='ltr'><strong><em>οὕτω</em></strong></span> <span class='ocrx_word' id='word_1_28' title='bbox 566 719 720 801; x_wconf 82' lang='grc' dir='ltr'><strong><em>ἔχει.</em></strong></span> 
     </span>
    </p>
   </div>
   <div class='ocr_carea' id='block_1_5' title="bbox 358 813 2727 1321">
    <p class='ocr_par' dir='ltr' id='par_1_5' title="bbox 358 813 2727 1321">
     <span class='ocr_line' id='line_1_6' title="bbox 494 813 2727 906; baseline -0.002 -21"><span class='ocrx_word' id='word_1_29' title='bbox 494 814 835 904; x_wconf 85' lang='grc' dir='ltr'><strong><em>Ἀλείφατι</em></strong></span> <span class='ocrx_word' id='word_1_30' title='bbox 873 816 948 886; x_wconf 78' lang='grc' dir='ltr'><strong>δὲ</strong></span> <span class='ocrx_word' id='word_1_31' title='bbox 984 820 1307 906; x_wconf 77' lang='grc' dir='ltr'><strong><em>χρέωνται</em></strong></span> <span class='ocrx_word' id='word_1_32' title='bbox 1345 824 1742 905; x_wconf 77' lang='grc' dir='ltr'><em>Αἰγυπτίων</em></span> <span class='ocrx_word' id='word_1_33' title='bbox 1772 822 1843 886; x_wconf 84' lang='lat' dir='ltr'><strong>oc</strong></span> <span class='ocrx_word' id='word_1_34' title='bbox 1872 818 2024 905; x_wconf 84' lang='grc' dir='ltr'><strong><em>περὶ</em></strong></span> <span class='ocrx_word' id='word_1_35' title='bbox 2061 813 2143 884; x_wconf 79' lang='grc' dir='ltr'><strong>τὰ</strong></span> <span class='ocrx_word' id='word_1_36' title='bbox 2186 818 2341 886; x_wconf 78' lang='grc' dir='ltr'><strong><em>ἕλεα</em></strong></span> <span class='ocrx_word' id='word_1_37' title='bbox 2368 816 2626 884; x_wconf 78' lang='grc' dir='ltr'><strong><em>οἰκέον-</em></strong></span> <span class='ocrx_word' id='word_1_38' title='bbox 2646 820 2727 882; x_wconf 85' lang='grc'><strong>94</strong></span> 
     </span>
     <span class='ocr_line' id='line_1_7' title="bbox 358 915 2631 1010; baseline -0.001 -20"><span class='ocrx_word' id='word_1_39' title='bbox 358 948 465 1000; x_wconf 85' lang='grc' dir='ltr'><strong><em>τες</em></strong></span> <span class='ocrx_word' id='word_1_40' title='bbox 492 917 626 990; x_wconf 78' lang='grc' dir='ltr'><strong>ἀπὸ</strong></span> <span class='ocrx_word' id='word_1_41' title='bbox 651 925 789 989; x_wconf 74' lang='grc' dir='ltr'><strong>τῶν</strong></span> <span class='ocrx_word' id='word_1_42' title='bbox 817 928 1308 1009; x_wconf 77' lang='grc' dir='ltr'><strong><em>σιλλικυπρίων</em></strong></span> <span class='ocrx_word' id='word_1_43' title='bbox 1332 926 1453 990; x_wconf 89' lang='grc' dir='ltr'><strong>τοῦ</strong></span> <span class='ocrx_word' id='word_1_44' title='bbox 1480 926 1779 1010; x_wconf 87' lang='grc' dir='ltr'><strong><em>καρποῦ,</em></strong></span> <span class='ocrx_word' id='word_1_45' title='bbox 1835 918 1909 988; x_wconf 82' lang='grc' dir='ltr'><strong>τὸ</strong></span> <span class='ocrx_word' id='word_1_46' title='bbox 1960 925 2239 988; x_wconf 84' lang='grc' dir='ltr'><strong><em>καλεῦσι</em></strong></span> <span class='ocrx_word' id='word_1_47' title='bbox 2266 919 2392 1007; x_wconf 69' lang='grc' dir='ltr'><strong>μὲν</strong></span> <span class='ocrx_word' id='word_1_48' title='bbox 2420 915 2631 1004; x_wconf 78' lang='grc' dir='ltr'><strong><em>Αίγύ-</em></strong></span> 
     </span>
     <span class='ocr_line' id='line_1_8' title="bbox 361 1013 2637 1111; baseline -0.001 -18"><span class='ocrx_word' id='word_1_49' title='bbox 361 1050 541 1093; x_wconf 86' lang='grc' dir='ltr'><strong><em>πτιοι</em></strong></span> <span class='ocrx_word' id='word_1_50' title='bbox 579 1031 751 1107; x_wconf 87' lang='grc' dir='ltr'><strong><em>κίκι,</em></strong></span> <span class='ocrx_word' id='word_1_51' title='bbox 809 1029 1073 1092; x_wconf 83' lang='grc' dir='ltr'><strong><em>ποιεῦσι</em></strong></span> <span class='ocrx_word' id='word_1_52' title='bbox 1121 1023 1195 1092; x_wconf 74' lang='grc' dir='ltr'><strong>δὲ</strong></span> <span class='ocrx_word' id='word_1_53' title='bbox 1238 1013 1392 1093; x_wconf 76' lang='grc' dir='ltr'><strong><em>ὦδε.</em></strong></span> <span class='ocrx_word' id='word_1_54' title='bbox 1464 1021 1645 1111; x_wconf 80' lang='grc' dir='ltr'><strong><em>παρὰ</em></strong></span> <span class='ocrx_word' id='word_1_55' title='bbox 1671 1022 1752 1092; x_wconf 78' lang='grc' dir='ltr'><strong>τὰ</strong></span> <span class='ocrx_word' id='word_1_56' title='bbox 1781 1030 2005 1110; x_wconf 84' lang='grc' dir='ltr'><strong><em>χείλεα</em></strong></span> <span class='ocrx_word' id='word_1_57' title='bbox 2041 1028 2180 1092; x_wconf 72' lang='grc' dir='ltr'><strong>τῶν</strong></span> <span class='ocrx_word' id='word_1_58' title='bbox 2218 1049 2289 1090; x_wconf 90' lang='grc' dir='ltr'><strong><em>τε</em></strong></span> <span class='ocrx_word' id='word_1_59' title='bbox 2319 1026 2637 1108; x_wconf 76' lang='grc' dir='ltr'><strong><em>ποταμῶν</em></strong></span> 
     </span>
     <span class='ocr_line' id='line_1_9' title="bbox 362 1119 2636 1214; baseline -0.001 -20"><span class='ocrx_word' id='word_1_60' title='bbox 362 1129 631 1195; x_wconf 77' lang='grc' dir='ltr'><strong><em>καὶτῶν</em></strong></span> <span class='ocrx_word' id='word_1_61' title='bbox 648 1129 943 1213; x_wconf 83' lang='grc' dir='ltr'><strong><em>λιμνέων</em></strong></span> <span class='ocrx_word' id='word_1_62' title='bbox 968 1132 1323 1214; x_wconf 85' lang='grc' dir='ltr'><strong><em>σπείρουσι</em></strong></span> <span class='ocrx_word' id='word_1_63' title='bbox 1343 1125 1424 1196; x_wconf 79' lang='grc' dir='ltr'><strong>τὰ</strong></span> <span class='ocrx_word' id='word_1_64' title='bbox 1450 1127 1885 1214; x_wconf 83' lang='grc' dir='ltr'><strong><em>σιλλικύπρια</em></strong></span> <span class='ocrx_word' id='word_1_65' title='bbox 1914 1130 2144 1209; x_wconf 87' lang='grc' dir='ltr'><strong><em>ταῦτα,</em></strong></span> <span class='ocrx_word' id='word_1_66' title='bbox 2173 1122 2254 1193; x_wconf 78' lang='grc' dir='ltr'><strong>τὰ</strong></span> <span class='ocrx_word' id='word_1_67' title='bbox 2274 1128 2350 1194; x_wconf 74' lang='grc' dir='ltr'><strong>ἐν</strong></span> <span class='ocrx_word' id='word_1_68' title='bbox 2365 1119 2636 1212; x_wconf 82' lang='grc' dir='ltr'><strong><em>Ἕλλησι</em></strong></span> 
     </span>
     <span class='ocr_line' id='line_1_10' title="bbox 361 1226 2633 1321; baseline -0.001 -23"><span class='ocrx_word' id='word_1_69' title='bbox 361 1226 702 1318; x_wconf 81' lang='grc' dir='ltr'><strong><em>αὐτόματα</em></strong></span> <span class='ocrx_word' id='word_1_70' title='bbox 728 1226 928 1317; x_wconf 69' lang='grc' dir='ltr'><strong><em>ἄγρια</em></strong></span> <span class='ocrx_word' id='word_1_71' title='bbox 956 1228 1220 1317; x_wconf 81' lang='grc' dir='ltr'><strong><em>φύεται.</em></strong></span> <span class='ocrx_word' id='word_1_72' title='bbox 1258 1236 1467 1300; x_wconf 89' lang='grc' dir='ltr'><strong><em>ταῦτα</em></strong></span> <span class='ocrx_word' id='word_1_73' title='bbox 1496 1233 1573 1299; x_wconf 74' lang='grc' dir='ltr'><strong>ἐν</strong></span> <span class='ocrx_word' id='word_1_74' title='bbox 1597 1236 1679 1318; x_wconf 82' lang='grc' dir='ltr'><strong>τῇ</strong></span> <span class='ocrx_word' id='word_1_75' title='bbox 1699 1229 2015 1321; x_wconf 76' lang='grc' dir='ltr'><strong><em>Αἰγύπτῳ</em></strong></span> <span class='ocrx_word' id='word_1_76' title='bbox 2032 1227 2442 1316; x_wconf 79' lang='grc' dir='ltr'><strong><em>σπειρόμενα</em></strong></span> <span class='ocrx_word' id='word_1_77' title='bbox 2472 1253 2633 1313; x_wconf 85' lang='grc' dir='ltr'><strong><em>καρ-</em></strong></span> 
     </span>
    </p>
   </div>
   <div class='ocr_carea' id='block_1_6' title="bbox 358 1394 1447 1531">
    <p class='ocr_par' dir='ltr' id='par_1_6' title="bbox 358 1394 1447 1531">
     <span class='ocr_line' id='line_1_11' title="bbox 358 1394 1447 1519; baseline 0 -72"><span class='ocrx_word' id='word_1_78' title='bbox 358 1395 847 1519; x_wconf 71' lang='lat' dir='ltr'><strong>lIauda8v7itWerfer.</strong></span> <span class='ocrx_word' id='word_1_79' title='bbox 863 1397 919 1445; x_wconf 87' lang='lat' dir='ltr'><strong>in</strong></span> <span class='ocrx_word' id='word_1_80' title='bbox 930 1394 1077 1447; x_wconf 84' lang='lat' dir='ltr'><strong>Aott.</strong></span> <span class='ocrx_word' id='word_1_81' title='bbox 1093 1396 1245 1462; x_wconf 89' lang='lat' dir='ltr'><strong>phill.</strong></span> <span class='ocrx_word' id='word_1_82' title='bbox 1260 1398 1447 1450; x_wconf 85' lang='grc' dir='ltr'><strong><em>Μοιιιι.</em></strong></span> 
     </span>
     <span class='ocr_line' id='line_1_12' title="bbox 434 1482 469 1531; baseline 0 0"><span class='ocrx_word' id='word_1_83' title='bbox 434 1482 469 1531; x_wconf 84' lang='grc' dir='ltr'>Ρ</span> 
     </span>
    </p>
   </div>
   <div class='ocr_carea' id='block_1_7' title="bbox 723 1637 1091 1692">
    <p class='ocr_par' dir='ltr' id='par_1_7' title="bbox 723 1637 1091 1692">
     <span class='ocr_line' id='line_1_13' title="bbox 723 1637 1091 1692; baseline 0.014 -6"><span class='ocrx_word' id='word_1_84' title='bbox 723 1637 857 1687; x_wconf 69' lang='lat' dir='ltr'><strong>Cu».</strong></span> <span class='ocrx_word' id='word_1_85' title='bbox 895 1638 1091 1692; x_wconf 85' lang='lat' dir='ltr'>XCIV.</span> 
     </span>
    </p>
   </div>
   <div class='ocr_carea' id='block_1_8' title="bbox 363 1730 1460 4434">
    <p class='ocr_par' dir='ltr' id='par_1_8' title="bbox 363 1730 1450 2291">
     <span class='ocr_line' id='line_1_14' title="bbox 433 1730 1447 1805; baseline 0.001 -16"><span class='ocrx_word' id='word_1_86' title='bbox 433 1733 492 1789; x_wconf 80' lang='grc' dir='ltr'><strong>οἴ</strong></span> <span class='ocrx_word' id='word_1_87' title='bbox 526 1733 656 1802; x_wconf 75' lang='grc' dir='ltr'><strong><em>περὶ</em></strong></span> <span class='ocrx_word' id='word_1_88' title='bbox 693 1730 761 1788; x_wconf 80' lang='grc' dir='ltr'><strong>τὰ</strong></span> <span class='ocrx_word' id='word_1_89' title='bbox 785 1733 909 1789; x_wconf 75' lang='grc' dir='ltr'><strong><em>ἕλεα</em></strong></span> <span class='ocrx_word' id='word_1_90' title='bbox 943 1736 1252 1805; x_wconf 78' lang='grc' dir='ltr'><strong><em>οἰκέοντες]</em></strong></span> <span class='ocrx_word' id='word_1_91' title='bbox 1289 1739 1447 1791; x_wconf 84' lang='lat' dir='ltr'><strong>Conf.</strong></span> 
     </span>
     <span class='ocr_line' id='line_1_15' title="bbox 364 1808 1450 1933; baseline -0.002 -3"><span class='ocrx_word' id='word_1_92' title='bbox 364 1824 613 1930; x_wconf 56' lang='lat' dir='ltr'><strong>3555.ss</strong></span> <span class='ocrx_word' id='word_1_93' title='bbox 617 1808 998 1931; x_wconf 48' lang='lat'><strong>{5323221233</strong></span> <span class='ocrx_word' id='word_1_94' title='bbox 1002 1810 1330 1933; x_wconf 40' lang='lat'><strong>‘3533</strong></span> <span class='ocrx_word' id='word_1_95' title='bbox 1323 1814 1450 1929; x_wconf 53' lang='lat' dir='ltr'><strong>,tx</strong></span> 
     </span>
     <span class='ocr_line' id='line_1_16' title="bbox 364 1949 1450 2015; baseline -0.001 -17"><span class='ocrx_word' id='word_1_96' title='bbox 364 1952 494 1998; x_wconf 82' lang='lat' dir='ltr'><strong>stat.</strong></span> <span class='ocrx_word' id='word_1_97' title='bbox 591 1949 933 2013; x_wconf 78' lang='lat' dir='ltr'><strong>Quapropter</strong></span> <span class='ocrx_word' id='word_1_98' title='bbox 988 1954 1208 2015; x_wconf 85' lang='lat' dir='ltr'><strong>postera</strong></span> <span class='ocrx_word' id='word_1_99' title='bbox 1267 1953 1450 1998; x_wconf 84' lang='lat' dir='ltr'><strong>aetate</strong></span> 
     </span>
     <span class='ocr_line' id='line_1_17' title="bbox 363 2015 1450 2082; baseline -0.002 -14"><span class='ocrx_word' id='word_1_100' title='bbox 363 2017 591 2068; x_wconf 87' lang='lat' dir='ltr'><strong>multum</strong></span> <span class='ocrx_word' id='word_1_101' title='bbox 622 2015 727 2066; x_wconf 88' lang='lat' dir='ltr'><strong>olei</strong></span> <span class='ocrx_word' id='word_1_102' title='bbox 764 2033 793 2067; x_wconf 88' lang='lat' dir='ltr'><strong>e</strong></span> <span class='ocrx_word' id='word_1_103' title='bbox 834 2017 1065 2070; x_wconf 83' lang='lat' dir='ltr'><strong>Graecia</strong></span> <span class='ocrx_word' id='word_1_104' title='bbox 1102 2018 1334 2082; x_wconf 81' lang='lat' dir='ltr'><strong>aliisque</strong></span> <span class='ocrx_word' id='word_1_105' title='bbox 1368 2032 1450 2071; x_wconf 82' lang='lat' dir='ltr'><strong>re-</strong></span> 
     </span>
     <span class='ocr_line' id='line_1_18' title="bbox 363 2085 1447 2165; baseline -0.002 -28"><span class='ocrx_word' id='word_1_106' title='bbox 363 2085 617 2165; x_wconf 81' lang='lat' dir='ltr'><strong>gionibus</strong></span> <span class='ocrx_word' id='word_1_107' title='bbox 668 2085 954 2137; x_wconf 81' lang='lat' dir='ltr'><strong>advectum</strong></span> <span class='ocrx_word' id='word_1_108' title='bbox 1011 2104 1133 2141; x_wconf 84' lang='lat' dir='ltr'><strong>esse</strong></span> <span class='ocrx_word' id='word_1_109' title='bbox 1176 2086 1447 2137; x_wconf 81' lang='lat' dir='ltr'><strong>novimus.</strong></span> 
     </span>
     <span class='ocr_line' id='line_1_19' title="bbox 363 2154 1450 2221; baseline 0 -16"><span class='ocrx_word' id='word_1_110' title='bbox 363 2169 641 2221; x_wconf 73' lang='grc' dir='ltr'><strong><em>χρεωνται</em></strong></span> <span class='ocrx_word' id='word_1_111' title='bbox 675 2154 872 2221; x_wconf 79' lang='lat' dir='ltr'><strong>reliqui</strong></span> <span class='ocrx_word' id='word_1_112' title='bbox 908 2158 978 2207; x_wconf 90' lang='lat' dir='ltr'><strong>ob</strong></span> <span class='ocrx_word' id='word_1_113' title='bbox 1018 2156 1178 2209; x_wconf 86' lang='lat' dir='ltr'><strong>codd.</strong></span> <span class='ocrx_word' id='word_1_114' title='bbox 1221 2168 1450 2207; x_wconf 83' lang='lat' dir='ltr'><strong>consen-</strong></span> 
     </span>
     <span class='ocr_line' id='line_1_20' title="bbox 365 2219 1279 2305; baseline 0 -31"><span class='ocrx_word' id='word_1_115' title='bbox 365 2240 511 2305; x_wconf 81' lang='lat' dir='ltr'><strong>sum3</strong></span> <span class='ocrx_word' id='word_1_116' title='bbox 547 2227 779 2275; x_wconf 88' lang='lat' dir='ltr'><strong>recentt.</strong></span> <span class='ocrx_word' id='word_1_117' title='bbox 819 2225 942 2276; x_wconf 85' lang='lat' dir='ltr'><strong>edd.</strong></span> <span class='ocrx_word' id='word_1_118' title='bbox 982 2219 1279 2304; x_wconf 79' lang='grc' dir='ltr'><strong><em>χρέονται.</em></strong></span> 
     </span>
    </p>

    <p class='ocr_par' dir='ltr' id='par_1_9' title="bbox 363 2284 1460 4434">
     <span class='ocr_line' id='line_1_21' title="bbox 433 2284 1451 2359; baseline 0.002 -18"><span class='ocrx_word' id='word_1_119' title='bbox 433 2284 548 2342; x_wconf 73' lang='grc' dir='ltr'><strong>ἀπὸ</strong></span> <span class='ocrx_word' id='word_1_120' title='bbox 585 2290 702 2341; x_wconf 73' lang='grc' dir='ltr'><strong>τῶν</strong></span> <span class='ocrx_word' id='word_1_121' title='bbox 737 2293 1140 2359; x_wconf 81' lang='grc' dir='ltr'><strong><em>σιλλικυπρίων</em></strong></span> <span class='ocrx_word' id='word_1_122' title='bbox 1173 2291 1279 2344; x_wconf 84' lang='grc' dir='ltr'><strong>τοῦ</strong></span> <span class='ocrx_word' id='word_1_123' title='bbox 1315 2308 1451 2358; x_wconf 85' lang='grc' dir='ltr'><strong><em>καρ-</em></strong></span> 
     </span>
     <span class='ocr_line' id='line_1_22' title="bbox 365 2312 1451 2428; baseline -0.001 -16"><span class='ocrx_word' id='word_1_124' title='bbox 365 2361 509 2420; x_wconf 78' lang='grc' dir='ltr'><strong><em>ποῦ,</em></strong></span> <span class='ocrx_word' id='word_1_125' title='bbox 574 2352 637 2410; x_wconf 85' lang='grc' dir='ltr'><strong>τὸ</strong></span> <span class='ocrx_word' id='word_1_126' title='bbox 697 2360 926 2412; x_wconf 80' lang='grc' dir='ltr'><strong><em>καλεῦσι</em></strong></span> <span class='ocrx_word' id='word_1_127' title='bbox 989 2312 1093 2428; x_wconf 74' lang='grc' dir='ltr'><strong>μὲν</strong></span> <span class='ocrx_word' id='word_1_128' title='bbox 1150 2354 1451 2428; x_wconf 76' lang='grc' dir='ltr'><strong><em>Αἰγύπτιοι</em></strong></span> 
     </span>
     <span class='ocr_line' id='line_1_23' title="bbox 363 2398 1451 2499; baseline 0.002 -18"><span class='ocrx_word' id='word_1_129' title='bbox 363 2398 509 2495; x_wconf 61' lang='grc' dir='ltr'><strong><em>κίκι]’</em></strong></span> <span class='ocrx_word' id='word_1_130' title='bbox 561 2430 774 2482; x_wconf 85' lang='lat' dir='ltr'><strong>Similia</strong></span> <span class='ocrx_word' id='word_1_131' title='bbox 810 2433 1068 2497; x_wconf 78' lang='lat' dir='ltr'><strong>leg-untur</strong></span> <span class='ocrx_word' id='word_1_132' title='bbox 1112 2434 1258 2499; x_wconf 83' lang='lat' dir='ltr'><strong>apud</strong></span> <span class='ocrx_word' id='word_1_133' title='bbox 1300 2434 1451 2484; x_wconf 83' lang='lat' dir='ltr'><strong>Stra·</strong></span> 
     </span>
     <span class='ocr_line' id='line_1_24' title="bbox 363 2499 1452 2567; baseline 0 -16"><span class='ocrx_word' id='word_1_134' title='bbox 363 2502 490 2551; x_wconf 89' lang='lat' dir='ltr'><strong>bon.</strong></span> <span class='ocrx_word' id='word_1_135' title='bbox 526 2499 703 2549; x_wconf 84' lang='lat' dir='ltr'>XVII.</span> <span class='ocrx_word' id='word_1_136' title='bbox 746 2516 797 2565; x_wconf 88' lang='lat' dir='ltr'><strong>p.</strong></span> <span class='ocrx_word' id='word_1_137' title='bbox 824 2500 928 2552; x_wconf 80' lang='lat'><strong>824</strong></span> <span class='ocrx_word' id='word_1_138' title='bbox 960 2519 1004 2553; x_wconf 83' lang='lat' dir='ltr'><strong>s.</strong></span> <span class='ocrx_word' id='word_1_139' title='bbox 1041 2504 1179 2554; x_wconf 83' lang='lat'>1179</span> <span class='ocrx_word' id='word_1_140' title='bbox 1215 2502 1334 2567; x_wconf 88' lang='lat' dir='ltr'><strong>(ubi</strong></span> <span class='ocrx_word' id='word_1_141' title='bbox 1370 2517 1452 2551; x_wconf 90' lang='lat' dir='ltr'><strong>re-</strong></span> 
     </span>
     <span class='ocr_line' id='line_1_25' title="bbox 363 2568 1449 2633; baseline -0.001 -12"><span class='ocrx_word' id='word_1_142' title='bbox 363 2570 586 2621; x_wconf 73' lang='lat' dir='ltr'><strong>centius.</strong></span> <span class='ocrx_word' id='word_1_143' title='bbox 602 2568 779 2620; x_wconf 80' lang='lat' dir='ltr'><strong>editor</strong></span> <span class='ocrx_word' id='word_1_144' title='bbox 801 2571 1020 2622; x_wconf 81' lang='lat' dir='ltr'><strong>exhibet</strong></span> <span class='ocrx_word' id='word_1_145' title='bbox 1043 2570 1207 2633; x_wconf 81' lang='grc' dir='ltr'><strong><em>κικι),</em></strong></span> <span class='ocrx_word' id='word_1_146' title='bbox 1222 2571 1449 2621; x_wconf 79' lang='lat' dir='ltr'><strong>Diodor-</strong></span> 
     </span>
     <span class='ocr_line' id='line_1_26' title="bbox 364 2638 1449 2706; baseline -0.003 -16"><span class='ocrx_word' id='word_1_147' title='bbox 364 2638 531 2691; x_wconf 85' lang='lat' dir='ltr'><strong>Sicul.</strong></span> <span class='ocrx_word' id='word_1_148' title='bbox 573 2639 620 2689; x_wconf 91' lang='lat'><strong>1.</strong></span> <span class='ocrx_word' id='word_1_149' title='bbox 660 2654 781 2703; x_wconf 87' lang='lat' dir='ltr'><strong>cap.</strong></span> <span class='ocrx_word' id='word_1_150' title='bbox 820 2639 914 2703; x_wconf 80' lang='lat'><strong>34,</strong></span> <span class='ocrx_word' id='word_1_151' title='bbox 952 2641 1287 2706; x_wconf 82' lang='lat' dir='ltr'><strong>Hesychium</strong></span> <span class='ocrx_word' id='word_1_152' title='bbox 1325 2655 1368 2689; x_wconf 84' lang='lat' dir='ltr'><strong>s.</strong></span> <span class='ocrx_word' id='word_1_153' title='bbox 1397 2655 1449 2690; x_wconf 83' lang='lat' dir='ltr'><strong>v.</strong></span> 
     </span>
     <span class='ocr_line' id='line_1_27' title="bbox 364 2706 1450 2775; baseline 0 -17"><span class='ocrx_word' id='word_1_154' title='bbox 364 2707 508 2770; x_wconf 82' lang='grc' dir='ltr'><strong><em>κίκι,</em></strong></span> <span class='ocrx_word' id='word_1_155' title='bbox 553 2706 721 2771; x_wconf 81' lang='lat' dir='ltr'><strong>alios,</strong></span> <span class='ocrx_word' id='word_1_156' title='bbox 771 2724 907 2775; x_wconf 88' lang='lat' dir='ltr'><strong>quos</strong></span> <span class='ocrx_word' id='word_1_157' title='bbox 961 2711 1122 2761; x_wconf 85' lang='lat' dir='ltr'><strong>affert</strong></span> <span class='ocrx_word' id='word_1_158' title='bbox 1167 2708 1450 2759; x_wconf 83' lang='lat' dir='ltr'><strong>Iablonsk.</strong></span> 
     </span>
     <span class='ocr_line' id='line_1_28' title="bbox 363 2777 1449 2844; baseline 0 -17"><span class='ocrx_word' id='word_1_159' title='bbox 363 2792 516 2827; x_wconf 78' lang='lat' dir='ltr'><strong>voco.</strong></span> <span class='ocrx_word' id='word_1_160' title='bbox 557 2777 819 2842; x_wconf 80' lang='lat' dir='ltr'><strong>Aegyptt.</strong></span> <span class='ocrx_word' id='word_1_161' title='bbox 857 2795 909 2843; x_wconf 89' lang='lat' dir='ltr'><strong>p.</strong></span> <span class='ocrx_word' id='word_1_162' title='bbox 953 2780 1052 2830; x_wconf 91' lang='lat'><strong>110</strong></span> <span class='ocrx_word' id='word_1_163' title='bbox 1080 2794 1194 2844; x_wconf 89' lang='lat' dir='ltr'><strong>seq.</strong></span> <span class='ocrx_word' id='word_1_164' title='bbox 1234 2783 1292 2827; x_wconf 89' lang='lat' dir='ltr'><strong>et</strong></span> <span class='ocrx_word' id='word_1_165' title='bbox 1322 2792 1449 2842; x_wconf 81' lang='lat' dir='ltr'><strong>pag.</strong></span> 
     </span>
     <span class='ocr_line' id='line_1_29' title="bbox 364 2845 1450 2913; baseline 0 -17"><span class='ocrx_word' id='word_1_166' title='bbox 364 2845 606 2896; x_wconf 82' lang='lat' dir='ltr'>CCXXV</span> <span class='ocrx_word' id='word_1_167' title='bbox 642 2847 727 2896; x_wconf 79' lang='lat' dir='ltr'><strong>etl.</strong></span> <span class='ocrx_word' id='word_1_168' title='bbox 767 2848 1031 2913; x_wconf 83' lang='lat' dir='ltr'><strong>Stephan.</strong></span> <span class='ocrx_word' id='word_1_169' title='bbox 1069 2848 1233 2898; x_wconf 83' lang='lat' dir='ltr'><strong>Thes.</strong></span> <span class='ocrx_word' id='word_1_170' title='bbox 1267 2848 1330 2896; x_wconf 94' lang='lat' dir='ltr'><strong>L.</strong></span> <span class='ocrx_word' id='word_1_171' title='bbox 1357 2846 1450 2898; x_wconf 83' lang='lat' dir='ltr'><strong>Gr.</strong></span> 
     </span>
     <span class='ocr_line' id='line_1_30' title="bbox 365 2914 1454 2982; baseline -0.002 -16"><span class='ocrx_word' id='word_1_172' title='bbox 365 2914 702 2966; x_wconf 82' lang='lat' dir='ltr'><strong>Loudinens.</strong></span> <span class='ocrx_word' id='word_1_173' title='bbox 724 2916 790 2967; x_wconf 88' lang='grc' dir='ltr'><strong>Τ.</strong></span> <span class='ocrx_word' id='word_1_174' title='bbox 812 2917 858 2968; x_wconf 94' lang='lat'><strong>1.</strong></span> <span class='ocrx_word' id='word_1_175' title='bbox 899 2917 1070 2979; x_wconf 80' lang='lat' dir='ltr'><strong>Adde,</strong></span> <span class='ocrx_word' id='word_1_176' title='bbox 1095 2932 1237 2982; x_wconf 89' lang='lat' dir='ltr'><strong>quae</strong></span> <span class='ocrx_word' id='word_1_177' title='bbox 1258 2916 1324 2966; x_wconf 86' lang='lat' dir='ltr'><strong>de</strong></span> <span class='ocrx_word' id='word_1_178' title='bbox 1348 2915 1454 2965; x_wconf 83' lang='lat' dir='ltr'><strong>hae</strong></span> 
     </span>
     <span class='ocr_line' id='line_1_31' title="bbox 365 2983 1456 3052; baseline 0.003 -20"><span class='ocrx_word' id='word_1_179' title='bbox 365 2998 501 3036; x_wconf 83' lang='lat' dir='ltr'><strong>voce</strong></span> <span class='ocrx_word' id='word_1_180' title='bbox 544 2999 574 3033; x_wconf 93' lang='lat' dir='ltr'><strong>e</strong></span> <span class='ocrx_word' id='word_1_181' title='bbox 615 2984 839 3035; x_wconf 85' lang='lat' dir='ltr'><strong>Graecis</strong></span> <span class='ocrx_word' id='word_1_182' title='bbox 884 2986 1241 3052; x_wconf 75' lang='lat' dir='ltr'><strong>scriptoribus</strong></span> <span class='ocrx_word' id='word_1_183' title='bbox 1291 2983 1456 3036; x_wconf 87' lang='lat' dir='ltr'><strong>colle-</strong></span> 
     </span>
     <span class='ocr_line' id='line_1_32' title="bbox 366 3053 1455 3119; baseline 0 -16"><span class='ocrx_word' id='word_1_184' title='bbox 366 3058 457 3104; x_wconf 84' lang='lat' dir='ltr'><strong>cta</strong></span> <span class='ocrx_word' id='word_1_185' title='bbox 481 3053 805 3104; x_wconf 86' lang='lat' dir='ltr'><strong>exhibentur</strong></span> <span class='ocrx_word' id='word_1_186' title='bbox 837 3055 896 3104; x_wconf 91' lang='lat' dir='ltr'><strong>in</strong></span> <span class='ocrx_word' id='word_1_187' title='bbox 928 3056 1167 3106; x_wconf 86' lang='lat' dir='ltr'><strong>eiusdem</strong></span> <span class='ocrx_word' id='word_1_188' title='bbox 1193 3054 1455 3119; x_wconf 78' lang='lat' dir='ltr'><strong>Stephani</strong></span> 
     </span>
     <span class='ocr_line' id='line_1_33' title="bbox 367 3122 1454 3189; baseline 0.001 -17"><span class='ocrx_word' id='word_1_189' title='bbox 367 3122 528 3173; x_wconf 80' lang='lat' dir='ltr'><strong>Thes.</strong></span> <span class='ocrx_word' id='word_1_190' title='bbox 570 3122 635 3172; x_wconf 88' lang='lat' dir='ltr'><strong>L.</strong></span> <span class='ocrx_word' id='word_1_191' title='bbox 676 3122 771 3173; x_wconf 82' lang='lat' dir='ltr'><strong>Gr.</strong></span> <span class='ocrx_word' id='word_1_192' title='bbox 808 3125 872 3174; x_wconf 93' lang='grc' dir='ltr'><strong>Τ.</strong></span> <span class='ocrx_word' id='word_1_193' title='bbox 913 3125 1010 3175; x_wconf 92' lang='lat' dir='ltr'><strong>IV.</strong></span> <span class='ocrx_word' id='word_1_194' title='bbox 1056 3141 1110 3189; x_wconf 92' lang='lat' dir='ltr'><strong>p.</strong></span> <span class='ocrx_word' id='word_1_195' title='bbox 1150 3124 1287 3175; x_wconf 84' lang='lat'>1550</span> <span class='ocrx_word' id='word_1_196' title='bbox 1322 3124 1454 3175; x_wconf 84' lang='lat' dir='ltr'><strong>edit.</strong></span> 
     </span>
     <span class='ocr_line' id='line_1_34' title="bbox 366 3191 1457 3256; baseline 0 -13"><span class='ocrx_word' id='word_1_197' title='bbox 366 3192 542 3243; x_wconf 83' lang='lat' dir='ltr'><strong>Paris.</strong></span> <span class='ocrx_word' id='word_1_198' title='bbox 589 3191 669 3242; x_wconf 82' lang='lat' dir='ltr'><strong>Ac</strong></span> <span class='ocrx_word' id='word_1_199' title='bbox 691 3198 908 3256; x_wconf 83' lang='lat' dir='ltr'><strong>praeter</strong></span> <span class='ocrx_word' id='word_1_200' title='bbox 923 3193 1187 3244; x_wconf 80' lang='lat' dir='ltr'><strong>Galenum</strong></span> <span class='ocrx_word' id='word_1_201' title='bbox 1203 3194 1289 3243; x_wconf 90' lang='lat' dir='ltr'><strong>De</strong></span> <span class='ocrx_word' id='word_1_202' title='bbox 1312 3209 1457 3243; x_wconf 88' lang='lat' dir='ltr'><strong>com-</strong></span> 
     </span>
     <span class='ocr_line' id='line_1_35' title="bbox 365 3260 1454 3329; baseline 0.001 -17"><span class='ocrx_word' id='word_1_203' title='bbox 365 3261 532 3325; x_wconf 85' lang='lat' dir='ltr'><strong>posit.</strong></span> <span class='ocrx_word' id='word_1_204' title='bbox 567 3260 907 3312; x_wconf 79' lang='lat' dir='ltr'><strong>medicamm.</strong></span> <span class='ocrx_word' id='word_1_205' title='bbox 939 3263 1008 3314; x_wconf 91' lang='lat' dir='ltr'><strong>V.</strong></span> <span class='ocrx_word' id='word_1_206' title='bbox 1037 3280 1092 3329; x_wconf 88' lang='lat' dir='ltr'><strong>p.</strong></span> <span class='ocrx_word' id='word_1_207' title='bbox 1124 3261 1229 3313; x_wconf 88' lang='grc'><strong>870</strong></span> <span class='ocrx_word' id='word_1_208' title='bbox 1260 3262 1348 3327; x_wconf 92' lang='grc' dir='ltr'><strong>(Τ.</strong></span> <span class='ocrx_word' id='word_1_209' title='bbox 1373 3264 1454 3313; x_wconf 84' lang='lat' dir='ltr'>XI</span> 
     </span>
     <span class='ocr_line' id='line_1_36' title="bbox 367 3327 1455 3395; baseline 0.003 -15"><span class='ocrx_word' id='word_1_210' title='bbox 367 3330 453 3381; x_wconf 83' lang='lat' dir='ltr'><strong>ed.</strong></span> <span class='ocrx_word' id='word_1_211' title='bbox 510 3327 732 3392; x_wconf 84' lang='lat' dir='ltr'><strong>Kuehn)</strong></span> <span class='ocrx_word' id='word_1_212' title='bbox 793 3331 1040 3395; x_wconf 75' lang='lat' dir='ltr'><strong>inprimis</strong></span> <span class='ocrx_word' id='word_1_213' title='bbox 1093 3331 1455 3383; x_wconf 83' lang='lat' dir='ltr'><strong>consulendus</strong></span> 
     </span>
     <span class='ocr_line' id='line_1_37' title="bbox 364 3396 1450 3463; baseline 0.003 -14"><span class='ocrx_word' id='word_1_214' title='bbox 364 3398 532 3449; x_wconf 82' lang='lat' dir='ltr'><strong>Plinii</strong></span> <span class='ocrx_word' id='word_1_215' title='bbox 552 3396 705 3447; x_wconf 84' lang='lat' dir='ltr'><strong>locus</strong></span> <span class='ocrx_word' id='word_1_216' title='bbox 732 3398 948 3449; x_wconf 83' lang='lat' dir='ltr'><strong>hancin</strong></span> <span class='ocrx_word' id='word_1_217' title='bbox 981 3416 1112 3463; x_wconf 87' lang='lat' dir='ltr'><strong>rem,</strong></span> <span class='ocrx_word' id='word_1_218' title='bbox 1145 3401 1296 3452; x_wconf 84' lang='lat' dir='ltr'><strong>Hist.</strong></span> <span class='ocrx_word' id='word_1_219' title='bbox 1321 3402 1450 3452; x_wconf 85' lang='lat' dir='ltr'><strong>Nat.</strong></span> 
     </span>
     <span class='ocr_line' id='line_1_38' title="bbox 366 3468 1456 3532; baseline 0.002 -15"><span class='ocrx_word' id='word_1_220' title='bbox 366 3468 485 3528; x_wconf 86' lang='lat' dir='ltr'><strong>XV,</strong></span> <span class='ocrx_word' id='word_1_221' title='bbox 522 3468 574 3528; x_wconf 93' lang='grc'><strong><em>7,</em></strong></span> <span class='ocrx_word' id='word_1_222' title='bbox 611 3468 754 3516; x_wconf 86' lang='lat' dir='ltr'><strong>unde</strong></span> <span class='ocrx_word' id='word_1_223' title='bbox 784 3469 999 3532; x_wconf 88' lang='lat' dir='ltr'><strong>potiora</strong></span> <span class='ocrx_word' id='word_1_224' title='bbox 1029 3470 1136 3521; x_wconf 87' lang='lat' dir='ltr'><strong>huc</strong></span> <span class='ocrx_word' id='word_1_225' title='bbox 1168 3471 1456 3520; x_wconf 70' lang='lat' dir='ltr'><strong>transacti</strong></span> 
     </span>
     <span class='ocr_line' id='line_1_39' title="bbox 366 3537 1457 3603; baseline 0.003 -18"><span class='ocrx_word' id='word_1_226' title='bbox 366 3537 520 3586; x_wconf 89' lang='lat' dir='ltr'><strong>bam:</strong></span> <span class='ocrx_word' id='word_1_227' title='bbox 570 3537 919 3597; x_wconf 84' lang='lat' dir='ltr'><strong>„Proximum</strong></span> <span class='ocrx_word' id='word_1_228' title='bbox 968 3538 1170 3600; x_wconf 83' lang='lat' dir='ltr'><strong>(oleum</strong></span> <span class='ocrx_word' id='word_1_229' title='bbox 1210 3539 1355 3603; x_wconf 85' lang='lat' dir='ltr'><strong>soil.)</strong></span> <span class='ocrx_word' id='word_1_230' title='bbox 1392 3539 1457 3588; x_wconf 88' lang='lat' dir='ltr'><strong>fit</strong></span> 
     </span>
     <span class='ocr_line' id='line_1_40' title="bbox 368 3604 1457 3673; baseline 0.003 -18"><span class='ocrx_word' id='word_1_231' title='bbox 368 3610 423 3655; x_wconf 91' lang='lat' dir='ltr'><strong>et</strong></span> <span class='ocrx_word' id='word_1_232' title='bbox 475 3619 505 3653; x_wconf 94' lang='lat' dir='ltr'><strong>e</strong></span> <span class='ocrx_word' id='word_1_233' title='bbox 557 3604 663 3654; x_wconf 84' lang='lat' dir='ltr'><strong>cici</strong></span> <span class='ocrx_word' id='word_1_234' title='bbox 718 3607 911 3658; x_wconf 87' lang='lat' dir='ltr'><strong>arbore</strong></span> <span class='ocrx_word' id='word_1_235' title='bbox 962 3608 1020 3656; x_wconf 91' lang='lat' dir='ltr'><strong>in</strong></span> <span class='ocrx_word' id='word_1_236' title='bbox 1065 3608 1315 3673; x_wconf 78' lang='lat' dir='ltr'><strong>Aegypto</strong></span> <span class='ocrx_word' id='word_1_237' title='bbox 1368 3624 1457 3658; x_wconf 89' lang='lat' dir='ltr'><strong>co-</strong></span> 
     </span>
     <span class='ocr_line' id='line_1_41' title="bbox 365 3672 1453 3739; baseline 0.004 -17"><span class='ocrx_word' id='word_1_238' title='bbox 365 3675 545 3739; x_wconf 86' lang='lat' dir='ltr'><strong>piosa:</strong></span> <span class='ocrx_word' id='word_1_239' title='bbox 608 3672 702 3723; x_wconf 83' lang='lat' dir='ltr'><strong>alii</strong></span> <span class='ocrx_word' id='word_1_240' title='bbox 751 3681 1057 3738; x_wconf 83' lang='lat' dir='ltr'><strong>crotonem,</strong></span> <span class='ocrx_word' id='word_1_241' title='bbox 1124 3677 1219 3727; x_wconf 89' lang='lat' dir='ltr'><strong>alii</strong></span> <span class='ocrx_word' id='word_1_242' title='bbox 1267 3677 1453 3739; x_wconf 86' lang='lat' dir='ltr'><strong>trixin‚</strong></span> 
     </span>
     <span class='ocr_line' id='line_1_42' title="bbox 366 3742 1456 3810; baseline 0.002 -17"><span class='ocrx_word' id='word_1_243' title='bbox 366 3742 465 3793; x_wconf 89' lang='lat' dir='ltr'><strong>alii</strong></span> <span class='ocrx_word' id='word_1_244' title='bbox 499 3757 769 3794; x_wconf 83' lang='lat' dir='ltr'><strong>sesamum</strong></span> <span class='ocrx_word' id='word_1_245' title='bbox 808 3745 1106 3810; x_wconf 83' lang='lat' dir='ltr'><strong>appellant.</strong></span> <span class='ocrx_word' id='word_1_246' title='bbox 1143 3774 1212 3782; x_wconf 98' lang='lat'><strong>—</strong></span> <span class='ocrx_word' id='word_1_247' title='bbox 1267 3747 1456 3797; x_wconf 78' lang='lat' dir='ltr'><strong>Nostri</strong></span> 
     </span>
     <span class='ocr_line' id='line_1_43' title="bbox 368 3812 1455 3866; baseline 0.005 -5"><span class='ocrx_word' id='word_1_248' title='bbox 368 3827 488 3862; x_wconf 89' lang='lat' dir='ltr'><strong>eam</strong></span> <span class='ocrx_word' id='word_1_249' title='bbox 524 3812 754 3863; x_wconf 86' lang='lat' dir='ltr'><strong>ricinum</strong></span> <span class='ocrx_word' id='word_1_250' title='bbox 788 3820 991 3865; x_wconf 81' lang='lat' dir='ltr'><strong>vocant</strong></span> <span class='ocrx_word' id='word_1_251' title='bbox 1029 3830 1063 3864; x_wconf 97' lang='lat' dir='ltr'><strong>a</strong></span> <span class='ocrx_word' id='word_1_252' title='bbox 1096 3813 1455 3866; x_wconf 83' lang='lat' dir='ltr'><strong>similitudine</strong></span> 
     </span>
     <span class='ocr_line' id='line_1_44' title="bbox 368 3881 1456 3948; baseline 0.003 -18"><span class='ocrx_word' id='word_1_253' title='bbox 368 3881 611 3931; x_wconf 82' lang='lat' dir='ltr'><strong>seminis.</strong></span> <span class='ocrx_word' id='word_1_254' title='bbox 682 3882 947 3948; x_wconf 83' lang='lat' dir='ltr'><strong>Coquitur</strong></span> <span class='ocrx_word' id='word_1_255' title='bbox 981 3883 1036 3932; x_wconf 82' lang='lat' dir='ltr'><strong>id</strong></span> <span class='ocrx_word' id='word_1_256' title='bbox 1072 3883 1129 3933; x_wconf 92' lang='lat' dir='ltr'><strong>in</strong></span> <span class='ocrx_word' id='word_1_257' title='bbox 1164 3898 1337 3948; x_wconf 88' lang='lat' dir='ltr'><strong>aqua,</strong></span> <span class='ocrx_word' id='word_1_258' title='bbox 1374 3885 1456 3933; x_wconf 91' lang='lat' dir='ltr'><strong>in-</strong></span> 
     </span>
     <span class='ocr_line' id='line_1_45' title="bbox 368 3950 1454 4020; baseline 0.001 -20"><span class='ocrx_word' id='word_1_259' title='bbox 368 3953 672 4016; x_wconf 85' lang='lat' dir='ltr'><strong>natansque</strong></span> <span class='ocrx_word' id='word_1_260' title='bbox 723 3950 900 4002; x_wconf 88' lang='lat' dir='ltr'><strong>oleum</strong></span> <span class='ocrx_word' id='word_1_261' title='bbox 952 3950 1183 4020; x_wconf 52' lang='lat' dir='ltr'><strong>tollitur..</strong></span> <span class='ocrx_word' id='word_1_262' title='bbox 1276 3952 1348 4001; x_wconf 84' lang='lat' dir='ltr'><strong>At</strong></span> <span class='ocrx_word' id='word_1_263' title='bbox 1396 3953 1454 4001; x_wconf 91' lang='lat' dir='ltr'><strong>in</strong></span> 
     </span>
     <span class='ocr_line' id='line_1_46' title="bbox 368 4019 1456 4086; baseline 0.002 -17"><span class='ocrx_word' id='word_1_264' title='bbox 368 4019 649 4083; x_wconf 80' lang='lat' dir='ltr'><strong>Aegypto,</strong></span> <span class='ocrx_word' id='word_1_265' title='bbox 702 4022 798 4071; x_wconf 88' lang='lat' dir='ltr'><strong>ubi</strong></span> <span class='ocrx_word' id='word_1_266' title='bbox 835 4020 1108 4082; x_wconf 78' lang='lat' dir='ltr'><strong>abundat,</strong></span> <span class='ocrx_word' id='word_1_267' title='bbox 1163 4021 1281 4069; x_wconf 87' lang='lat' dir='ltr'><strong>sine</strong></span> <span class='ocrx_word' id='word_1_268' title='bbox 1327 4021 1456 4086; x_wconf 77' lang='lat' dir='ltr'><strong>igne</strong></span> 
     </span>
     <span class='ocr_line' id='line_1_47' title="bbox 369 4089 1456 4154; baseline 0.002 -17"><span class='ocrx_word' id='word_1_269' title='bbox 369 4093 424 4137; x_wconf 94' lang='lat' dir='ltr'><strong>et</strong></span> <span class='ocrx_word' id='word_1_270' title='bbox 458 4102 602 4152; x_wconf 83' lang='lat' dir='ltr'><strong>aqua</strong></span> <span class='ocrx_word' id='word_1_271' title='bbox 648 4090 764 4140; x_wconf 85' lang='lat' dir='ltr'><strong>sale</strong></span> <span class='ocrx_word' id='word_1_272' title='bbox 798 4104 1080 4154; x_wconf 84' lang='lat' dir='ltr'><strong>aspersum</strong></span> <span class='ocrx_word' id='word_1_273' title='bbox 1119 4089 1456 4153; x_wconf 81' lang='lat' dir='ltr'><strong>exprimitur,</strong></span> 
     </span>
     <span class='ocr_line' id='line_1_48' title="bbox 368 4155 1458 4220; baseline 0.001 -13"><span class='ocrx_word' id='word_1_274' title='bbox 368 4155 507 4207; x_wconf 83' lang='lat' dir='ltr'><strong>cibis</strong></span> <span class='ocrx_word' id='word_1_275' title='bbox 545 4156 791 4220; x_wconf 80' lang='lat' dir='ltr'><strong>foedum,</strong></span> <span class='ocrx_word' id='word_1_276' title='bbox 828 4159 1065 4208; x_wconf 86' lang='lat' dir='ltr'><strong>lucernis</strong></span> <span class='ocrx_word' id='word_1_277' title='bbox 1101 4157 1257 4216; x_wconf 82' lang='lat' dir='ltr'><strong>utile.</strong></span> <span class='ocrx_word' id='word_1_278' title='bbox 1263 4158 1298 4184; x_wconf 75' lang='lat'><strong>‘⁸</strong></span> <span class='ocrx_word' id='word_1_279' title='bbox 1363 4159 1458 4210; x_wconf 82' lang='lat' dir='ltr'><strong>At-</strong></span> 
     </span>
     <span class='ocr_line' id='line_1_49' title="bbox 370 4225 1459 4292; baseline 0.003 -18"><span class='ocrx_word' id='word_1_280' title='bbox 370 4239 476 4290; x_wconf 87' lang='lat' dir='ltr'><strong>que</strong></span> <span class='ocrx_word' id='word_1_281' title='bbox 510 4225 656 4290; x_wconf 85' lang='lat' dir='ltr'><strong>apud</strong></span> <span class='ocrx_word' id='word_1_282' title='bbox 677 4227 963 4278; x_wconf 83' lang='lat' dir='ltr'><strong>Hebraeos</strong></span> <span class='ocrx_word' id='word_1_283' title='bbox 995 4241 1207 4292; x_wconf 86' lang='lat' dir='ltr'><strong>quoque</strong></span> <span class='ocrx_word' id='word_1_284' title='bbox 1231 4227 1459 4291; x_wconf 82' lang='lat' dir='ltr'><strong>scripto-</strong></span> 
     </span>
     <span class='ocr_line' id='line_1_50' title="bbox 369 4293 1460 4347; baseline 0.005 -4"><span class='ocrx_word' id='word_1_285' title='bbox 369 4309 456 4343; x_wconf 85' lang='lat' dir='ltr'><strong>res</strong></span> <span class='ocrx_word' id='word_1_286' title='bbox 492 4293 598 4345; x_wconf 84' lang='lat' dir='ltr'><strong>hoe</strong></span> <span class='ocrx_word' id='word_1_287' title='bbox 632 4295 812 4346; x_wconf 87' lang='lat' dir='ltr'><strong>oleum</strong></span> <span class='ocrx_word' id='word_1_288' title='bbox 848 4297 1255 4347; x_wconf 79' lang='lat' dir='ltr'><strong>commemorari</strong></span> <span class='ocrx_word' id='word_1_289' title='bbox 1277 4302 1460 4347; x_wconf 86' lang='lat' dir='ltr'><strong>mouet</strong></span> 
     </span>
     <span class='ocr_line' id='line_1_51' title="bbox 369 4360 1460 4434; baseline 0.004 -19"><span class='ocrx_word' id='word_1_290' title='bbox 369 4360 652 4415; x_wconf 81' lang='lat' dir='ltr'><strong>Iablonsk.</strong></span> <span class='ocrx_word' id='word_1_291' title='bbox 688 4364 727 4416; x_wconf 90' lang='lat' dir='ltr'><strong>l.</strong></span> <span class='ocrx_word' id='word_1_292' title='bbox 755 4365 794 4419; x_wconf 91' lang='lat' dir='ltr'><strong>l.</strong></span> <span class='ocrx_word' id='word_1_293' title='bbox 851 4366 1006 4419; x_wconf 84' lang='lat' dir='ltr'><strong>Haec</strong></span> <span class='ocrx_word' id='word_1_294' title='bbox 1036 4365 1210 4417; x_wconf 87' lang='lat' dir='ltr'><strong>habeo</strong></span> <span class='ocrx_word' id='word_1_295' title='bbox 1237 4381 1377 4434; x_wconf 88' lang='lat' dir='ltr'><strong>quae</strong></span> <span class='ocrx_word' id='word_1_296' title='bbox 1403 4367 1460 4419; x_wconf 84' lang='lat' dir='ltr'><strong>in</strong></span> 
     </span>
    </p>
   </div>
   <div class='ocr_carea' id='block_1_9' title="bbox 1549 1392 2656 3343">
    <p class='ocr_par' dir='ltr' id='par_1_10' title="bbox 1549 1392 2643 2348">
     <span class='ocr_line' id='line_1_52' title="bbox 1552 1392 2642 1461; baseline -0.006 -13"><span class='ocrx_word' id='word_1_297' title='bbox 1552 1397 1786 1448; x_wconf 89' lang='lat' dir='ltr'><strong>medium</strong></span> <span class='ocrx_word' id='word_1_298' title='bbox 1822 1396 2122 1461; x_wconf 79' lang='lat' dir='ltr'><strong>proferam;</strong></span> <span class='ocrx_word' id='word_1_299' title='bbox 2171 1410 2310 1461; x_wconf 83' lang='lat' dir='ltr'><strong>quae</strong></span> <span class='ocrx_word' id='word_1_300' title='bbox 2345 1394 2486 1445; x_wconf 89' lang='lat' dir='ltr'><strong>enim</strong></span> <span class='ocrx_word' id='word_1_301' title='bbox 2524 1392 2642 1446; x_wconf 82' lang='lat' dir='ltr'><strong>Sal-</strong></span> 
     </span>
     <span class='ocr_line' id='line_1_53' title="bbox 1550 1464 2640 1530; baseline -0.004 -13"><span class='ocrx_word' id='word_1_302' title='bbox 1550 1467 1757 1518; x_wconf 86' lang='lat' dir='ltr'><strong>masius</strong></span> <span class='ocrx_word' id='word_1_303' title='bbox 1794 1466 1864 1516; x_wconf 86' lang='lat' dir='ltr'><strong>ad</strong></span> <span class='ocrx_word' id='word_1_304' title='bbox 1898 1465 2068 1516; x_wconf 87' lang='lat' dir='ltr'><strong>Solin.</strong></span> <span class='ocrx_word' id='word_1_305' title='bbox 2110 1480 2237 1530; x_wconf 82' lang='lat' dir='ltr'><strong>pag.</strong></span> <span class='ocrx_word' id='word_1_306' title='bbox 2264 1464 2366 1515; x_wconf 76' lang='lat'><strong>704</strong></span> <span class='ocrx_word' id='word_1_307' title='bbox 2400 1464 2640 1526; x_wconf 84' lang='lat' dir='ltr'><strong>disserit,</strong></span> 
     </span>
     <span class='ocr_line' id='line_1_54' title="bbox 1549 1533 2640 1600; baseline -0.005 -13"><span class='ocrx_word' id='word_1_308' title='bbox 1549 1538 1644 1586; x_wconf 77' lang='lat' dir='ltr'><strong>vix</strong></span> <span class='ocrx_word' id='word_1_309' title='bbox 1680 1535 1817 1587; x_wconf 84' lang='lat' dir='ltr'><strong>talia</strong></span> <span class='ocrx_word' id='word_1_310' title='bbox 1852 1541 2006 1596; x_wconf 84' lang='lat' dir='ltr'><strong>sunt,</strong></span> <span class='ocrx_word' id='word_1_311' title='bbox 2042 1534 2216 1597; x_wconf 86' lang='lat' dir='ltr'><strong>unde,</strong></span> <span class='ocrx_word' id='word_1_312' title='bbox 2253 1534 2385 1600; x_wconf 83' lang='lat' dir='ltr'><strong>quid</strong></span> <span class='ocrx_word' id='word_1_313' title='bbox 2419 1533 2513 1583; x_wconf 87' lang='lat' dir='ltr'><strong>ille</strong></span> <span class='ocrx_word' id='word_1_314' title='bbox 2546 1549 2640 1583; x_wconf 83' lang='lat' dir='ltr'><strong>vo-</strong></span> 
     </span>
     <span class='ocr_line' id='line_1_55' title="bbox 1549 1600 2642 1668; baseline -0.005 -13"><span class='ocrx_word' id='word_1_315' title='bbox 1549 1605 1741 1668; x_wconf 87' lang='lat' dir='ltr'><strong>luerit,</strong></span> <span class='ocrx_word' id='word_1_316' title='bbox 1785 1609 1936 1656; x_wconf 85' lang='lat' dir='ltr'><strong>certo</strong></span> <span class='ocrx_word' id='word_1_317' title='bbox 1973 1603 2223 1668; x_wconf 83' lang='lat' dir='ltr'><strong>colligas.</strong></span> <span class='ocrx_word' id='word_1_318' title='bbox 2309 1603 2469 1654; x_wconf 81' lang='lat' dir='ltr'><strong>Conf.</strong></span> <span class='ocrx_word' id='word_1_319' title='bbox 2508 1600 2642 1650; x_wconf 89' lang='lat' dir='ltr'><strong>Wil-</strong></span> 
     </span>
     <span class='ocr_line' id='line_1_56' title="bbox 1550 1671 2641 1737; baseline -0.003 -13"><span class='ocrx_word' id='word_1_320' title='bbox 1550 1675 1769 1726; x_wconf 83' lang='lat' dir='ltr'><strong>kinson.</strong></span> <span class='ocrx_word' id='word_1_321' title='bbox 1815 1675 2074 1724; x_wconf 86' lang='lat' dir='ltr'><strong>Manners</strong></span> <span class='ocrx_word' id='word_1_322' title='bbox 2122 1677 2229 1723; x_wconf 82' lang='lat' dir='ltr'><strong>ete.</strong></span> <span class='ocrx_word' id='word_1_323' title='bbox 2279 1672 2383 1722; x_wconf 90' lang='lat'><strong>111.</strong></span> <span class='ocrx_word' id='word_1_324' title='bbox 2437 1688 2489 1737; x_wconf 88' lang='lat' dir='ltr'><strong>p.</strong></span> <span class='ocrx_word' id='word_1_325' title='bbox 2535 1671 2641 1723; x_wconf 83' lang='lat'><strong>379</strong></span> 
     </span>
     <span class='ocr_line' id='line_1_57' title="bbox 1551 1741 2643 1806; baseline -0.004 -12"><span class='ocrx_word' id='word_1_326' title='bbox 1551 1744 1677 1795; x_wconf 84' lang='lat' dir='ltr'><strong>coll.</strong></span> <span class='ocrx_word' id='word_1_327' title='bbox 1726 1759 1836 1794; x_wconf 85' lang='lat' dir='ltr'><strong>sec.</strong></span> <span class='ocrx_word' id='word_1_328' title='bbox 1886 1758 1992 1793; x_wconf 79' lang='lat' dir='ltr'><strong>ser.</strong></span> <span class='ocrx_word' id='word_1_329' title='bbox 2039 1742 2087 1791; x_wconf 94' lang='lat'><strong>1.</strong></span> <span class='ocrx_word' id='word_1_330' title='bbox 2132 1757 2184 1806; x_wconf 88' lang='lat' dir='ltr'><strong>p.</strong></span> <span class='ocrx_word' id='word_1_331' title='bbox 2240 1742 2357 1803; x_wconf 66' lang='lat'><strong>57„</strong></span> <span class='ocrx_word' id='word_1_332' title='bbox 2408 1741 2501 1806; x_wconf 87' lang='lat' dir='ltr'><strong>qui</strong></span> <span class='ocrx_word' id='word_1_333' title='bbox 2549 1741 2643 1791; x_wconf 90' lang='lat' dir='ltr'><strong>ob-</strong></span> 
     </span>
     <span class='ocr_line' id='line_1_58' title="bbox 1550 1808 2643 1877; baseline -0.003 -14"><span class='ocrx_word' id='word_1_334' title='bbox 1550 1818 1737 1863; x_wconf 83' lang='lat' dir='ltr'><strong>servat</strong></span> <span class='ocrx_word' id='word_1_335' title='bbox 1763 1812 2008 1877; x_wconf 87' lang='lat' dir='ltr'><strong>plantam</strong></span> <span class='ocrx_word' id='word_1_336' title='bbox 2036 1811 2197 1872; x_wconf 83' lang='lat' dir='ltr'><strong>hane,</strong></span> <span class='ocrx_word' id='word_1_337' title='bbox 2235 1809 2379 1860; x_wconf 85' lang='lat' dir='ltr'><strong>unde</strong></span> <span class='ocrx_word' id='word_1_338' title='bbox 2403 1809 2509 1860; x_wconf 87' lang='lat' dir='ltr'><strong>olei</strong></span> <span class='ocrx_word' id='word_1_339' title='bbox 2538 1808 2643 1860; x_wconf 85' lang='lat' dir='ltr'><strong>hoe</strong></span> 
     </span>
     <span class='ocr_line' id='line_1_59' title="bbox 1551 1879 2642 1947; baseline -0.006 -13"><span class='ocrx_word' id='word_1_340' title='bbox 1551 1898 1724 1947; x_wconf 81' lang='lat' dir='ltr'><strong>genus</strong></span> <span class='ocrx_word' id='word_1_341' title='bbox 1765 1881 1835 1932; x_wconf 89' lang='lat' dir='ltr'><strong>ab</strong></span> <span class='ocrx_word' id='word_1_342' title='bbox 1879 1880 2118 1945; x_wconf 84' lang='lat' dir='ltr'><strong>antiquis</strong></span> <span class='ocrx_word' id='word_1_343' title='bbox 2157 1879 2442 1944; x_wconf 72' lang='lat' dir='ltr'><strong>Aegyptiis</strong></span> <span class='ocrx_word' id='word_1_344' title='bbox 2485 1893 2642 1942; x_wconf 83' lang='lat' dir='ltr'><strong>para-</strong></span> 
     </span>
     <span class='ocr_line' id='line_1_60' title="bbox 1551 1948 2642 2014; baseline -0.002 -13"><span class='ocrx_word' id='word_1_345' title='bbox 1551 1953 1741 2013; x_wconf 85' lang='lat' dir='ltr'><strong>batur,</strong></span> <span class='ocrx_word' id='word_1_346' title='bbox 1778 1950 1955 2001; x_wconf 84' lang='lat' dir='ltr'><strong>adhuc</strong></span> <span class='ocrx_word' id='word_1_347' title='bbox 1991 1963 2240 2000; x_wconf 82' lang='lat' dir='ltr'><strong>erescere</strong></span> <span class='ocrx_word' id='word_1_348' title='bbox 2272 1964 2370 2014; x_wconf 91' lang='lat' dir='ltr'><strong>per</strong></span> <span class='ocrx_word' id='word_1_349' title='bbox 2399 1948 2642 2013; x_wconf 86' lang='lat' dir='ltr'><strong>superio-</strong></span> 
     </span>
     <span class='ocr_line' id='line_1_61' title="bbox 1550 2019 2642 2083; baseline -0.005 -12"><span class='ocrx_word' id='word_1_350' title='bbox 1550 2037 1661 2071; x_wconf 90' lang='lat' dir='ltr'><strong>rem</strong></span> <span class='ocrx_word' id='word_1_351' title='bbox 1687 2025 1745 2071; x_wconf 90' lang='lat' dir='ltr'><strong>et</strong></span> <span class='ocrx_word' id='word_1_352' title='bbox 1768 2019 2079 2070; x_wconf 82' lang='lat' dir='ltr'><strong>inferiorem</strong></span> <span class='ocrx_word' id='word_1_353' title='bbox 2103 2019 2412 2083; x_wconf 74' lang='lat' dir='ltr'><strong>Aegyptum</strong></span> <span class='ocrx_word' id='word_1_354' title='bbox 2427 2055 2440 2079; x_wconf 92' lang='lat'>,</span> <span class='ocrx_word' id='word_1_355' title='bbox 2468 2032 2642 2082; x_wconf 88' lang='lat' dir='ltr'><strong>neque</strong></span> 
     </span>
     <span class='ocr_line' id='line_1_62' title="bbox 1550 2085 2642 2153; baseline -0.004 -13"><span class='ocrx_word' id='word_1_356' title='bbox 1550 2106 1682 2140; x_wconf 85' lang='lat' dir='ltr'><strong>vero</strong></span> <span class='ocrx_word' id='word_1_357' title='bbox 1719 2089 1896 2140; x_wconf 86' lang='lat' dir='ltr'><strong>oleum</strong></span> <span class='ocrx_word' id='word_1_358' title='bbox 1921 2087 2050 2138; x_wconf 86' lang='lat' dir='ltr'><strong>inde</strong></span> <span class='ocrx_word' id='word_1_359' title='bbox 2074 2087 2277 2153; x_wconf 83' lang='lat' dir='ltr'><strong>parari,</strong></span> <span class='ocrx_word' id='word_1_360' title='bbox 2317 2086 2461 2152; x_wconf 86' lang='lat' dir='ltr'><strong>quod</strong></span> <span class='ocrx_word' id='word_1_361' title='bbox 2499 2085 2642 2137; x_wconf 86' lang='lat' dir='ltr'><strong>aliae</strong></span> 
     </span>
     <span class='ocr_line' id='line_1_63' title="bbox 1550 2156 2640 2225; baseline -0.004 -15"><span class='ocrx_word' id='word_1_362' title='bbox 1550 2159 1801 2225; x_wconf 89' lang='lat' dir='ltr'><strong>plantae,</strong></span> <span class='ocrx_word' id='word_1_363' title='bbox 1861 2173 2001 2223; x_wconf 88' lang='lat' dir='ltr'><strong>quae</strong></span> <span class='ocrx_word' id='word_1_364' title='bbox 2055 2156 2246 2208; x_wconf 81' lang='lat' dir='ltr'><strong>melius</strong></span> <span class='ocrx_word' id='word_1_365' title='bbox 2307 2156 2413 2207; x_wconf 92' lang='lat' dir='ltr'><strong>olei</strong></span> <span class='ocrx_word' id='word_1_366' title='bbox 2469 2171 2640 2221; x_wconf 81' lang='lat' dir='ltr'><strong>genus</strong></span> 
     </span>
     <span class='ocr_line' id='line_1_64' title="bbox 1551 2227 2643 2294; baseline -0.002 -15"><span class='ocrx_word' id='word_1_367' title='bbox 1551 2229 1878 2294; x_wconf 83' lang='lat' dir='ltr'><strong>praebeant,</strong></span> <span class='ocrx_word' id='word_1_368' title='bbox 1949 2242 2094 2278; x_wconf 86' lang='lat' dir='ltr'><strong>nunc</strong></span> <span class='ocrx_word' id='word_1_369' title='bbox 2154 2227 2491 2292; x_wconf 81' lang='lat' dir='ltr'><strong>frequentius</strong></span> <span class='ocrx_word' id='word_1_370' title='bbox 2554 2241 2643 2277; x_wconf 86' lang='lat' dir='ltr'><strong>co-</strong></span> 
     </span>
     <span class='ocr_line' id='line_1_65' title="bbox 1550 2298 1756 2349; baseline -0.005 -1"><span class='ocrx_word' id='word_1_371' title='bbox 1550 2298 1756 2349; x_wconf 87' lang='lat' dir='ltr'><strong>lantur.</strong></span> 
     </span>
    </p>

    <p class='ocr_par' dir='ltr' id='par_1_11' title="bbox 1551 2352 2656 3331">
     <span class='ocr_line' id='line_1_66' title="bbox 1621 2352 2643 2446; baseline -0.007 -29"><span class='ocrx_word' id='word_1_372' title='bbox 1621 2360 1691 2417; x_wconf 79' lang='grc' dir='ltr'><strong>τὰ</strong></span> <span class='ocrx_word' id='word_1_373' title='bbox 1737 2357 1800 2415; x_wconf 68' lang='grc' dir='ltr'><strong>ἐν</strong></span> <span class='ocrx_word' id='word_1_374' title='bbox 1840 2352 2071 2429; x_wconf 63' lang='lat' dir='ltr'><strong>“Ennea</strong></span> <span class='ocrx_word' id='word_1_375' title='bbox 2130 2354 2420 2446; x_wconf 80' lang='grc' dir='ltr'><strong><em>αὐτόματα</em></strong></span> <span class='ocrx_word' id='word_1_376' title='bbox 2473 2377 2643 2427; x_wconf 79' lang='grc' dir='ltr'><strong><em>αγρια</em></strong></span> 
     </span>
     <span class='ocr_line' id='line_1_67' title="bbox 1552 2429 2644 2501; baseline -0.005 -15"><span class='ocrx_word' id='word_1_377' title='bbox 1552 2429 1778 2501; x_wconf 80' lang='grc' dir='ltr'><strong><em>φύεται]</em></strong></span> <span class='ocrx_word' id='word_1_378' title='bbox 1834 2434 2098 2487; x_wconf 86' lang='lat' dir='ltr'><strong>Voculam</strong></span> <span class='ocrx_word' id='word_1_379' title='bbox 2130 2447 2300 2497; x_wconf 78' lang='grc' dir='ltr'><strong><em>αγρια</em></strong></span> <span class='ocrx_word' id='word_1_380' title='bbox 2345 2447 2442 2497; x_wconf 88' lang='lat' dir='ltr'><strong>pro</strong></span> <span class='ocrx_word' id='word_1_381' title='bbox 2477 2433 2644 2483; x_wconf 86' lang='lat' dir='ltr'><strong>inter-</strong></span> 
     </span>
     <span class='ocr_line' id='line_1_68' title="bbox 1551 2500 2656 2586; baseline -0.005 -31"><span class='ocrx_word' id='word_1_382' title='bbox 1551 2510 1894 2586; x_wconf 79' lang='lat' dir='ltr'><strong>pretamento</strong></span> <span class='ocrx_word' id='word_1_383' title='bbox 1960 2502 2355 2585; x_wconf 67' lang='lat' dir='ltr'><strong>Valckenarius</strong></span> <span class='ocrx_word' id='word_1_384' title='bbox 2432 2500 2656 2563; x_wconf 43' lang='lat' dir='ltr'><strong>habuits</strong></span> 
     </span>
     <span class='ocr_line' id='line_1_69' title="bbox 1554 2563 2644 2639; baseline -0.005 -14"><span class='ocrx_word' id='word_1_385' title='bbox 1554 2575 1701 2639; x_wconf 86' lang='lat' dir='ltr'><strong>quod</strong></span> <span class='ocrx_word' id='word_1_386' title='bbox 1733 2574 1855 2637; x_wconf 89' lang='lat' dir='ltr'><strong>quis</strong></span> <span class='ocrx_word' id='word_1_387' title='bbox 1904 2573 1974 2624; x_wconf 77' lang='lat' dir='ltr'><strong>acl</strong></span> <span class='ocrx_word' id='word_1_388' title='bbox 2011 2563 2306 2635; x_wconf 79' lang='grc' dir='ltr'><strong><em>αὐτόματα</em></strong></span> <span class='ocrx_word' id='word_1_389' title='bbox 2341 2569 2644 2634; x_wconf 84' lang='lat' dir='ltr'><strong>adscripse-</strong></span> 
     </span>
     <span class='ocr_line' id='line_1_70' title="bbox 1554 2637 2637 2703; baseline -0.006 -10"><span class='ocrx_word' id='word_1_390' title='bbox 1554 2644 1646 2693; x_wconf 87' lang='lat' dir='ltr'><strong>rit.</strong></span> <span class='ocrx_word' id='word_1_391' title='bbox 1722 2640 2164 2703; x_wconf 79' lang='lat' dir='ltr'><strong>Conf.111‚100.</strong></span> <span class='ocrx_word' id='word_1_392' title='bbox 2198 2637 2355 2699; x_wconf 89' lang='lat' dir='ltr'>VIII,</span> <span class='ocrx_word' id='word_1_393' title='bbox 2399 2637 2515 2688; x_wconf 80' lang='lat'><strong>138.</strong></span> <span class='ocrx_word' id='word_1_394' title='bbox 2553 2639 2637 2689; x_wconf 84' lang='lat'><strong>37.</strong></span> 
     </span>
     <span class='ocr_line' id='line_1_71' title="bbox 1555 2707 2643 2774; baseline -0.006 -12"><span class='ocrx_word' id='word_1_395' title='bbox 1555 2711 1727 2774; x_wconf 80' lang='lat'>11,14</span> <span class='ocrx_word' id='word_1_396' title='bbox 1765 2710 1887 2760; x_wconf 89' lang='lat' dir='ltr'><strong>coll.</strong></span> <span class='ocrx_word' id='word_1_397' title='bbox 1914 2711 2011 2771; x_wconf 87' lang='lat' dir='ltr'>IV,</span> <span class='ocrx_word' id='word_1_398' title='bbox 2036 2712 2124 2759; x_wconf 79' lang='lat'><strong>74.</strong></span> <span class='ocrx_word' id='word_1_399' title='bbox 2182 2707 2296 2757; x_wconf 82' lang='lat' dir='ltr'><strong>Nec</strong></span> <span class='ocrx_word' id='word_1_400' title='bbox 2321 2710 2502 2756; x_wconf 88' lang='lat' dir='ltr'><strong>tamen</strong></span> <span class='ocrx_word' id='word_1_401' title='bbox 2533 2709 2643 2758; x_wconf 83' lang='lat' dir='ltr'><strong>edi-</strong></span> 
     </span>
     <span class='ocr_line' id='line_1_72' title="bbox 1554 2775 2639 2845; baseline -0.004 -14"><span class='ocrx_word' id='word_1_402' title='bbox 1554 2786 1734 2831; x_wconf 87' lang='lat' dir='ltr'><strong>torum</strong></span> <span class='ocrx_word' id='word_1_403' title='bbox 1791 2780 2079 2845; x_wconf 83' lang='lat' dir='ltr'><strong>quisquam</strong></span> <span class='ocrx_word' id='word_1_404' title='bbox 2144 2775 2475 2841; x_wconf 75' lang='lat' dir='ltr'><strong>suffragatus</strong></span> <span class='ocrx_word' id='word_1_405' title='bbox 2536 2781 2639 2827; x_wconf 87' lang='lat' dir='ltr'><strong>est.</strong></span> 
     </span>
     <span class='ocr_line' id='line_1_73' title="bbox 1553 2844 2641 2913; baseline -0.004 -12"><span class='ocrx_word' id='word_1_406' title='bbox 1553 2851 1804 2913; x_wconf 81' lang='lat' dir='ltr'><strong>Namque</strong></span> <span class='ocrx_word' id='word_1_407' title='bbox 1833 2847 2108 2898; x_wconf 84' lang='lat' dir='ltr'><strong>sententia</strong></span> <span class='ocrx_word' id='word_1_408' title='bbox 2139 2845 2328 2899; x_wconf 78' lang='lat' dir='ltr'><strong>Nostri</strong></span> <span class='ocrx_word' id='word_1_409' title='bbox 2359 2844 2497 2894; x_wconf 87' lang='lat' dir='ltr'><strong>haec</strong></span> <span class='ocrx_word' id='word_1_410' title='bbox 2533 2852 2641 2897; x_wconf 82' lang='lat' dir='ltr'><strong>est.</strong></span> 
     </span>
     <span class='ocr_line' id='line_1_74' title="bbox 1555 2917 2644 2984; baseline -0.004 -15"><span class='ocrx_word' id='word_1_411' title='bbox 1555 2935 1647 2981; x_wconf 90' lang='lat' dir='ltr'><strong>ea,</strong></span> <span class='ocrx_word' id='word_1_412' title='bbox 1702 2934 1842 2984; x_wconf 83' lang='lat' dir='ltr'><strong>quae</strong></span> <span class='ocrx_word' id='word_1_413' title='bbox 1874 2918 1930 2967; x_wconf 87' lang='lat' dir='ltr'><strong>in</strong></span> <span class='ocrx_word' id='word_1_414' title='bbox 1969 2917 2219 2983; x_wconf 80' lang='lat' dir='ltr'><strong>Aegypto</strong></span> <span class='ocrx_word' id='word_1_415' title='bbox 2266 2918 2520 2965; x_wconf 86' lang='lat' dir='ltr'><strong>seruntur</strong></span> <span class='ocrx_word' id='word_1_416' title='bbox 2563 2917 2644 2965; x_wconf 90' lang='lat' dir='ltr'><strong>in-</strong></span> 
     </span>
     <span class='ocr_line' id='line_1_75' title="bbox 1556 2983 2644 3054; baseline -0.004 -15"><span class='ocrx_word' id='word_1_417' title='bbox 1556 2989 1733 3054; x_wconf 83' lang='lat' dir='ltr'><strong>deque</strong></span> <span class='ocrx_word' id='word_1_418' title='bbox 1766 2988 2006 3038; x_wconf 86' lang='lat' dir='ltr'><strong>humana</strong></span> <span class='ocrx_word' id='word_1_419' title='bbox 2032 3001 2197 3052; x_wconf 88' lang='lat' dir='ltr'><strong>opera</strong></span> <span class='ocrx_word' id='word_1_420' title='bbox 2230 2983 2510 3046; x_wconf 84' lang='lat' dir='ltr'><strong>coluntur,</strong></span> <span class='ocrx_word' id='word_1_421' title='bbox 2549 3001 2644 3051; x_wconf 88' lang='lat' dir='ltr'><strong>per</strong></span> 
     </span>
     <span class='ocr_line' id='line_1_76' title="bbox 1556 3053 2643 3121; baseline -0.003 -12"><span class='ocrx_word' id='word_1_422' title='bbox 1556 3058 1841 3109; x_wconf 74' lang='lat' dir='ltr'><strong>Graeciam</strong></span> <span class='ocrx_word' id='word_1_423' title='bbox 1878 3062 2073 3121; x_wconf 88' lang='lat' dir='ltr'><strong>sponte</strong></span> <span class='ocrx_word' id='word_1_424' title='bbox 2108 3056 2223 3106; x_wconf 79' lang='lat' dir='ltr'><strong>fera</strong></span> <span class='ocrx_word' id='word_1_425' title='bbox 2261 3055 2379 3106; x_wconf 88' lang='lat' dir='ltr'><strong>sine</strong></span> <span class='ocrx_word' id='word_1_426' title='bbox 2412 3053 2526 3115; x_wconf 77' lang='lat' dir='ltr'><strong>ulla</strong></span> <span class='ocrx_word' id='word_1_427' title='bbox 2549 3055 2643 3107; x_wconf 85' lang='lat' dir='ltr'><strong>ho·</strong></span> 
     </span>
     <span class='ocr_line' id='line_1_77' title="bbox 1553 3128 2643 3184; baseline -0.005 -6"><span class='ocrx_word' id='word_1_428' title='bbox 1553 3128 1758 3178; x_wconf 88' lang='lat' dir='ltr'><strong>minum</strong></span> <span class='ocrx_word' id='word_1_429' title='bbox 1820 3141 1952 3178; x_wconf 88' lang='lat' dir='ltr'><strong>cura</strong></span> <span class='ocrx_word' id='word_1_430' title='bbox 2007 3140 2276 3184; x_wconf 77' lang='lat' dir='ltr'><strong>crescere3</strong></span> <span class='ocrx_word' id='word_1_431' title='bbox 2351 3139 2478 3174; x_wconf 83' lang='lat' dir='ltr'><strong>nos:</strong></span> <span class='ocrx_word' id='word_1_432' title='bbox 2548 3140 2643 3175; x_wconf 80' lang='lat' dir='ltr'><strong>von</strong></span> 
     </span>
     <span class='ocr_line' id='line_1_78' title="bbox 1551 3161 2641 3260; baseline -0.004 -12"><span class='ocrx_word' id='word_1_433' title='bbox 1551 3198 1727 3260; x_wconf 75' lang='lat' dir='ltr'><strong>selbse,</strong></span> <span class='ocrx_word' id='word_1_434' title='bbox 1748 3195 2150 3248; x_wconf 72' lang='lat' dir='ltr'><strong>wildwaclzsend.</strong></span> <span class='ocrx_word' id='word_1_435' title='bbox 2190 3161 2509 3245; x_wconf 61' lang='lat' dir='ltr'><strong>Ph&#39;ilostrat.</strong></span> <span class='ocrx_word' id='word_1_436' title='bbox 2526 3194 2641 3244; x_wconf 87' lang='lat' dir='ltr'><strong>Vit.</strong></span> 
     </span>
     <span class='ocr_line' id='line_1_79' title="bbox 1554 3262 2645 3343; baseline -0.005 -26"><span class='ocrx_word' id='word_1_437' title='bbox 1554 3266 1732 3331; x_wconf 84' lang='lat' dir='ltr'><strong>Apoll.</strong></span> <span class='ocrx_word' id='word_1_438' title='bbox 1768 3268 1814 3329; x_wconf 89' lang='lat'><strong>1,</strong></span> <span class='ocrx_word' id='word_1_439' title='bbox 1850 3265 1946 3327; x_wconf 81' lang='lat'><strong>21,</strong></span> <span class='ocrx_word' id='word_1_440' title='bbox 1992 3279 2152 3343; x_wconf 89' lang='lat' dir='ltr'><strong>quem</strong></span> <span class='ocrx_word' id='word_1_441' title='bbox 2193 3262 2522 3313; x_wconf 84' lang='lat' dir='ltr'><strong>Valckenar.</strong></span> <span class='ocrx_word' id='word_1_442' title='bbox 2563 3268 2645 3312; x_wconf 85' lang='lat' dir='ltr'><strong>at—</strong></span> 
     </span>
    </p>
   </div>
   <div class='ocr_carea' id='block_1_10' title="bbox 1552 3320 2717 3399">
    <p class='ocr_par' dir='ltr' id='par_1_12' title="bbox 1552 3320 2717 3399">
     <span class='ocr_line' id='line_1_80' title="bbox 1552 3320 2717 3399; baseline -0.008 -13"><span class='ocrx_word' id='word_1_443' title='bbox 1552 3335 1707 3399; x_wconf 84' lang='lat' dir='ltr'><strong>tulit,</strong></span> <span class='ocrx_word' id='word_1_444' title='bbox 1752 3335 1943 3386; x_wconf 83' lang='lat' dir='ltr'><strong>habet.</strong></span> <span class='ocrx_word' id='word_1_445' title='bbox 1989 3326 2058 3383; x_wconf 78' lang='grc' dir='ltr'><strong>τὰ</strong></span> <span class='ocrx_word' id='word_1_446' title='bbox 2104 3346 2273 3396; x_wconf 76' lang='grc' dir='ltr'><strong><em>αγρια</em></strong></span> <span class='ocrx_word' id='word_1_447' title='bbox 2314 3327 2428 3383; x_wconf 79' lang='grc' dir='ltr'><strong><em>καὶ</em></strong></span> <span class='ocrx_word' id='word_1_448' title='bbox 2472 3320 2641 3379; x_wconf 80' lang='grc' dir='ltr'><strong><em>αῦτό-</em></strong></span> <span class='ocrx_word' id='word_1_449' title='bbox 2712 3350 2717 3355; x_wconf 93' lang='grc'><strong><em>·</em></strong></span> 
     </span>
    </p>
   </div>
   <div class='ocr_carea' id='block_1_11' title="bbox 1552 3397 2648 4435">
    <p class='ocr_par' dir='ltr' id='par_1_13' title="bbox 1552 3397 2648 4435">
     <span class='ocr_line' id='line_1_81' title="bbox 1552 3397 2643 3468; baseline -0.004 -15"><span class='ocrx_word' id='word_1_450' title='bbox 1552 3420 1700 3468; x_wconf 84' lang='grc' dir='ltr'><strong><em>ματα</em></strong></span> <span class='ocrx_word' id='word_1_451' title='bbox 1729 3397 1974 3468; x_wconf 80' lang='grc' dir='ltr'><strong><em>λάχανα;</em></strong></span> <span class='ocrx_word' id='word_1_452' title='bbox 2020 3402 2118 3452; x_wconf 83' lang='lat' dir='ltr'><strong>sed</strong></span> <span class='ocrx_word' id='word_1_453' title='bbox 2151 3401 2314 3450; x_wconf 87' lang='lat' dir='ltr'><strong>huius</strong></span> <span class='ocrx_word' id='word_1_454' title='bbox 2342 3399 2453 3450; x_wconf 90' lang='lat' dir='ltr'><strong>loci</strong></span> <span class='ocrx_word' id='word_1_455' title='bbox 2478 3398 2643 3449; x_wconf 83' lang='lat' dir='ltr'><strong>ratio-</strong></span> 
     </span>
     <span class='ocr_line' id='line_1_82' title="bbox 1554 3467 2640 3536; baseline -0.006 -13"><span class='ocrx_word' id='word_1_456' title='bbox 1554 3489 1677 3523; x_wconf 89' lang='lat' dir='ltr'><strong>nem</strong></span> <span class='ocrx_word' id='word_1_457' title='bbox 1726 3488 1947 3536; x_wconf 83' lang='lat' dir='ltr'><strong>prorsus</strong></span> <span class='ocrx_word' id='word_1_458' title='bbox 1997 3470 2159 3519; x_wconf 88' lang='lat' dir='ltr'><strong>aliam</strong></span> <span class='ocrx_word' id='word_1_459' title='bbox 2202 3483 2325 3519; x_wconf 84' lang='lat' dir='ltr'><strong>esse</strong></span> <span class='ocrx_word' id='word_1_460' title='bbox 2370 3467 2640 3517; x_wconf 85' lang='lat' dir='ltr'><strong>existimo.</strong></span> 
     </span>
     <span class='ocr_line' id='line_1_83' title="bbox 1555 3530 2643 3603; baseline -0.006 -11"><span class='ocrx_word' id='word_1_461' title='bbox 1555 3543 1664 3592; x_wconf 85' lang='lat' dir='ltr'><strong>Pro</strong></span> <span class='ocrx_word' id='word_1_462' title='bbox 1682 3530 1915 3603; x_wconf 80' lang='grc' dir='ltr'><strong><em>Ελλησι</em></strong></span> <span class='ocrx_word' id='word_1_463' title='bbox 1948 3553 2088 3589; x_wconf 83' lang='lat' dir='ltr'><strong>unus</strong></span> <span class='ocrx_word' id='word_1_464' title='bbox 2110 3539 2249 3589; x_wconf 89' lang='lat' dir='ltr'><strong>liber</strong></span> <span class='ocrx_word' id='word_1_465' title='bbox 2272 3532 2442 3597; x_wconf 74' lang='grc' dir='ltr'><strong><em>ἓλεσις</em></strong></span> <span class='ocrx_word' id='word_1_466' title='bbox 2483 3550 2643 3601; x_wconf 84' lang='lat' dir='ltr'><strong>quam</strong></span> 
     </span>
     <span class='ocr_line' id='line_1_84' title="bbox 1554 3604 2642 3671; baseline -0.006 -12"><span class='ocrx_word' id='word_1_467' title='bbox 1554 3610 1843 3661; x_wconf 85' lang='lat' dir='ltr'><strong>lectionem</strong></span> <span class='ocrx_word' id='word_1_468' title='bbox 1898 3607 2041 3657; x_wconf 83' lang='lat' dir='ltr'><strong>haud</strong></span> <span class='ocrx_word' id='word_1_469' title='bbox 2098 3604 2453 3671; x_wconf 81' lang='lat' dir='ltr'><strong>spernendam</strong></span> <span class='ocrx_word' id='word_1_470' title='bbox 2515 3604 2642 3655; x_wconf 85' lang='lat' dir='ltr'><strong>olim</strong></span> 
     </span>
     <span class='ocr_line' id='line_1_85' title="bbox 1554 3672 2645 3741; baseline -0.006 -12"><span class='ocrx_word' id='word_1_471' title='bbox 1554 3678 1834 3729; x_wconf 84' lang='lat' dir='ltr'><strong>iudicabat</strong></span> <span class='ocrx_word' id='word_1_472' title='bbox 1879 3673 2301 3741; x_wconf 79' lang='lat' dir='ltr'><strong>Wesselingius,</strong></span> <span class='ocrx_word' id='word_1_473' title='bbox 2351 3672 2486 3723; x_wconf 83' lang='lat' dir='ltr'><strong>illud</strong></span> <span class='ocrx_word' id='word_1_474' title='bbox 2532 3675 2645 3739; x_wconf 88' lang='lat' dir='ltr'><strong>opi-</strong></span> 
     </span>
     <span class='ocr_line' id='line_1_86' title="bbox 1556 3734 2644 3811; baseline -0.005 -13"><span class='ocrx_word' id='word_1_475' title='bbox 1556 3762 1657 3799; x_wconf 88' lang='lat' dir='ltr'><strong>nor</strong></span> <span class='ocrx_word' id='word_1_476' title='bbox 1683 3746 2153 3811; x_wconf 78' lang='lat' dir='ltr'><strong>praetermittens,</strong></span> <span class='ocrx_word' id='word_1_477' title='bbox 2192 3734 2392 3808; x_wconf 90' lang='lat' dir='ltr'><strong>opponi</strong></span> <span class='ocrx_word' id='word_1_478' title='bbox 2423 3742 2512 3793; x_wconf 86' lang='lat' dir='ltr'><strong>hie</strong></span> <span class='ocrx_word' id='word_1_479' title='bbox 2539 3745 2644 3794; x_wconf 86' lang='lat' dir='ltr'><strong>sibi</strong></span> 
     </span>
     <span class='ocr_line' id='line_1_87' title="bbox 1558 3814 2642 3892; baseline -0.006 -24"><span class='ocrx_word' id='word_1_480' title='bbox 1558 3818 1769 3868; x_wconf 79' lang='lat' dir='ltr'><strong>Graeca</strong></span> <span class='ocrx_word' id='word_1_481' title='bbox 1803 3820 1860 3865; x_wconf 88' lang='lat' dir='ltr'><strong>et</strong></span> <span class='ocrx_word' id='word_1_482' title='bbox 1892 3815 2047 3880; x_wconf 82' lang='lat' dir='ltr'><strong>Aegy</strong></span> <span class='ocrx_word' id='word_1_483' title='bbox 2086 3814 2193 3891; x_wconf 83' lang='lat' dir='ltr'><strong>tia,</strong></span> <span class='ocrx_word' id='word_1_484' title='bbox 2231 3818 2292 3863; x_wconf 87' lang='lat' dir='ltr'><strong>ut</strong></span> <span class='ocrx_word' id='word_1_485' title='bbox 2329 3814 2642 3892; x_wconf 65' lang='lat' dir='ltr'><strong>sequentia.</strong></span> 
     </span>
     <span class='ocr_line' id='line_1_88' title="bbox 1552 3876 2647 3950; baseline -0.005 -15"><span class='ocrx_word' id='word_1_486' title='bbox 1552 3883 1733 3935; x_wconf 84' lang='grc' dir='ltr'><strong><em>ταῦτα</em></strong></span> <span class='ocrx_word' id='word_1_487' title='bbox 1776 3877 1836 3933; x_wconf 78' lang='grc' dir='ltr'><strong>ἐν</strong></span> <span class='ocrx_word' id='word_1_488' title='bbox 1878 3881 2035 3948; x_wconf 84' lang='grc' dir='ltr'><strong>τῇΑ</strong></span> <span class='ocrx_word' id='word_1_489' title='bbox 2063 3897 2256 3950; x_wconf 78' lang='grc' dir='ltr'><strong><em>γυπτῳ</em></strong></span> <span class='ocrx_word' id='word_1_490' title='bbox 2303 3876 2647 3947; x_wconf 83' lang='grc' dir='ltr'><strong><em>σπειρόμενα</em></strong></span> 
     </span>
     <span class='ocr_line' id='line_1_89' title="bbox 1558 3951 2645 4018; baseline -0.002 -13"><span class='ocrx_word' id='word_1_491' title='bbox 1558 3954 1696 4005; x_wconf 82' lang='lat' dir='ltr'><strong>satis</strong></span> <span class='ocrx_word' id='word_1_492' title='bbox 1716 3953 1970 4018; x_wconf 83' lang='lat' dir='ltr'><strong>produnt.</strong></span> <span class='ocrx_word' id='word_1_493' title='bbox 2011 3951 2487 4017; x_wconf 65' lang='grc' dir='ltr'><strong><em>ΕῐρὴΙοςιιοιοιιιι·</em></strong></span> <span class='ocrx_word' id='word_1_494' title='bbox 2511 3967 2645 4003; x_wconf 86' lang='lat' dir='ltr'><strong>sane</strong></span> 
     </span>
     <span class='ocr_line' id='line_1_90' title="bbox 1561 4021 2648 4087; baseline 0 -14"><span class='ocrx_word' id='word_1_495' title='bbox 1561 4022 1708 4073; x_wconf 78' lang='lat' dir='ltr'><strong>sibi·</strong></span> <span class='ocrx_word' id='word_1_496' title='bbox 1692 4038 1810 4087; x_wconf 75' lang='lat' dir='ltr'><strong>ipse</strong></span> <span class='ocrx_word' id='word_1_497' title='bbox 1831 4021 2170 4082; x_wconf 84' lang='lat' dir='ltr'><strong>Herodotus,</strong></span> <span class='ocrx_word' id='word_1_498' title='bbox 2212 4036 2350 4083; x_wconf 85' lang='lat' dir='ltr'><strong>oum,</strong></span> <span class='ocrx_word' id='word_1_499' title='bbox 2383 4035 2523 4085; x_wconf 83' lang='lat' dir='ltr'><strong>quae</strong></span> <span class='ocrx_word' id='word_1_500' title='bbox 2544 4022 2648 4073; x_wconf 82' lang='lat' dir='ltr'><strong>Ae-</strong></span> 
     </span>
     <span class='ocr_line' id='line_1_91' title="bbox 1561 4083 2646 4158; baseline 0 -17"><span class='ocrx_word' id='word_1_501' title='bbox 1561 4092 1764 4158; x_wconf 81' lang='lat' dir='ltr'><strong>gyptii,</strong></span> <span class='ocrx_word' id='word_1_502' title='bbox 1823 4091 1917 4156; x_wconf 88' lang='lat' dir='ltr'><strong>qui</strong></span> <span class='ocrx_word' id='word_1_503' title='bbox 1952 4085 2085 4153; x_wconf 78' lang='grc' dir='ltr'><strong><em>περὶ</em></strong></span> <span class='ocrx_word' id='word_1_504' title='bbox 2117 4083 2186 4140; x_wconf 81' lang='grc' dir='ltr'><strong>τὰ</strong></span> <span class='ocrx_word' id='word_1_505' title='bbox 2216 4085 2340 4139; x_wconf 73' lang='grc' dir='ltr'><strong><em>ἕλεα</em></strong></span> <span class='ocrx_word' id='word_1_506' title='bbox 2373 4089 2646 4155; x_wconf 82' lang='lat' dir='ltr'><strong>habitant,</strong></span> 
     </span>
     <span class='ocr_line' id='line_1_92' title="bbox 1561 4159 2648 4225; baseline 0 -15"><span class='ocrx_word' id='word_1_507' title='bbox 1561 4162 1716 4210; x_wconf 84' lang='lat' dir='ltr'><strong>iuxta</strong></span> <span class='ocrx_word' id='word_1_508' title='bbox 1750 4159 2037 4211; x_wconf 79' lang='lat' dir='ltr'><strong>fluviorum</strong></span> <span class='ocrx_word' id='word_1_509' title='bbox 2064 4159 2212 4223; x_wconf 87' lang='lat' dir='ltr'><strong>ripas</strong></span> <span class='ocrx_word' id='word_1_510' title='bbox 2249 4162 2304 4209; x_wconf 86' lang='lat' dir='ltr'><strong>et</strong></span> <span class='ocrx_word' id='word_1_511' title='bbox 2338 4160 2537 4225; x_wconf 77' lang='lat' dir='ltr'><strong>stagna</strong></span> <span class='ocrx_word' id='word_1_512' title='bbox 2565 4176 2648 4210; x_wconf 85' lang='lat' dir='ltr'><strong>se·</strong></span> 
     </span>
     <span class='ocr_line' id='line_1_93' title="bbox 1561 4220 2646 4291; baseline -0.002 -11"><span class='ocrx_word' id='word_1_513' title='bbox 1561 4235 1773 4291; x_wconf 76' lang='lat' dir='ltr'><strong>retent,</strong></span> <span class='ocrx_word' id='word_1_514' title='bbox 1831 4243 1896 4278; x_wconf 86' lang='lat' dir='ltr'><strong>ea</strong></span> <span class='ocrx_word' id='word_1_515' title='bbox 1946 4220 2008 4277; x_wconf 75' lang='grc' dir='ltr'><strong>ἐν</strong></span> <span class='ocrx_word' id='word_1_516' title='bbox 2059 4222 2201 4278; x_wconf 74' lang='grc' dir='ltr'><strong><em>ἕλεσι</em></strong></span> <span class='ocrx_word' id='word_1_517' title='bbox 2254 4233 2450 4291; x_wconf 87' lang='lat' dir='ltr'><strong>sponte</strong></span> <span class='ocrx_word' id='word_1_518' title='bbox 2493 4231 2646 4280; x_wconf 83' lang='lat' dir='ltr'><strong>nasci</strong></span> 
     </span>
     <span class='ocr_line' id='line_1_94' title="bbox 1564 4267 2648 4362; baseline -0.001 -14"><span class='ocrx_word' id='word_1_519' title='bbox 1564 4267 1787 4350; x_wconf 60' lang='lat' dir='ltr'><strong>diceret’.</strong></span> <span class='ocrx_word' id='word_1_520' title='bbox 1881 4297 2127 4362; x_wconf 83' lang='lat' dir='ltr'><strong>Respicit</strong></span> <span class='ocrx_word' id='word_1_521' title='bbox 2162 4298 2303 4348; x_wconf 85' lang='lat' dir='ltr'><strong>enim</strong></span> <span class='ocrx_word' id='word_1_522' title='bbox 2344 4297 2523 4361; x_wconf 81' lang='lat' dir='ltr'><strong>ipsam</strong></span> <span class='ocrx_word' id='word_1_523' title='bbox 2568 4299 2648 4347; x_wconf 83' lang='lat' dir='ltr'><strong>in-</strong></span> 
     </span>
     <span class='ocr_line' id='line_1_95' title="bbox 1564 4366 2646 4435; baseline -0.002 -16"><span class='ocrx_word' id='word_1_524' title='bbox 1564 4368 1813 4420; x_wconf 83' lang='lat' dir='ltr'><strong>feriorem</strong></span> <span class='ocrx_word' id='word_1_525' title='bbox 1836 4366 2170 4435; x_wconf 74' lang='lat' dir='ltr'><strong>Aegyptum,</strong></span> <span class='ocrx_word' id='word_1_526' title='bbox 2216 4370 2273 4416; x_wconf 86' lang='lat' dir='ltr'><strong>et</strong></span> <span class='ocrx_word' id='word_1_527' title='bbox 2298 4380 2392 4416; x_wconf 87' lang='lat' dir='ltr'><strong>eas</strong></span> <span class='ocrx_word' id='word_1_528' title='bbox 2429 4367 2646 4434; x_wconf 86' lang='lat' dir='ltr'><strong>quidem</strong></span> 
     </span>
    </p>
   </div>
  </div>
 </body>
</html>
