3109 5092
538 309 662 374 762

1408 314 1947 377 HERODOTI
2020 347 2031 358 .

539 488 790 557 πλέονα
813 489 1078 574 λέγεται
1113 486 1313 575 εἶναι,
1338 488 1661 582 Διονύσῳ
1686 486 1756 558 δ’
1793 488 2102 578 ἐλάχιστα
2127 489 2419 561 τούτων·
2458 495 2573 561 καὶ
2600 494 2843 589 τούτῳ

539 599 1041 679 πεντακισχίλια
1089 594 1201 661 καὶ
1241 592 1450 682 μύρια
1493 599 1866 680 λογίζονται
1897 593 2071 664 εἶναι
2101 597 2167 675 ἐς
2184 594 2475 684 ’Ἄμασιν
2512 602 2837 686 βασιλέα.

539 698 652 765 καὶ
694 700 903 764 ταῦτα
931 696 1298 783 Αἰγύπτιοι
1338 693 1669 786 ἀτρεκέως
1714 700 1882 785 φασὶ
1923 701 2362 785 ἐπίστασθαι,
2408 707 2549 771 αἰεί
2581 725 2657 771 τε
2700 711 2833 772 λο-

540 798 876 888 γιζόμενοι
904 802 1020 869 καὶ
1058 802 1192 870 αἰεὶ
1230 798 1782 890 ἀπογραφόμενοι
1810 800 1891 871 τὰ
1926 808 2097 874 ἔτεα.
2155 800 2478 897 Διονύσῳ
2508 806 2636 893 μέν
2663 834 2837 892 νυν,

536 908 632 997 τῷ
658 906 731 973 ἐκ
762 905 1065 993 Σεμέλης
1092 910 1209 993 τῆς
1231 903 1519 994 Κάδμου
1555 908 1893 999 λεγομένῳ
1922 909 2276 993 γενέσθαι,
2308 905 2478 976 κατὰ
2509 908 2837 990 ἑξακόσια

537 1012 688 1077 ἔτεα
716 1009 827 1076 καὶ
854 1012 1035 1094 χίλια
1062 1007 1350 1097 μάλιστά
1374 1011 1512 1078 ἐστι
1542 1011 1609 1090 ἐς
1637 1008 1750 1098 ἐμὲ
1766 1061 1793 1095 ,
1822 1004 2141 1101 Ἡρακλέι·
2181 1011 2257 1081 δὲ
2290 1016 2386 1104 τῷ
2405 1008 2793 1102 Ἀλκμήνης
2816 1030 2916 1084 175

535 1215 700 1262 nente
746 1210 1017 1261 Bredovio
1065 1226 1190 1277 pag.
1241 1211 1345 1262 258
1387 1215 1443 1262 et
1489 1211 1622 1262 Din-

538 1280 708 1332 dorfio
743 1296 868 1346 pag.
902 1281 1022 1332 XV.

605 1376 750 1431 κατὰ
798 1372 1137 1444 ἑξακόσια
1182 1377 1307 1432 ἔτεα
1341 1379 1437 1433 καὶ
1469 1382 1622 1449 χίλια

534 1443 775 1516 μάλιστά
807 1442 920 1500 ἐστι
959 1442 1014 1509 ἐς
1052 1442 1166 1518 ἐμέ]
1203 1445 1347 1501 κατὰ
1391 1399 1501 1503 hicz
1525 1469 1621 1504 va-

534 1522 613 1572 let
652 1523 841 1586 ferme,
887 1525 1134 1581 cert-item
1191 1522 1302 1572 vid.
1355 1527 1494 1573 nott.
1547 1523 1618 1574 ad

534 1592 663 1654 vn,
705 1591 1128 1643 173.1nhisce
1154 1593 1392 1642 numeris
1425 1593 1619 1643 vitium

533 1662 706 1712 latere
730 1661 1126 1728 Wesselingius
1162 1662 1365 1728 aliique
1401 1666 1619 1714 conten-

536 1732 688 1782 dunt.
773 1731 907 1781 Cum
955 1732 1097 1782 enim
1152 1732 1221 1782 ab
1268 1732 1505 1782 Hercule
1545 1733 1615 1784 ad

532 1800 870 1852 Herodotum
905 1803 1034 1851 anni
1052 1801 1315 1868 nongenti
1337 1801 1449 1854 fere
1473 1802 1622 1852 abie-

534 1873 663 1934 rint,
700 1871 965 1921 Hercules
985 1877 1167 1922 autem
1189 1887 1222 1921 a
1245 1871 1463 1922 Baccho
1487 1887 1620 1922 non—

534 1941 642 1991 nisi
670 1941 907 2006 quinque
940 1941 1385 2006 generationibus
1418 1941 1620 1992 disiun-

535 2015 655 2061 ctus
688 2011 761 2061 sit
793 2011 1004 2075 (prouti
1026 2027 1092 2061 ex
1110 2010 1460 2094 Apollodoro,
1492 2012 1621 2061 Dio-

536 2079 694 2140 doro,
733 2079 951 2130 aliunde
975 2081 1254 2146 cognitum
1278 2081 1391 2146 sit),
1429 2081 1485 2129 in
1505 2081 1619 2131 He·

533 2150 713 2200 rodoti
749 2153 903 2199 textu
937 2149 1303 2215 retingendum
1342 2163 1490 2200 esse:
1521 2165 1620 2198 κα-

533 2210 602 2267 τὰ
636 2210 915 2281 ἑξήκοντα
949 2212 1073 2266 ἔτεα
1119 2214 1214 2267 καὶ
1263 2217 1431 2283 χίλια,
1482 2220 1519 2269 i.
1568 2236 1617 2270 e.

533 2303 692 2338 annos
710 2288 873 2350 ferme
889 2289 1017 2337 mille
1034 2296 1084 2338 et
1100 2291 1398 2353 seaeayinta:
1421 2290 1619 2353 quippe

534 2372 639 2423 quo
671 2370 930 2407 annorum
961 2365 1193 2407 numero·
1209 2362 1401 2408 exacte
1422 2358 1619 2408 redda-

532 2431 622 2476 tur
659 2431 1056 2491 nongentorum
1088 2442 1355 2477 annorum
1381 2428 1618 2491 spatium

530 2496 733 2547 additis
756 2496 992 2563 quinque
1005 2497 1465 2563 generationibus,
1480 2513 1622 2563 quae

533 2566 828 2617 secundum
866 2582 956 2628 ea,
996 2583 1136 2633 quae
1155 2567 1234 2630 11,
1273 2568 1372 2618 142
1400 2566 1619 2618 tradan-

531 2642 648 2700 tur,
684 2641 901 2688 centum
938 2638 1053 2688 fere
1087 2643 1142 2689 et
1171 2639 1461 2704 sexaginta
1493 2653 1619 2688 con-

534 2712 801 2759 summent
855 2723 1049 2759 annos.
1145 2707 1374 2758 Videtur
1426 2708 1618 2773 utique

495 2785 498 2788 '
530 2777 828 2842 probabilis
865 2777 1067 2828 haecce
1090 2777 1413 2840 emendatio,
1452 2777 1619 2842 aplu-

533 2847 681 2896 ribus
718 2847 911 2912 cupide
947 2852 1191 2913 arrepta;
1238 2846 1400 2899 laudo
1432 2851 1618 2897 tamen

533 2914 780 2981 equidem
842 2915 1342 2982 Schweighaeuseri
1402 2915 1617 2980 religio·

530 3000 682 3045 nem,
724 2985 818 3048 qui
865 2982 1166 3049 vulgatam,
1201 2984 1355 3035 libris
1393 2986 1613 3049 scriptis

531 3053 779 3103 omnibus
804 3053 1115 3117 probatam,
1154 3054 1417 3104 intactam
1454 3054 1616 3104 relin-

528 3137 694 3188 quere
737 3120 955 3184 maluit,
1002 3138 1162 3187 quam
1203 3123 1258 3171 in
1307 3123 1615 3174 istiusmodi

526 3191 764 3242 numeris
799 3190 1091 3257 quidquam
1121 3198 1352 3243 mutare.
1425 3193 1617 3259 Neque

528 3276 662 3313 sane
703 3261 821 3327 ipse
866 3261 1068 3313 Noster
1114 3263 1174 3312 in
1227 3261 1311 3312 his
1358 3264 1616 3326 numeris,

528 3332 723 3399 quibus
749 3331 996 3383 consulto
1018 3331 1154 3383 illud
1178 3322 1321 3381 κατὰ
1340 3331 1619 3384 addidisse

527 3403 770 3466 videtur,
810 3401 955 3467 quod
991 3401 1154 3467 paulo
1184 3405 1313 3452 ante
1348 3402 1404 3451 in
1439 3402 1618 3469 Aegy-

527 3473 764 3539 ptiorum
809 3472 965 3522 annis
1015 3471 1322 3539 quindecim
1372 3471 1612 3522 millibus

527 3543 733 3603 omisit,
781 3542 887 3592 sibi
920 3557 1140 3608 prorsus
1174 3542 1490 3593 constitisse
1535 3542 1616 3592 vi-

526 3614 705 3664 detur.
780 3612 889 3674 Qui
942 3613 1088 3663 enim
1148 3611 1204 3661 h.
1259 3612 1296 3663 l.
1356 3610 1616 3677 (quocum

527 3683 672 3733 conf.
712 3683 876 3732 etiam
902 3682 947 3744 Ι,
989 3684 1039 3732 7.
1078 3682 1154 3745 ΙΙ,
1180 3679 1274 3745 13)
1300 3679 1611 3742 Herculem,

523 3751 811 3803 Alcmenes
828 3751 1012 3814 filium,
1037 3755 1294 3817 rzonyentis
1305 3751 1472 3801 ferme
1485 3754 1615 3801 ante

526 3837 587 3871 se
618 3822 775 3871 annis
799 3822 1000 3872 vixisse
1026 3822 1235 3884 scribit,
1271 3821 1338 3884 is,
1374 3819 1514 3871 alios
1534 3819 1612 3869 lo-

526 3905 620 3940 cos
654 3890 781 3951 VII,
819 3891 922 3942 204
951 3894 1006 3941 et
1031 3891 1187 3954 VIII,
1231 3890 1322 3943 131
1360 3891 1408 3940 si
1432 3889 1610 3954 sequi-

525 3973 668 4021 mur,
718 3962 1055 4023 septinqeneos
1111 3961 1291 4025 potius
1349 3959 1610 4010 sumsisse

524 4027 698 4077 videri
744 4027 955 4091 potest,
1013 4028 1123 4079 nisi
1167 4029 1272 4079 hoc
1318 4046 1438 4080 cum
1484 4029 1612 4079 Nie-

522 4096 715 4148 buhrio
754 4096 846 4156 (de
881 4112 986 4162 quo
1020 4096 1167 4162 mox)
1201 4097 1369 4148 alium
1403 4100 1461 4149 in
1499 4115 1610 4151 mo-

523 4167 650 4218 dum
677 4164 948 4229 explicare
980 4166 1229 4217 velimus.
1301 4168 1463 4218 Hunc
1479 4184 1610 4219 vero

520 4237 697 4288 locum
748 4235 798 4284 si
846 4249 1136 4300 sequamur
1180 4235 1458 4302 ipsiusque
1503 4238 1609 4289 He-

519 4305 698 4357 rodoti
727 4309 967 4355 aetatem
993 4304 1341 4356 tricenariam
1360 4306 1474 4356 fere
1494 4309 1611 4356 tum

519 4376 690 4430 fuisse
739 4373 910 4448 (circa
954 4374 1060 4426 454
1105 4389 1159 4427 a.
1196 4373 1321 4425 Chr.
1371 4373 1450 4442 n.)
1499 4380 1610 4426 sta·

1723 1216 1968 1276 tuamus,
2015 1214 2248 1279 Dionysi
2289 1217 2446 1265 aetas
2492 1214 2695 1264 redibit
2750 1214 2833 1265 ad

1723 1298 1925 1333 annum
1972 1283 2128 1346 2054,
2178 1282 2432 1334 Herculis
2485 1284 2557 1334 ad
2612 1300 2833 1335 annum

1726 1351 1881 1414 1354,
1918 1354 2086 1402 Panis
2132 1352 2202 1404 ad
2245 1368 2377 1404 ann.
2417 1354 2552 1405 1254
2591 1369 2644 1404 a.
2684 1354 2826 1406 Chr.

1722 1438 1799 1485 n.,
1849 1422 2122 1488 Troiaque
2181 1427 2347 1488 capta
2397 1422 2650 1487 ponenda
2710 1425 2830 1474 erit

1720 1492 1869 1542 circa
1907 1508 2034 1544 ann.
2088 1492 2221 1544 1263
2259 1507 2312 1543 a.
2351 1492 2477 1542 Chr.
2526 1509 2579 1543 ιι.
2652 1492 2824 1545 Conf.

1720 1560 1968 1611 Fischer·
2003 1562 2222 1614 Griech.
2256 1563 2481 1612 Zeittaf.
2520 1578 2648 1626 pag.
2677 1563 2733 1613 8.
2765 1563 2822 1625 9,

1723 1632 1817 1696 qui
1849 1631 1905 1680 in
1938 1632 2172 1713 Dionysi
2209 1636 2392 1681 aetate
2426 1632 2824 1682 constituenda

1720 1699 2012 1752 lectionem
2031 1694 2309 1766 ἑξήκοντα
2324 1717 2422 1766 pro
2442 1691 2715 1762 ἑξακόσια
2731 1717 2820 1752 se·

1722 1775 1880 1820 cutus
1947 1771 2160 1822 invenit
2226 1786 2467 1822 annum
2490 1771 2624 1822 1514
2677 1777 2821 1823 ante

1723 1838 1849 1890 Chr.
1900 1855 1957 1892 ιι.
2034 1842 2080 1891 Ε
2130 1840 2387 1891 Larcheri
2434 1840 2661 1890 calculis
2716 1842 2818 1902 (T.

1718 1908 1848 1960 VII.
1890 1925 2016 1973 pag.
2057 1910 2185 1975 345)
2220 1909 2483 1960 Hercules
2521 1914 2685 1959 natus
2727 1916 2820 1960 est

1719 1994 1864 2028 anno
1916 1977 2050 2029 1384
2086 1995 2138 2030 a.
2189 1979 2315 2029 Chr.
2364 1995 2439 2043 n.,
2486 1980 2603 2029 Pan
2649 1977 2814 2042 (ibid.

1721 2064 1848 2113 pag.
1886 2047 2009 2112 359)
2048 2064 2192 2100 anno
2236 2048 2385 2111 1260,
2425 2016 2599 2098 'Troia
2638 2054 2814 2113 capta

1721 2133 1864 2168 anno
1918 2118 2053 2169 1270
2109 2134 2159 2170 a.
2206 2117 2331 2169 Chr.
2379 2134 2432 2168 ιι.
2520 2119 2818 2168 Tractavit

1720 2188 1855 2237 haec
1922 2203 2137 2252 quoque
2194 2190 2403 2239 Brunet
2466 2186 2532 2238 de
2587 2187 2812 2238 Presle:

1719 2259 1963 2308 Examen
2031 2258 2210 2324 critiq.
2278 2257 2332 2308 d.
2395 2257 2616 2321 dynast.
2681 2258 2815 2308 d'E-

1718 2330 1873 2393 gypt.
1919 2342 2046 2393 pag.
2092 2328 2160 2379 78
2201 2343 2350 2393 seqq.
2398 2325 2524 2377 coll.
2571 2341 2697 2392 pag.
2740 2326 2813 2378 63

1717 2412 1832 2462 seq.

1779 2489 2046 2559 Ἡρακλέι·
2062 2491 2126 2547 δὲ
2149 2495 2228 2561 τῷ
2241 2487 2562 2562 Ἀλκμήνης,
2576 2490 2722 2546 κατὰ
2734 2494 2811 2548 εἰ-

1719 2562 1961 2617 νακόσια
1974 2562 2117 2633 ἔτεα]
2132 2567 2190 2618 Si
2203 2567 2594 2631 Spartanorum
2614 2582 2811 2633 regum

1716 2637 2131 2689 Heraclidamm
2166 2638 2545 2700 generationes
2582 2652 2809 2702 compu-

1718 2712 1830 2770 tes,
1875 2712 2033 2758 erunt
2078 2709 2253 2771 υιζρίηει·
2280 2714 2331 2756 et
2375 2723 2501 2764 una,-
2559 2721 2702 2772 quae
2741 2723 2809 2757 ex

1716 2777 1890 2842 ipsius
1919 2775 2186 2826 Herodoti
2206 2777 2609 2840 computatione
2639 2776 2810 2827 effici-

1718 2851 1818 2896 unt
1835 2861 2005 2897 annos
2029 2848 2380 2910 septinyentos,
2409 2862 2509 2897 nec
2534 2861 2665 2896 vero
2684 2862 2809 2897 non·

1713 2924 1920 2982 gentos,
1956 2920 2019 2965 ut
2052 2916 2107 2967 h.
2136 2915 2174 2966 l.
2210 2914 2465 2968 affirmat.
2539 2915 2649 2967 Sed
2678 2916 2808 2967 Nie-

1718 2986 1909 3036 buhrio
1953 2989 2178 3035 auctore
2220 2983 2423 3049 (Ueber
2460 2986 2547 3036 die
2581 2986 2803 3036 Armen.

1719 3055 1959 3105 Chronik
2019 3055 2072 3105 d.
2119 3054 2322 3105 Euseb.
2381 3071 2509 3122 pag.
2566 3054 2635 3105 48
2685 3056 2806 3106 sive

1715 3124 1910 3175 Kleine
1944 3124 2137 3175 histor.
2176 3123 2451 3175 Schriften
2486 3125 2532 3174 Ι.
2579 3140 2634 3189 p.
2674 3124 2802 3189 196)

1716 3194 2030 3245 Herodotus
2077 3209 2189 3243 non
2246 3193 2418 3244 solum
2471 3194 2807 3245 Graecorum

1716 3264 1940 3314 heroum
1977 3264 2174 3329 stirpes
2209 3264 2461 3329 respicit,
2500 3263 2597 3314 sed
2634 3264 2805 3314 etiam

1716 3333 2063 3399 Assyriorum
2096 3348 2280 3398 reges,
2326 3334 2661 3399 primamque
2695 3334 2807 3398 Ly-

1720 3403 1907 3454 dorum
1957 3418 2142 3468 regum
2192 3402 2500 3467 dynastiam
2537 3403 2714 3469 (conf.
2755 3403 2804 3464 Ι,

1717 3472 1792 3538 7),
1828 3478 1885 3523 et
1922 3473 2097 3537 ipsam
2130 3473 2387 3523 Herculei
2415 3474 2650 3539 generis.
2710 3473 2807 3522 At-

1717 3542 1810 3609 qui
1841 3541 2169 3593 Heraclidae
2204 3558 2324 3593 cum
2346 3557 2441 3608 per
2474 3543 2806 3607 quingentos

1716 3628 1888 3662 annos
1915 3612 2123 3677 Lydiae
2153 3612 2496 3677 imperat-int,
2534 3612 2807 3662 Mermna·

1715 3680 1818 3731 dae
1850 3681 2131 3733 subsecuti
2176 3697 2402 3747 regnum
2446 3685 2671 3731 tenuere
2707 3695 2807 3745 per

1713 3755 1932 3801 centum
1967 3751 2318 3817 septuaginta
2364 3765 2565 3810 annos,
2616 3764 2651 3798 a
2694 3766 2805 3815 quo

1714 3825 1956 3885 tempore
1993 3836 2167 3887 usque
2214 3820 2285 3870 ad
2337 3818 2605 3871 Herodoti
2651 3825 2805 3869 aeta-

1712 3893 1821 3939 tem
1857 3894 1985 3939 sunt
2020 3894 2235 3941 centum
2274 3888 2683 3953 duodetriginta
2708 3904 2805 3939 an-

1711 3959 1804 4008 ni:
1875 3959 2069 4024 quibus
2137 3960 2386 4010 omnibus
2453 3959 2807 4023 computatis,

1710 4027 1978 4093 simulque
2024 4028 2227 4078 additis
2274 4028 2448 4079 tribus
2499 4027 2808 4094 generatio-

1709 4097 1869 4147 nibus
1938 4098 2055 4148 sive
2128 4101 2347 4148 centum
2422 4097 2579 4147 annis
2656 4098 2805 4148 intra

1709 4166 1997 4218 Herculem
2057 4167 2233 4231 ipsum
2289 4173 2453 4232 atque
2508 4166 2805 4231 Agronem,

1711 4237 1925 4288 exsistit
2001 4236 2189 4302 utique
2264 4251 2473 4287 summa
2539 4249 2805 4286 annorum

1709 4310 2103 4372 nongentorum
2192 4306 2353 4356 trium
2428 4305 2806 4356 Herodoteae·

1711 4391 1816 4442 que
1846 4375 2266 4444 computationis
2303 4379 2457 4426 certa
2482 4379 2597 4427 stat
2633 4376 2803 4428 ratio.

3060 1144 3063 1198 1
