3109 5092
468 377 587 438 146

1333 370 1874 432 HERODOTI

625 535 952 624 Ἀρκαδίην
989 532 1052 619 μ’
1095 539 1310 615 αἰτεῖς;
1354 536 1503 619 μέγα
1540 531 1606 618 μ’
1654 538 1863 612 αἰτεῖς·
1907 527 1982 596 οὔ
2019 556 2112 595 τοι
2157 528 2346 597 δώσω.

633 642 844 705 πολλοὶ
888 640 953 703 ἐν
990 634 1277 726 Ἀρκαδίῃ
1315 635 1740 721 βαλανηφάγοι
1782 632 1998 721 ἄνδρες
2041 636 2240 713 ἔασιν,

635 746 706 806 οἴ
738 738 796 807 σ’
843 736 1361 806 ἀποκωλύσουσιν.
1407 733 1524 824 ἐγὼ
1568 741 1634 804 δέ
1671 764 1763 803 τοι
1806 734 1882 802 οὔ
1918 763 1976 800 τι
2015 741 2306 821 μεγαίρω·

635 842 807 909 δώσω
847 868 942 907 τοι
976 844 1198 926 Τεγέην
1239 846 1634 927 ποσσίκροτον
1676 836 2087 927 ὀρχήσασθαι,

634 948 737 1010 καὶ
773 939 961 1010 καλὸν
1006 947 1214 1009 πεδίον
1252 949 1471 1030 σχοίνῳ
1509 941 2038 1027 διαμετρήσασθαι.

476 1096 699 1159 Ταῦτα
728 1084 817 1170 ὥς
843 1086 1334 1177 ἀπενειχθέντα
1375 1083 1680 1174 ἤκουσαν
1709 1092 1778 1157 οἱ
1802 1084 2357 1173 Λακεδαιμόνιοι,
2400 1080 2748 1172 Ἀρκάδων

466 1193 593 1282 μὲν
631 1199 770 1262 τῶν
808 1190 1036 1262 ἄλλων
1071 1188 1457 1280 ἀπείχοντο·
1515 1194 1587 1259 οἱ
1623 1189 1734 1274 δὲ,
1783 1194 1990 1270 πέδας
2031 1187 2430 1278 φερόμενοι,
2474 1187 2584 1255 ἐπὶ
2625 1192 2745 1255 Τε-

468 1295 707 1386 γεήτας
748 1292 1258 1386 ἐστρατεύοντο,
1300 1297 1574 1386 χρησμῷ
1615 1293 1914 1385 κιβδήλῳ
1957 1302 2265 1379 πίσυνοι,
2314 1286 2403 1371 ὥς
2443 1288 2528 1380 δὴ
2558 1291 2746 1371 ἐξαν-

470 1397 1038 1488 δραποδιούμενοι
1081 1396 1236 1478 τούς
1287 1394 1634 1484 Τεγεήτας.
1692 1397 2104 1476 ἑσσωθέντες
2167 1395 2243 1464 δὲ
2283 1400 2366 1486 τῇ
2422 1397 2751 1481 συμβολῇ,

469 1498 616 1570 ὅσοι
642 1498 871 1572 αὐτῶν
898 1500 1381 1591 ἐζωγρήθησαν
1397 1551 1416 1587 ,
1459 1501 1668 1578 πέδας
1693 1526 1766 1567 τε
1796 1504 2091 1587 ἔχοντες,
2133 1496 2251 1578 τὰς
2277 1501 2601 1587 ἐφέροντο
2627 1493 2751 1564 αὐ-

540 1714 741 1767 πολλοὶ
776 1707 838 1764 ἐν
865 1709 1128 1782 Ἀρκαδίῃ
1165 1708 1567 1782 βαλανηφάγοι

469 1776 699 1852 ἄνδρες]
724 1778 1123 1853 βαλανηφάγοι
1142 1790 1289 1846 sunt,
1312 1786 1400 1849 qui
1417 1784 1566 1847 alan·

472 1857 619 1907 dibus
664 1863 948 1907 vescamur.
1022 1857 1164 1909 Nam
1213 1862 1342 1904 ante
1380 1853 1568 1902 inven-

472 1931 585 1977 tam
630 1925 842 1991 frugem
888 1926 1069 1991 prisco
1123 1940 1259 1975 aevo
1318 1922 1565 1973 homines

472 1994 764 2061 glandibus
796 1997 955 2060 panis
991 1995 1112 2046 loco
1144 1996 1317 2045 vitam
1355 1997 1568 2043 susten·

471 2070 622 2115 tasse
651 2065 878 2129 antiqua
907 2065 1015 2115 fert
1049 2066 1222 2125 fama3
1261 2063 1402 2113 unde
1436 2078 1567 2128 quo-

473 2149 579 2199 que
611 2135 736 2198 ipsa
769 2149 1030 2198 quercus,
1068 2149 1210 2200 quae
1232 2133 1440 2184 victum
1476 2147 1570 2182 ne·

474 2203 772 2273 cessarium
808 2203 1148 2268 suppeditat,
1186 2204 1244 2252 in
1280 2204 1452 2253 sacris
1486 2217 1571 2251 ar-

474 2271 697 2323 boribus
747 2276 831 2321 est
878 2272 1097 2336 habita,
1159 2273 1359 2339 quippe
1403 2272 1569 2322 altrix

474 2357 541 2391 ac
586 2339 770 2390 nutrix
816 2343 975 2406 quasi
1013 2343 1290 2393 hominum
1334 2341 1569 2391 infirmo-

475 2426 593 2460 rum
620 2409 969 2476 radiumque,
1024 2413 1197 2463 omnis
1235 2410 1448 2476 generis
1488 2411 1569 2460 in-

476 2481 603 2546 opia
641 2479 1025 2555 laborantium.
1077 2483 1223 2532 Hinc
1242 2480 1568 2532 vocabulum

475 2548 873 2617 βαλανηφαγοι
926 2552 997 2602 ad
1041 2553 1324 2618 antiquum
1372 2566 1568 2601 aevum

475 2620 637 2670 debet
701 2619 890 2671 referri
951 2622 1268 2688 priscosque
1324 2620 1568 2671 homines

474 2690 663 2753 rudes,
706 2691 799 2756 qui
833 2691 994 2757 primi
1030 2694 1267 2743 omnium
1304 2691 1569 2742 Graeciae

474 2760 767 2810 Arcadiam
791 2764 1069 2812 tenuerint
1103 2763 1286 2828 ibique
1321 2777 1571 2826 perman-

476 2829 667 2880 serint.
753 2831 848 2880 Gr.
899 2833 1114 2881 confert
1157 2832 1462 2896 Boettiger.
1509 2831 1567 2880 in

477 2897 624 2947 foliis
658 2897 794 2961 illis,
852 2901 1047 2965 quibus
1090 2902 1241 2951 Iovis
1295 2900 1569 2965 Mytholo-

474 2967 621 3030 giam
657 2974 976 3032 persecutus
1014 2975 1123 3031 est,
1163 2986 1291 3034 pag.
1329 2972 1397 3020 62
1432 2970 1565 3035 ibiq.

475 3033 757 3084 laudatum
795 3037 1018 3088 Gesner.
1066 3038 1135 3087 ad
1172 3039 1457 3088 Claudian.
1511 3055 1564 3103 p.

476 3104 598 3153 578.
672 3105 758 3154 Tu
808 3105 934 3156 add.
972 3107 1253 3158 Plutarch.
1302 3109 1418 3159 Vit.
1467 3110 1570 3159 Co·

474 3173 671 3294 {ig‘ssm'
711 3190 831 3240 cap.
858 3175 910 3226 3.
950 3176 1132 3227 Nonni
1156 3177 1389 3243 Dionys.
1409 3179 1566 3242 XIII,

546 3309 931 3377 ποσσίκροτον
985 3304 1370 3380 ὀρχήσασθαι]
1423 3317 1567 3378 „Ra-

474 3382 589 3433 rius
611 3381 941 3433 vocabulum
961 3383 1345 3449 ποσσίκροτον
1359 3385 1568 3435 Cureti-

474 3453 578 3503 bus
602 3452 860 3503 tribuitur
878 3454 935 3502 in
949 3453 1168 3518 Orphic.
1186 3454 1369 3520 hymn.
1384 3455 1568 3505 XXXI

477 3522 589 3589 (30)
617 3539 700 3574 vs.
728 3525 822 3574 2.“
861 3524 958 3577 Cr.
1032 3523 1097 3573 In
1134 3540 1278 3574 vers.
1316 3539 1431 3589 seq.
1467 3540 1568 3573 κα-

474 3584 579 3640 λὸν
612 3591 822 3642 πεδίον
846 3593 916 3643 ad
939 3593 1058 3657 agri
1084 3594 1425 3645 fertilitatem
1446 3590 1567 3659 spe'-

476 3665 629 3711 ctare
650 3663 909 3713 observat
925 3662 1072 3715 Guil.
1086 3664 1271 3714 Koner
1294 3666 1373 3714 in:
1411 3665 1567 3714 Com·

473 3736 665 3780 mentt.
682 3732 751 3782 de
769 3733 919 3783 rebb.
936 3734 1190 3799 Tegeatt.
1213 3749 1368 3799 capp.
1383 3735 1570 3799 priora

475 3798 738 3862 (Berolin.
763 3802 921 3867 1843)
946 3818 1000 3867 p.
1024 3803 1126 3865 12„
1165 3803 1260 3853 ubi
1283 3810 1569 3869 poetarum

474 3865 776 3918 afferuntur
838 3871 973 3932 loci,
1033 3872 1090 3920 in
1140 3873 1338 3937 quibus
1381 3874 1570 3939 Tegea

474 3935 822 4000 praedicatur
889 3930 1162 4003 εὔμηλος,
1230 3934 1564 4007 εὐρύχορος.

475 4004 714 4055 Verbum
750 4003 1267 4073 διαμετρήσασθαι,
1309 4017 1567 4063 monente

477 4071 538 4122 O.
581 4073 650 4124 O.
686 4075 934 4126 Mueller.
990 4078 1126 4128 Dor.
1163 4079 1209 4128 1.
1247 4094 1300 4142 p.
1339 4081 1457 4144 152,
1495 4081 1567 4132 ad

480 4145 685 4191 statum
730 4150 784 4194 et
828 4145 1197 4196 conditionem
1231 4147 1464 4200 Helotae
1517 4167 1562 4201 s.

475 4210 775 4275 κληρωτοῦ
795 4220 1030 4279 spectat,
1051 4217 1145 4280 qui
1170 4224 1374 4268 certam
1396 4235 1567 4284 quan-

477 4279 603 4330 dam
636 4283 757 4346 agri
798 4285 1099 4346 portionem
1145 4286 1384 4352 accipiat
1430 4291 1567 4340 assi-

476 4354 731 4415 gnatam,
769 4367 932 4417 quam
966 4354 1129 4405 colat.
1200 4356 1284 4407 De
1316 4357 1436 4424 ipso
1469 4359 1566 4411 Te-

467 4427 737 4485 geatarum
769 4436 902 4489 agro
935 4431 993 4475 et
1017 4425 1154 4476 urbe
1176 4424 1291 4477 late
1318 4434 1563 4494 patente,

1668 1715 1808 1766 adeo
1845 1721 1908 1765 ut
1945 1716 2089 1765 inter
2110 1716 2298 1766 ruinas
2328 1719 2440 1765 tres
2477 1713 2606 1777 vici,
2644 1713 2763 1778 qui·

1672 1786 1770 1832 bus
1807 1798 2004 1832 numen
2027 1786 2239 1846 Hagios
2276 1784 2484 1845 Sostis,
2521 1783 2762 1832 Ibrahim

1669 1851 1901 1914 Effendi,
1929 1850 2091 1912 Piali,
2113 1866 2257 1901 nunc
2281 1852 2638 1915 reperiantur,
2676 1867 2762 1899 ac-

1670 1926 1858 1971 curate
1914 1920 2140 1970 tradunt
2192 1921 2405 1971 Leake:
2466 1920 2654 1970 Morea
2711 1918 2758 1971 1.

1668 2007 1723 2056 p.
1749 1990 1819 2041 90
1844 2006 1996 2056 seqq.
2022 1990 2097 2040 11.
2122 2006 2175 2056 p.
2206 1990 2293 2041 48.
2333 1991 2399 2040 L.
2435 1990 2600 2040 Ross:
2640 1990 2764 2039 Rei-

1670 2076 1768 2111 sen
1808 2061 1880 2109 im
1915 2059 2216 2124 Peloponn.
2250 2061 2299 2111 1.
2340 2074 2466 2125 pag.
2503 2058 2592 2110 66.
2631 2058 2763 2108 Cur-

1669 2132 1808 2181 tius:
1837 2131 1949 2180 Der
1967 2129 2330 2195 Peloponnes.
2354 2130 2580 2195 1.p.251
2608 2143 2759 2194 seqq.

1740 2194 1800 2249 οἶ
1832 2194 1923 2263 δὲ,
1960 2194 2139 2256 πέδας
2173 2192 2485 2266 φερόμενοι
2520 2215 2573 2248 κ.
2595 2213 2643 2248 τ.
2683 2196 2757 2262 λ.]

1670 2271 1755 2321 Ad
1779 2270 2190 2335 grammaticam
2215 2270 2322 2321 loci
2345 2273 2678 2319 structuram
2707 2266 2760 2315 id

1669 2339 1987 2403 tenendum,
2043 2342 2174 2404 poni
2226 2339 2317 2390 hic
2362 2332 2422 2388 οἷ
2466 2336 2558 2401 δὲ,
2618 2336 2762 2402 quod

1671 2425 1780 2460 non
1815 2409 1980 2459 aliam
2018 2409 2087 2459 ad
2116 2423 2432 2475 personam,
2480 2413 2542 2457 ut
2576 2406 2761 2471 vulgo,

1671 2479 1745 2529 sit
1779 2477 2150 2541 referendum,
2189 2479 2287 2530 sed
2320 2478 2392 2528 ad
2424 2479 2573 2543 ipsos
2595 2477 2762 2526 Lace-

1672 2548 2007 2598 daemonios.
2078 2549 2189 2600 Ubi
2225 2549 2370 2599 enim
2401 2539 2540 2597 ἀλλὰ
2575 2561 2762 2611 exspe-

1672 2618 1862 2669 ctabas
1880 2656 1894 2680 ,
1932 2619 2154 2684 ponitur
2173 2634 2469 2685 pronomen
2490 2632 2612 2667 cum
2635 2631 2760 2681 par-

1671 2689 1843 2738 ticula
1868 2688 1948 2737 δε.
2008 2689 2165 2751 Quod
2198 2689 2452 2754 frequens
2476 2688 2759 2737 Herodoto

1673 2774 1794 2809 esse
1844 2758 2002 2808 multi
2037 2758 2332 2809 ostendunt
2372 2758 2480 2809 loci
2523 2772 2558 2806 a
2591 2758 2761 2808 Krue-

1671 2845 1801 2894 gero
1849 2829 2098 2893 congesti
2145 2829 2200 2878 in
2236 2830 2563 2879 Commeutt.
2612 2828 2759 2877 critt.

1674 2898 1742 2948 de
1778 2897 2083 2963 Thucydid.
2110 2914 2162 2962 p.
2193 2900 2294 2948 264
2323 2897 2422 2963 (ad
2460 2896 2597 2948 calc.
2626 2897 2756 2947 edit.

1671 2966 1959 3032 Dionys.),
2006 2983 2061 3019 V.
2112 2984 2159 3018 c.
2198 2968 2252 3031 Ι,
2297 2969 2412 3020 107.
2462 2966 2579 3017 123.
2639 2966 2758 3018 163.

1672 3038 1737 3098 V,
1779 3038 1896 3099 120,
1935 3037 2028 3087 ubi
2061 3036 2199 3087 alios
2224 3037 2428 3088 similes
2463 3036 2651 3088 Nostri
2685 3035 2761 3085 lo·

1673 3122 1767 3158 cos
1804 3107 2195 3171 indicavimus,
2242 3114 2297 3158 et
2332 3107 2495 3170 VIII,
2537 3108 2656 3157 115.
2689 3136 2759 3144 ——

1672 3178 1943 3242 Suscepta
1978 3178 2084 3228 fuit
2131 3177 2268 3227 haec
2310 3177 2584 3242 expeditio
2631 3191 2760 3242 rege

1671 3247 1910 3298 Charillo
1933 3263 2035 3299 nec
2054 3263 2183 3298 vero
2202 3262 2461 3313 prospero
2480 3260 2757 3298 successu.

1669 3318 1785 3368 Rex
1806 3318 1948 3368 enim
1971 3319 2089 3383 ipse
2115 3317 2271 3368 clade
2295 3322 2523 3381 accepta
2545 3321 2759 3381 captus,

1668 3386 1914 3453 plerique
1938 3390 2330 3454 Spartanorum
2365 3388 2452 3437 vel
2489 3388 2639 3452 capti
2672 3385 2762 3436 vel

1667 3455 1795 3506 fusi.
1859 3459 2230 3508 Interfuerant
2261 3457 2546 3509 certamini
2569 3456 2656 3506 vel
2683 3456 2761 3506 fe·

1667 3526 1848 3576 minae
1903 3528 2294 3592 Tegeatarum3
2355 3527 2510 3577 cuius
2563 3528 2644 3577 rei
2703 3525 2760 3575 in

1668 3596 1981 3646 memoriam
2014 3598 2210 3647 Martis
2246 3602 2434 3648 statua
2468 3598 2524 3645 in
2552 3597 2761 3661 Tegea-

1668 3669 1848 3715 tarum
1895 3665 2013 3717 foro
2048 3671 2249 3718 erecta.
2321 3667 2488 3717 Plura
2517 3667 2761 3717 Pausan.

1670 3735 1877 3786 Lacon.
1912 3736 2017 3799 111,
2055 3738 2106 3787 7.
2153 3736 2353 3788 Arcad.
2391 3735 2549 3798 VIII,
2583 3738 2635 3788 5.
2669 3735 2758 3798 48,

1670 3806 1914 3869 quocum'
1928 3804 2071 3856 conf.
2087 3806 2352 3871 Polyaen.
2380 3806 2621 3872 Strateg.
2647 3806 2693 3870 Ι,
2704 3808 2758 3857 8.

1739 3872 1974 3941 χρησμῷ
2006 3869 2344 3942 κιβδήλῳ]
2374 3872 2649 3943 κίβδηλος
2673 3890 2760 3926 eo-

1669 3942 1792 3994 dem
1838 3959 2002 3995 sensu
2037 3944 2104 3994 de
2149 3945 2369 3995 oraculo
2418 3945 2648 4009 ancipiti
2694 3961 2760 3995 ac

1669 4013 1858 4064 fallaci
1901 4014 1974 4076 V,
2011 4015 2098 4066 91.
2185 4013 2364 4079 Vulgo
2426 4030 2491 4064 ac
2543 4016 2760 4080 proprie

1667 4083 1734 4134 de
1766 4084 1943 4134 numis
1981 4084 2181 4134 dicitur
2214 4083 2562 4145 adulterinis3
2608 4085 2755 4135 conf.

1667 4153 1944 4219 Aristoph.
1981 4155 2084 4206 Av.
2117 4153 2217 4204 158
2253 4154 2384 4218 ibiq.
2424 4154 2607 4205 Schol.

1721 4212 1863 4303 ,ὅσοι
1896 4212 2087 4273 αὐτῶν
2119 4214 2544 4290 ἐζωγρήθησαν]
2577 4223 2755 4289 Vulgo

1665 4287 1911 4355 αυτέων,
1950 4294 2104 4344 cuius
2139 4293 2260 4345 loco
2296 4308 2418 4344 cum
2443 4294 2753 4345 Gaisfordio

1665 4363 2003 4428 reposuimus
2038 4354 2254 4427 αὐτῶν,
2291 4363 2565 4429 plerisque
2599 4364 2754 4413 libris

1663 4431 2149 4498 adstipulantibus.
2215 4434 2375 4485 Conf.
2430 4434 2459 4484 1
2477 4469 2491 4497 ,
2543 4432 2630 4486 26.
2684 4462 2752 4474 —-·
