3109 5092
1277 371 1439 432 CLI
1454 371 1531 434 Ο.
1577 373 1628 431 Ι.
1672 380 1794 434 192.

2540 365 2663 430 383

384 536 651 622 λέγεται
679 531 816 605 ὑπὸ
842 533 981 608 τῶν
1007 543 1217 634 ταύτῃ
1247 548 1648 634 οἰκημένων,
1677 549 1817 615 τῶν
1846 544 2002 629 περὶ
2027 541 2108 611 τὰ
2125 548 2369 629 ἔσχατα
2392 546 2511 630 τῆς
2537 539 2660 610 πό-

385 646 528 720 λιος
557 639 987 729 ἑαλωκότων,
1015 646 1171 728 τούς
1197 647 1272 719 τὸ
1308 653 1514 738 μέσον
1541 652 1884 727 οἰκέοντας
1915 652 2055 716 τῶν
2079 652 2546 734 Βαβυλωνίων
2575 640 2660 713 οὐ

383 742 768 830 μανθάνειν
814 746 1223 836 ἑαλωκότας,
1279 749 1450 823 ἀλλὰ
1491 756 1752 840 (τυχεῖν
1801 748 1930 840 γάρ
1968 773 2090 838 σφι
2133 746 2382 819 ἐοῦσαν
2426 743 2661 836 ὁρτὴν)

382 845 693 935 χορεύειν
732 873 805 915 ²5⁸
842 855 1084 925 τοῦτον
1111 854 1232 926 τὸν
1265 856 1549 946 χρόνον,
1587 857 1699 924 καὶ
1740 850 1816 925 ἓν
1855 850 2259 942 εὐπαθείῃσι
2289 850 2500 936 εἶναι,
2530 847 2597 929 ἐς
2623 844 2663 917 ὃ

384 946 469 1038 δὴ
508 951 621 1018 καὶ
648 947 723 1018 τὸ
752 949 961 1042 κάρτα
991 955 1364 1029 ἐπύθοντο·
1416 960 1529 1028 καὶ
1565 955 1899 1047 Βαβυλών
1925 957 2050 1046 μὲν
2075 954 2256 1026 οὕτω
2292 954 2439 1025 τότε
2472 957 2656 1046 πρῶ-

276 1059 293 1072 “
382 1078 501 1121 τον
529 1049 870 1143 ἀραίρητο.

542 1152 680 1245 Τὴν
718 1157 807 1225 δὲ
836 1157 1130 1251 δύναμιν
1168 1190 1307 1232 των
1348 1171 1814 1253 Βαβυλωνίων
1862 1170 2163 1234 πολλοῖσι
2212 1160 2339 1251 μὲν
2376 1160 2489 1229 καὶ
2531 1155 2649 1228 ἄλ·
2674 1161 2795 1222 192

384 1267 561 1329 λοισι
588 1259 962 1347 ὃηλωσω,”
923 1286 1044 1355 οση
1076 1274 1176 1347 τίς
1205 1264 1365 1352 ἐστι,
1397 1264 1473 1337 ἓν
1505 1268 1580 1337 δὲ
1611 1265 1695 1357 δὴ
1729 1268 1842 1338 καὶ
1867 1272 2061 1360 τωὸε.
2115 1272 2394 1335 Βασιλεῖ
2419 1267 2513 1356 τῷ
2539 1290 2655 1352 με-

383 1361 569 1457 γᾶλφ
599 1358 668 1488 ἐς
701 1362 964 1453 τροφὴν
992 1366 1203 1439 αὐτοῦ
1237 1398 1309 1440 τε
1341 1372 1453 1440 καὶ
1481 1376 1598 1460 τῆς
1623 1376 1936 1461 στρατιῆς
1965 1374 2413 1461 διαραίρηται,
2451 1365 2658 1455 πάρεξ

384 1470 507 1535 voii
534 1492 787 1555 φοοου,
816 1472 901 1555 γῆ
931 1493 1140 1561 πασα,
1182 1470 1340 1563 ὅσης
1365 1501 1578 1563 αρχει.
1637 1475 1952 1545 δυώδεκα
1989 1501 2088 1543 ων
2126 1500 2362 1562 μηνων
2405 1466 2659 1541 ἐόντων

387 1596 455 1649 89
482 1567 601 1638 τὸν
628 1566 961 1660 ἐνιαυτὸν,
989 1576 1145 1658 τούς
1178 1580 1491 1667 τέσσερας
1515 1583 1728 1668 μῆνας
1767 1581 1998 1666 τρέφει
2037 1605 2156 1666 μιν
2183 1572 2222 1664 ἡ
2251 1579 2657 1662 Βαβυλωνίη

383 1670 589 1762 2050212
615 1670 771 1754 τοὺς
799 1673 874 1742 δὲ
905 1674 1079 1749 ὀκτώ
1116 1686 1253 1750 τῶν
1279 1686 1516 1770 μηνῶν
1543 1677 1585 1771 ἡ
1614 1678 1811 1771 λοιπὴ
1853 1685 2032 1751 πᾶσα
2052 1677 2256 1766 Ἀσίη.
2304 1674 2481 1747 οὕτω
2509 1704 2654 1766 τρι-

385 1782 669 1867 τημορίη
699 1772 1078 1874 ἡἈσσυρίη
1106 1783 1288 1874 χώρη
1313 1790 1397 1873 τῇ
1435 1784 1721 1874 δυνάμει
1751 1789 1866 1874 τῆς
1905 1781 2110 1872 ἄλλης
2144 1779 2395 1867 Ἀσίης·
2432 1782 2438 1789 ’
2465 1781 2577 1847 καὶ
2615 1774 2658 1867 ἡ

385 1977 681 2042 prophetae
718 1978 898 2030 verbis
934 1980 1025 2029 vix
1072 1981 1364 2031 convenire
1398 1979 1476 2031 vi-

392 2047 568 2097 detur.
639 2047 865 2098 Festum
894 2050 1071 2114 ipsum
1101 2048 1263 2116 quale
1292 2051 1474 2113 fuerit,

387 2117 496 2165 nisi
531 2117 748 2167 omnino
794 2119 995 2169 festum
1043 2120 1265 2170 deorum
1304 2119 1473 2184 quod-

388 2186 513 2235 dam
561 2185 790 2250 dixeris,
856 2191 950 2239 vix
992 2191 1301 2240 accuratius
1346 2188 1473 2239 defi-

386 2256 503 2306 nire
539 2254 723 2307 liceat.
797 2258 997 2309 Confer
1029 2260 1328 2310 Muentera
1365 2259 1472 2309 Die

384 2325 561 2390 Relig.
603 2326 654 2377 d.
676 2327 962 2403 Babylon.
996 2344 1050 2393 p.
1090 2331 1179 2380 67.

455 2398 647 2460 τυχειν
697 2389 804 2460 γάρ
862 2411 965 2462 σφι
1014 2392 1224 2448 έοῦσαν
1270 2388 1469 2463 ὁρτήν]

386 2465 490 2514 Vix
517 2465 667 2514 aliud
702 2466 872 2518 fuisse
908 2469 1108 2518 festum
1138 2467 1357 2518 videtur
1391 2472 1472 2517 at-

384 2549 491 2598 que
529 2535 838 2586 Sat-aeorum
871 2537 1099 2600 fectum,
1149 2537 1293 2603 quod
1328 2542 1471 2588 teate

385 2605 506 2668 ipso
561 2604 765 2656 Beroso
820 2612 987 2672 atque
1045 2609 1232 2657 Ctesia
1296 2606 1471 2673 (apud

384 2674 581 2724 Athen.
618 2675 767 2738 XIV,
805 2679 893 2728 44.
932 2693 985 2743 p.
1021 2677 1143 2728 639.
1192 2677 1469 2741 Fragmm.

385 2743 534 2794 ctas.
575 2760 629 2809 p.
671 2746 802 2810 449)
841 2747 1041 2796 mensis
1076 2746 1179 2796 Loi
1213 2746 1300 2795 die
1337 2747 1468 2796 XVI

384 2828 480 2877 per
524 2815 761 2879 quinque
811 2816 928 2866 dies
982 2817 1251 2881 agebatur
1307 2814 1469 2880 plane

384 2883 456 2932 ad
492 2898 691 2933 morem
722 2885 1120 2948 Saturnalium,
1167 2901 1201 2936 a
1236 2885 1470 2950 Babylo-

385 2952 491 3000 niis
523 2953 649 3003 inde
686 2955 851 3006 etiam
887 2956 1198 3006 traductum
1235 2954 1308 3005 ad
1341 2956 1470 3005 Per-

383 3036 502 3071 aaa·
552 3023 620 3073 de
656 3038 763 3088 quo
809 3030 1026 3089 praeter
1068 3040 1160 3087 ea,
1209 3039 1349 3090 quae
1397 3024 1467 3074 ad

384 3090 623 3142 Ctesiam
670 3109 723 3158 p.
772 3095 878 3145 450
912 3109 1026 3160 aeq.
1075 3095 1215 3157 dixi,
1263 3095 1468 3159 praeci-

383 3175 491 3225 pue
526 3163 735 3214 consul.
769 3164 1013 3214 Movere:
1071 3165 1177 3214 Die
1200 3131 1464 3215 ’Phoenim

384 3230 430 3279 1.
487 3246 543 3295 p.
602 3232 707 3284 480
759 3247 913 3299 seqq.
989 3234 1242 3284 Muenter
1288 3234 1464 3299 Relig.

385 3298 438 3350 d.
475 3301 743 3379 Babylon.
781 3317 836 3368 Ρ.
873 3304 962 3355 68.

453 3382 603 3419 ουτω
630 3365 756 3421 τότε
781 3370 1010 3437 πρῶτον
1039 3364 1336 3440 ἀραίρητο]
1373 3372 1467 3422 Al-

383 3443 505 3489 tera
550 3439 668 3491 vice
704 3442 906 3492 Darius
950 3458 1070 3492 eam
1117 3442 1466 3508 expugnavit,

381 3514 444 3558 ut
467 3515 659 3560 auctor
684 3517 768 3561 eat
791 3513 989 3563 Noster
1007 3513 1256 3575 111‚159.
1309 3512 1468 3578 Prior

382 3579 516 3629 haec
570 3580 721 3631 urbia
774 3583 1105 3647 expugnatio
1159 3581 1355 3631 incidit
1400 3595 1467 3631 ex

380 3648 638 3700 Larcheri
686 3649 911 3701 calculis
956 3653 1013 3700 in
1046 3666 1248 3702 annum
1284 3651 1386 3702 538
1411 3664 1464 3700 a.

381 3716 506 3768 Chr.
543 3735 598 3769 ιι.
673 3720 815 3772 Add.
851 3720 1090 3772 Clinton.
1124 3721 1281 3772 Fast.
1315 3717 1462 3770 Hell.

382 3786 460 3837 11.
483 3803 538 3852 Ρ.
569 3788 631 3838 10
655 3788 740 3838 ed.
766 3790 1031 3854 Krueger.
1059 3794 1117 3840 et
1138 3790 1219 3840 Io.
1248 3805 1282 3840 a
1304 3789 1467 3840 Gum-

380 3857 521 3920 pach
557 3858 860 3910 Zeitrechn.
912 3858 964 3909 d.
1012 3860 1209 3924 Babyl.
1264 3874 1319 3910 u.
1366 3860 1467 3909 As-

381 3940 491 3990 syr.
527 3943 582 3992 p.
622 3929 688 3978 57
725 3944 861 3993 seq„
898 3930 1019 3993 qui,
1062 3930 1109 3979 ei
1148 3943 1339 3979 revera
1369 3942 1465 3992 per

380 3995 710 4047 Sacaeorum
762 3999 962 4047 festum
1007 3998 1255 4063 Babylon
1301 4001 1468 4061 capta

378 4069 625 4128 putetur,
683 4066 739 4116 id
793 4067 941 4117 intra
988 4070 1183 4120 5—10
1230 4069 1463 4132 August.

379 4134 647 4185 accidisse
680 4138 855 4201 ponit.
924 4137 1123 4187 Statim
1164 4152 1294 4187 vero
1337 4139 1466 4201 post

377 4203 567 4254 urbem
600 4211 819 4271 captam
841 4206 1076 4259 ludaeos
1102 4222 1136 4257 a
1158 4206 1319 4270 Cyro,
1358 4205 1465 4256 cle-

377 4278 586 4324 menter
622 4276 840 4326 omnino
878 4281 1094 4341 agente,
1136 4275 1194 4325 iu
1226 4275 1463 4340 patriam

378 4342 629 4393 dimin-os
669 4359 790 4396 eene
823 4346 979 4410 ponit
1010 4344 1306 4396 Bertheau:
1352 4345 1462 4394 Zur

377 4411 574 4462 Gench.
598 4412 653 4463 (1.
680 4412 920 4465 Ieraolit.
946 4428 1072 4480 pag.
1098 4412 1222 4466 392.
1250 4440 1321 4453 --
1352 4413 1460 4464 Pro

1575 1973 1852 2048 ἀραίρητο
1891 1980 2086 2047 (capta,
2123 1988 2417 2062 expuonaea
2451 1985 2535 2030 est
2559 1982 2664 2032 Ba-

1576 2050 1774 2117 bylon)
1820 2052 1964 2102 male
1996 2051 2124 2102 olim
2161 2044 2466 2116 ἀναίρητο,
2517 2053 2664 2116 quod

1575 2120 1809 2172 alienam
1843 2123 1913 2172 ab
1948 2121 2050 2172 hoe
2080 2120 2202 2171 loco
2229 2120 2559 2171 sententiam
2588 2122 2664 2171 ef-

1575 2191 1710 2242 ficit.
1776 2192 1938 2242 Conf.
1963 2192 2224 2241 Nostrum
2255 2191 2660 2254 VI1‚83.1x,

1578 2263 1697 2325 101,
1719 2262 1812 2312 ubi
1832 2261 2020 2312 itidem
2036 2252 2334 2325 ἀραίρητο,
2371 2261 2549 2310 forma
2575 2263 2661 2311 Io·

1573 2332 1701 2384 nica
1724 2332 1794 2384 ab
1818 2325 2009 2396 αἱρέω.
2056 2330 2183 2383 vid.
2202 2330 2438 2381 Bredov.
2459 2347 2515 2396 p.
2533 2332 2655 2383 315.

1916 2503 2049 2554 Car.
2090 2502 2307 2554 CXCII.

1640 2596 1819 2668 πάρεξ
1862 2602 1966 2655 τοῦ
2010 2598 2221 2670 φόρου]
2271 2606 2307 2656 1.
2346 2621 2395 2656 e.
2440 2611 2658 2670 praeter

1571 2676 1833 2726 tributum
1871 2675 2229 2738 ordinarium,
2281 2673 2440 2740 quale
2474 2676 2658 2740 singu-

1569 2745 1639 2795 lis
1666 2746 1879 2795 Persici
1913 2745 2065 2809 regni
2088 2745 2386 2809 provinciis
2420 2745 2540 2794 sive
2573 2759 2658 2794 aa·

1570 2816 1765 2880 trapiie
1823 2815 2136 2879 impositum
2191 2820 2310 2864 erat
2364 2815 2659 2880 quotannis
2702 2847 2711 2856 -

1571 2884 1917 2944 solvendum3
1955 2884 2066 2934 vid.
2104 2884 2208 2946 111,
2247 2885 2335 2935 89.
2408 2886 2529 2935 Hoc
2565 2885 2658 2934 tri·

1570 2956 1762 3005 butum
1797 2952 2166 3018 Babyloniae,
2206 2969 2343 3019 quae
2379 2970 2503 3005 cum
2537 2954 2659 3005 reli-

1571 3039 1679 3090 qua
1723 3024 1989 3089 ‘Assyriae
2041 3030 2200 3088 parte
2251 3039 2450 3074 nonam
2503 3025 2658 3088 regni

1568 3094 1906 3159 provinciam
1950 3093 2350 3156 constituebat,
2396 3093 2467 3144 ad
2511 3093 2658 3143 mille

1570 3164 1785 3229 argenti
1804 3163 2017 3213 talenta
2031 3162 2387 3214 ascendebat:
2414 3164 2527 3214 vid.
2547 3163 2654 3226 111,

1569 3233 1658 3286 92.
1732 3235 1958 3284 Praeter
2001 3233 2142 3283 hanc
2177 3248 2438 3283 summam
2472 3232 2657 3297 Baby-

1568 3303 1749 3353 lonica
1786 3303 2058 3367 satrapia,
2097 3317 2237 3367 quae
2273 3304 2510 3352 omnium
2544 3316 2656 3350 ma-

1568 3374 1715 3423 xima
1760 3373 1893 3434 fuit,
1955 3372 2073 3436 regi
2126 3377 2182 3421 et
2228 3371 2490 3421 exercitui
2538 3368 2656 3434 (qui

1569 3443 1785 3493 scilicet
1820 3457 1942 3491 eum
1985 3441 2140 3505 sequi
2178 3445 2233 3489 et
2275 3440 2522 3489 comitari
2569 3454 2656 3488 ιο-

1567 3512 1745 3576 lebat)
1782 3514 1977 3561 coacta
2020 3509 2127 3558 suit
2172 3509 2380 3558 victum
2429 3509 2485 3557 in
2522 3521 2654 3572 qua-

1569 3585 1696 3631 tuor
1730 3594 1945 3631 menees
1980 3594 2026 3628 ε.
2052 3579 2110 3627 in
2135 3577 2352 3627 tertiam
2380 3577 2511 3626 anni
2532 3591 2655 3640 par-

1568 3656 1678 3700 tem
1730 3649 2019 3715 praebere,
2076 3648 2113 3695 i.
2148 3661 2198 3696 e.
2251 3661 2347 3710 per
2384 3646 2487 3696 hoc
2539 3646 2655 3696 sere

1567 3724 1808 3783 tempus,
1847 3733 1953 3784 qno
1990 3732 2085 3766 rex
2109 3714 2391 3779 Babylone
2422 3730 2655 3765 commo·

1566 3789 1811 3850 abatur,
1834 3787 1928 3853 qui
1952 3786 2176 3835 hiberno
2209 3788 2450 3849 tempore
2473 3785 2653 3849 Baby-

1565 3857 1718 3920 lone,
1757 3871 1923 3907 verno
1955 3855 2139 3917 Susis,
2178 3856 2389 3904 aestivo
2417 3854 2655 3905 Ecbata-

1566 3927 1654 3977 nis
1690 3926 1886 3993 degere
1911 3924 2152 3975 solebat:
2187 3924 2300 3974 vid.
2338 3925 2655 3974 testimonia

1566 3996 1714 4062 apud
1761 3994 1999 4046 Bai-nab.
2052 3994 2299 4045 Brisaou.
2366 3993 2434 4045 de
2482 4009 2651 4059 regno

1567 4068 1723 4117 Pera.
1773 4066 1828 4128 1,
1863 4065 1952 4115 67.
1988 4093 2060 4102 -
2102 4062 2190 4113 Ad
2233 4078 2421 4114 vocem
2469 4059 2649 4129 πάρεξ

1568 4135 1715 4185 conf.
1751 4134 1798 4198 1,
1834 4132 1901 4184 93
1933 4133 2119 4199 ibique
2153 4137 2295 4185 nott.

1636 4193 1784 4253 οὕτω
1822 4200 2156 4280 τριτημορίη
2191 4192 2227 4267 ἡ
2241 4194 2515 4284 Ἀσσυρίη
2546 4193 2653 4268 χιό-

1568 4288 1639 4338 ρη
1679 4270 1749 4338 τῇ
1791 4264 2030 4337 δυνάμει
2076 4270 2178 4336 τῆς
2229 4263 2402 4334 ἄλλης
2451 4261 2654 4335 Ἀσίης]

1564 4343 1632 4393 Ιιι
1680 4342 1917 4393 lectione
1966 4340 2353 4392 constituenda
2400 4339 2521 4391 edd.
2573 4354 2655 4389 re·

1567 4415 1735 4462 ceutt.
1784 4411 1962 4462 secuti
2009 4423 2213 4460 numus.
2305 4409 2484 4474 Magis
2519 4423 2554 4458 a
2592 4405 2655 4457 li-
