3109 5092
478 347 602 410 282

1343 349 1884 413 HERODOTI

478 523 638 604 λούς
687 519 977 611 ἀποδέξῃ
1038 528 1282 603 παῖδας
1299 545 1315 559 ·
1395 527 1490 615 τῷ
1548 523 1625 593 δὲ
1664 520 1822 604 τούς
1868 531 2219 604 πλείστους
2268 520 2749 596 ἀποδεικνύντι

476 632 664 715 δῶρα
689 622 1012 714 ἐκπέμπει
1040 621 1076 694 ὁ
1103 624 1419 715 βασιλεὺς
1446 624 1575 696 ἀνὰ
1615 631 1751 696 πᾶν
1778 633 1941 707 ἔτος.
1990 623 2065 696 τὸ
2092 625 2342 697 πολλὸν
2369 626 2437 697 δ’
2473 625 2748 717 ἡγέαται

475 728 754 818 ἰσχυρὸν
778 728 974 799 εἶναι.
1033 730 1430 799 παιδεύουσι
1466 729 1540 799 δὲ
1568 727 1723 810 τούς
1749 736 2013 814 παῖδας,
2041 727 2170 800 ἀπὸ
2200 734 2591 812 πενταέτεος
2616 728 2740 819 ἆρ-

473 832 740 921 ξάμενοι
781 835 971 921 μέχρι
1016 836 1456 918 εἰκοσαέτεος,
1493 840 1649 921 τρία
1673 839 1924 922 μοῦνα,
1967 831 2281 904 ἱππεύειν
2306 836 2418 903 καὶ
2449 834 2750 917 τοξεύειν

472 937 586 1005 καὶ
608 933 1070 1024 ἀληθίζεσθαι.
1110 938 1274 1025 πρὶν
1300 935 1375 1006 δὲ
1403 932 1444 1025 ἢ
1473 934 1833 1026 πενταετὴς
1864 938 2135 1025 γένηται
2152 987 2171 1021 ,
2199 934 2325 1006 οὐκ
2353 934 2741 1008 ἀπικνέεται

472 1036 541 1120 ἐς
566 1036 732 1121 ὄψιν
756 1044 848 1131 τῷ
874 1040 1110 1125 πατρὶ,
1139 1037 1309 1109 ἀλλὰ
1334 1037 1516 1129 παρὰ
1539 1044 1690 1130 τῇσι
1722 1042 1987 1127 γυναιξὶ
2018 1046 2284 1110 δίαιταν
2311 1047 2445 1128 ἔχει
2463 1062 2478 1077 ·
2518 1046 2640 1111 τοῦ
2670 1041 2746 1110 δὲ

475 1147 701 1212 εἵνεκα
726 1146 923 1211 τοῦτο
952 1137 1129 1210 οὕτω
1160 1146 1483 1228 ποιέεται,
1512 1147 1661 1227 ἴνα,
1690 1139 1776 1247 ᾖ)
1803 1141 2121 1233 ἀποθάνῃ
2150 1142 2582 1233 τρεφόμενος,
2617 1172 2741 1234 μη-

476 1252 718 1334 δεμίαν
744 1241 918 1332 ἄσην
942 1249 1035 1336 τῷ
1066 1246 1263 1332 πατρὶ
1297 1245 1667 1335 προσβάλῃ.

473 1409 709 1469 παιδίας
743 1427 852 1462 non
880 1412 1157 1462 exstitisse
1186 1415 1411 1475 scimus3
1451 1416 1556 1465 Ro-

474 1497 754 1532 manorum
798 1486 1011 1532 tantum
1059 1483 1386 1534 mentionem
1424 1484 1560 1533 facit

475 1554 563 1603 Cr.
604 1550 850 1617 legisque
888 1550 1059 1602 Iuliae
1095 1566 1161 1601 ac
1192 1553 1395 1616 Papiae
1421 1555 1560 1618 Pop-

473 1637 644 1686 paeae
674 1620 779 1670 hac
818 1620 885 1670 de
923 1636 981 1670 re
1016 1620 1184 1673 latae.
1243 1623 1328 1671 De
1362 1623 1558 1687 quibus

471 1691 585 1741 vid.
622 1691 883 1741 Heinecc.
915 1690 1198 1755 Syntagm.
1221 1692 1442 1757 Antiqq.
1469 1692 1561 1742 Iu-

470 1759 801 1826 risprudent.
844 1759 1141 1812 illustrant.
1194 1760 1249 1822 1,
1298 1763 1385 1811 25.
1436 1765 1485 1824 §-
1525 1763 1556 1810 4

472 1845 625 1895 seqq.
674 1828 1009 1894 eundemque
1055 1829 1124 1880 ad
1161 1831 1225 1881 L.
1265 1831 1461 1881 Iuliam
1502 1835 1558 1881 et

471 1900 606 1964 Pap.
644 1898 741 1950 lib.
779 1900 823 1948 1.
864 1915 929 1949 ca
970 1937 984 1949 .
1021 1902 1074 1950 2.

539 1961 604 2017 τὸ
658 1959 871 2017 πολλὸν
972 1964 986 1985 ’
1037 1960 1269 2032 ἡγέαται
1320 1959 1558 2032 ἰσχυρὸν

469 2030 639 2102 εἶναι]
711 2038 864 2088 Haec
918 2039 1186 2103 prioribus
1252 2037 1559 2102 explicandi

471 2122 637 2157 causa
675 2106 911 2156 adiecta.
982 2108 1230 2171 Namque
1272 2108 1328 2155 in
1363 2106 1559 2156 libero-

469 2192 586 2226 rum
619 2174 960 2224 multitudine
990 2174 1147 2239 (haec
1178 2179 1262 2225 est
1288 2175 1558 2225 Herodoti

470 2243 763 2308 sententia)
812 2244 977 2293 robur
1009 2246 1187 2294 inesse
1221 2245 1552 2307 existimant,

467 2313 712 2377 illudque
748 2312 818 2361 ad
859 2313 1098 2364 civitatis
1143 2313 1551 2377 amplitudinem

469 2383 754 2448 plurimum
793 2382 999 2444 facere,
1039 2384 1086 2432 si
1122 2398 1321 2444 magna
1356 2382 1555 2433 incola-

466 2469 584 2503 rum
617 2452 775 2515 copia
808 2451 1063 2516 gaudeat.
1139 2452 1274 2502 Inde
1310 2468 1417 2502 non
1455 2454 1553 2502 mi-

466 2538 584 2573 rum
627 2536 719 2571 eos
766 2521 927 2571 valde
971 2522 1226 2573 honorari
1276 2523 1555 2586 praemiis-

467 2607 572 2657 que
609 2591 815 2652 ornari,
855 2591 948 2655 qui
977 2592 1237 2656 plurimos
1268 2592 1553 2674 genuerint

466 2662 625 2712 filios.
661 2689 733 2699 —
785 2661 869 2710 Ad
916 2662 1144 2711 formam
1191 2651 1424 2723 ἡγεαται
1477 2662 1549 2712 cf.

464 2733 699 2783 Bredov.
735 2746 790 2795 p.
822 2729 925 2782 3⁶29
947 2736 1001 2781 et
1036 2747 1199 2796 supra
1229 2732 1272 2792 1,
1298 2729 1443 2790 133.;
1482 2731 1551 2780 ad

468 2799 920 2866 significationem
961 2800 1106 2851 conf.
1145 2804 1286 2850 nott.
1327 2799 1397 2848 ad
1422 2799 1467 2861 Ι,
1498 2801 1551 2851 4.

536 2860 874 2918 παιδεύουσι
910 2864 972 2916 δὲ·
1008 2861 1143 2924 τοὺς
1176 2865 1387 2924 παῖδας
1421 2883 1471 2917 κ.
1503 2885 1550 2917 τ.

467 2936 539 3000 7..]
589 2938 675 2986 De
721 2941 997 2986 structura
1043 2937 1194 2986 verbi
1255 2928 1552 2985 παιδεύειν

469 3020 590 3055 cum
639 3004 841 3068 duplici
899 3006 1217 3055 accusativo
1271 3011 1325 3054 et
1370 3021 1553 3070 perso-

467 3088 570 3122 nae
626 3077 683 3122 et
742 3074 819 3122 rei
885 3075 977 3122 vix
1041 3089 1175 3139 opus
1233 3073 1542 3124 admonere.

470 3142 629 3192 Conf.
666 3142 921 3192 Kuebner
963 3143 1057 3194 Gr.
1107 3143 1199 3193 Gr.
1247 3145 1297 3204 ξ.
1338 3143 1457 3202 561,
1496 3160 1544 3194 e.

467 3211 551 3261 Ad
597 3205 928 3268 πενταέτεος
979 3211 1144 3262 facile
1193 3211 1548 3275 supplendum

465 3270 691 3336 παιδός.
777 3281 861 3330 De
916 3295 974 3329 re
1023 3281 1371 3331 consentiunt
1428 3298 1547 3332 cum

465 3349 667 3399 Nostro
698 3348 895 3400 Strabo
919 3351 1035 3400 XV.
1072 3365 1198 3414 pag.
1239 3349 1340 3400 733
1377 3351 1428 3400 D
1461 3353 1545 3402 ed.

467 3418 707 3469 Casaub.
766 3423 929 3484 atque
973 3418 1226 3469 Valerius
1279 3420 1547 3471 Maximus

465 3488 572 3550 VI,
609 3490 661 3538 2.
712 3490 763 3550 §-
808 3489 860 3550 1,
906 3489 1014 3538 nisi
1057 3487 1202 3553 quod
1247 3487 1441 3539 leviter
1490 3490 1547 3539 in

466 3573 610 3607 anno
647 3558 985 3607 educationis
1014 3557 1315 3608 definiendo
1344 3558 1548 3608 dissen-

465 3627 638 3688 tiunt,
675 3625 767 3676 ille
805 3632 1082 3692 quartum,
1131 3627 1221 3677 hio
1258 3628 1544 3692 septimum

461 3710 687 3759 ponens.
761 3697 845 3745 De
887 3696 1118 3746 filiorum
1153 3698 1423 3760 regiorum
1468 3698 1547 3745 in-

464 3764 751 3814 stitutione
785 3764 948 3828 paulo
988 3764 1148 3814 aliter
1185 3765 1356 3814 tradit
1384 3765 1544 3815 Plato

461 3832 834 3894 imAlcibiad.
891 3834 938 3883 Ι.
993 3848 1118 3898 pag.
1183 3834 1369 3883 1211)
1426 3848 1539 3898 seq.

463 3898 606 3964 (cap.
650 3901 712 3950 17
750 3901 893 3965 Ast.)
973 3903 1162 3964 Neque
1209 3902 1372 3950 etiam
1419 3918 1539 3951 curn

458 3969 788 4018 Herodoteis
808 3984 1027 4034 prorsus
1046 3970 1377 4033 conspirant,
1399 3986 1541 4035 quae

458 4036 526 4086 de
565 4051 847 4100 puerorum
897 4042 1064 4100 atque
1115 4038 1541 4088 adolescentulo-

454 4120 572 4154 rum
619 4104 966 4156 institutione
1009 4104 1154 4168 apud
1188 4106 1385 4155 Persas
1434 4108 1543 4158 usi-

454 4178 576 4223 tata
612 4172 803 4223 scribit
821 4173 1123 4238 Xenophon
1158 4175 1215 4222 in
1235 4173 1537 4237 Cyropaed.

458 4243 513 4301 Ι,
551 4244 602 4292 2.
654 4245 705 4304 §-
744 4244 776 4291 4
821 4257 973 4307 seqq.
1026 4240 1151 4291 coll.
1201 4241 1257 4303 1,
1298 4240 1349 4291 3.
1395 4242 1443 4303 fi.
1485 4243 1538 4292 3.

456 4311 552 4372 IV,
586 4309 637 4361 3.
675 4313 727 4373 §-
760 4310 812 4359 ὃ.
884 4311 949 4361 In
986 4325 1195 4360 summa
1228 4315 1413 4360 tamen
1447 4311 1540 4360 vix

451 4379 546 4430 ille
590 4383 645 4429 et
678 4377 871 4446 reliqui
921 4379 1214 4446 scriptores
1263 4380 1333 4430 ab
1369 4379 1542 4431 Hero-

1661 1413 1792 1465 doto
1852 1411 2141 1462 admodum
2189 1411 2523 1462 discordant.
2606 1413 2745 1463 Nam

1660 1484 1769 1533 tria
1803 1481 1925 1542 illa,
1976 1496 2116 1547 quae
2150 1496 2348 1545 pueros
2395 1482 2581 1532 doceri
2616 1484 2746 1533 scri-

1659 1554 1742 1603 bit
1778 1553 2002 1613 Noster,
2052 1552 2120 1601 ab
2169 1550 2319 1601 hisce
2362 1552 2571 1616 pariter
2608 1552 2746 1601 indi-

1660 1626 1870 1684 cantur,
1886 1621 2175 1685 praecipue
2197 1622 2416 1671 tertium
2441 1621 2576 1670 illud
2596 1637 2747 1686 prae-

1661 1696 1906 1756 ceptum,
1944 1705 2051 1755 quo
2086 1690 2376 1740 veritatem
2412 1706 2620 1741 summe
2658 1708 2745 1742 co-

1658 1760 1832 1811 lerent
1867 1760 2081 1824 ipsique
2109 1774 2268 1823 quam
2305 1760 2537 1810 maxime
2562 1766 2745 1810 essent

1658 1830 1907 1880 veridici.
1986 1827 2165 1878 Nolim
2212 1835 2457 1893 repetere
2500 1830 2745 1881 testimo-

1658 1900 1750 1949 nia
1787 1913 1821 1948 a
1849 1898 2132 1948 Brissonio
2168 1898 2401 1949 collecta
2424 1899 2462 1948 l.
2485 1899 2524 1949 l.
2551 1900 2627 1961 11,
2651 1900 2741 1951 83.

1660 1967 1938 2020 101-104
1998 1966 2193 2018 inclus.
2249 1969 2486 2019 Nostrae
2544 1970 2742 2019 aetatis

1659 2040 1887 2099 Persas,
1953 2052 2281 2101 quamquam
2339 2038 2395 2087 in
2447 2038 2532 2088 his
2584 2037 2744 2088 valde

1661 2107 1863 2157 similes
1911 2107 2207 2156 maioribus
2260 2107 2400 2168 suis,
2454 2108 2599 2172 quod
2654 2123 2742 2158 ve-

1660 2177 1872 2236 nand0‚
1919 2175 2243 2240 equitando,
2293 2177 2609 2239 sagittando
2653 2179 2744 2227 de-

1656 2245 1959 2307 lectantur,
2000 2245 2057 2294 in
2093 2244 2314 2309 reliquis
2353 2244 2740 2296 dissimillimos

1656 2314 1908 2379 reperiri,
1977 2314 2195 2364 minime
2262 2314 2560 2377 veridicos,
2643 2316 2739 2366 sed

1657 2384 1892 2433 omnium
1952 2384 2185 2433 maxime
2247 2383 2507 2447 perfidiae
2576 2389 2742 2451 atque

1655 2452 1952 2502 mendaciis
1989 2451 2230 2514 deditos,
2287 2452 2445 2503 fidem
2484 2452 2736 2504 fallentes

1655 2537 1756 2572 nec
1801 2521 1911 2571 ullo
1968 2521 2127 2570 modo
2184 2523 2465 2586 promissis
2510 2526 2737 2585 stantes,

1655 2606 1764 2641 uno
1801 2591 1916 2641 fere
1952 2606 2043 2641 ore
2088 2591 2327 2641 clamant
2362 2593 2533 2643 nostri
2571 2593 2738 2642 homi-

1655 2676 1782 2720 nes,
1843 2661 1936 2725 qui
1981 2659 2105 2710 illas
2151 2662 2401 2725 regiones
2447 2661 2739 2725 perlustra-

1654 2733 1799 2780 rnnt.
1874 2730 2033 2780 Cous.
2071 2729 2219 2780 Han.
2255 2730 2400 2794 Aug.
2438 2731 2731 2781 Litt.-Zeit.

1657 2799 1812 2850 1841.
1840 2814 1922 2848 nr.
1956 2800 2032 2849 ΙΩ.
2059 2814 2113 2862 p.
2141 2799 2243 2849 145
2266 2815 2378 2864 seq.
2428 2800 2551 2850 Vid.
2572 2801 2737 2849 Ham-

1655 2883 1785 2919 mer.
1832 2868 1888 2918 in
1921 2868 2141 2917 Wiener
2174 2867 2367 2920 Jahrb.
2406 2869 2560 2919 VIII.
2603 2883 2730 2932 pag.

1654 2936 1933 2988 375-383
1971 2943 2025 2986 et
2060 2937 2358 2987 LXXXIX.
2396 2953 2447 3002 p.
2489 2938 2602 2996 13.,
2641 2937 2735 3002 qui

1653 3012 1896 3056 veterum
1972 3007 2285 3056 testimonia
2355 3006 2421 3055 de
2483 3006 2733 3055 veritatis

1650 3076 1833 3126 studio
1871 3079 1926 3124 et
1955 3076 2105 3126 cultu
2142 3077 2289 3139 apud
2312 3077 2506 3126 Persas
2542 3077 2733 3125 nonni·

1619 3193 1630 3203 ,
1649 3145 1727 3195 hil
1746 3143 2078 3209 amplificata
2098 3150 2300 3206 censet,
2330 3159 2448 3193 cum
2470 3144 2526 3192 in
2550 3144 2617 3193 iis
2644 3160 2734 3210 po-

1651 3216 1761 3266 tius
1798 3214 2153 3264 insistendum
2187 3215 2287 3274 sit,
2328 3227 2467 3277 quae
2500 3213 2568 3262 de
2602 3215 2733 3264 Per-

1650 3299 1831 3334 sarum
1869 3284 2109 3334 moribus
2149 3283 2207 3331 in
2254 3281 2595 3333 nobilissima
2630 3283 2733 3348 Cy-

1652 3352 1943 3418 ropaediae
1976 3351 2221 3403 clausula
2254 3351 2526 3415 legantur.

1722 3419 2004 3485 μηδεμίαν
2036 3410 2183 3483 ἄσην
2231 3417 2310 3484 τῷ
2345 3416 2515 3481 πατρὶ
2557 3434 2732 3483 ποοσ-

1650 3482 1812 3556 βάλῃ]
1863 3487 2145 3553 μηδεμίαν
2187 3477 2334 3552 ἄσην
2376 3489 2522 3539 haud
2568 3490 2732 3540 dubie

1648 3574 1780 3609 vera
1805 3567 1888 3609 est
1917 3558 2177 3607 librorum
2208 3557 2389 3618 lectio,
2427 3562 2583 3609 cuius
2608 3558 2730 3609 loco

1646 3643 1787 3678 unus
1824 3625 2108 3690 μηδεμίαν
2154 3618 2395 3692 βλάβην,
2455 3627 2730 3679 locutione

1646 3697 1962 3747 Herodotea
2036 3695 2104 3745 ad
2172 3695 2453 3759 vulgarem
2518 3696 2729 3748 eonfor-

1647 3770 1824 3824 mata‚
1872 3765 1965 3814 alii
2002 3756 2544 3838 andsploev‚fikdssqv
2574 3757 2729 3829 ἀηδῆ

1646 3832 1731 3883 vel
1768 3830 2054 3897 μηδεμίην
2088 3823 2235 3895 ἄσην
2276 3829 2459 3896 αηδῆ,
2508 3835 2564 3883 in
2613 3837 2728 3901 qui-

1644 3899 1746 3951 bus
1808 3902 2055 3951 omnibus
2114 3901 2478 3966 glossatorum
2536 3919 2727 3955 manus

1646 3969 1805 4020 facile
1862 3985 2150 4035 agnoscas.
2241 3972 2489 4035 Namque
2542 3971 2729 4024 Gram-

1640 4039 1830 4089 matici
1866 4040 2103 4090 Atticam
2139 4055 2329 4090 vocem
2360 4032 2510 4104 ἄσην
2556 4041 2729 4109 expli-

1643 4112 1773 4157 cant
1807 4098 2049 4172 ἀηδίαν,
2109 4108 2307 4159 Latino
2361 4124 2607 4161 sermone
2653 4115 2726 4161 lu-

1640 4185 1793 4238 ctum,
1852 4177 2072 4226 dolorem
2119 4192 2185 4226 ac
2238 4179 2457 4242 proprie
2509 4182 2726 4243 quidem

1639 4246 1845 4307 sordes,
1900 4246 2177 4307 fastidium.
2254 4247 2341 4295 Tu
2394 4245 2545 4310 legas
2592 4249 2725 4299 mihi

1641 4314 1917 4378 copiosam
1938 4314 2185 4364 Piersoni
2207 4314 2629 4379 disputationem
2655 4317 2725 4367 ad
2814 4359 2833 4378 l

1641 4382 1867 4433 Moeris.
1906 4397 2033 4449 pag.
2061 4381 2132 4434 60
2156 4398 2292 4448 seq„
2329 4384 2387 4433 in
2421 4400 2531 4451 qua
2552 4387 2726 4438 Hero·
