3109 5092
1291 384 1542 447 CLIO.
1594 389 1643 446 Ι.
1694 398 1746 450 2.
2614 398 2653 457 7

364 580 513 641 χου.
610 553 871 634 Ταύτας
906 555 1149 636 στάσας
1191 554 1360 627 κατὰ
1402 558 1718 649 πρύμνην
1760 568 1877 651 τῆς
1922 563 2076 645 νεὸς
2125 564 2457 639 ὠνέεσθαι
2510 578 2650 641 τῶν

364 664 702 744 φορτίων,
742 663 880 727 τῶν
911 680 1033 747 σφι
1062 651 1149 748 ἦν
1181 658 1405 748 θυμὸς
1438 663 1723 750 μάλιστα
1743 686 1758 701 ·
1807 668 1919 735 καὶ
1954 666 2111 749 τούς
2140 678 2462 753 Φοίνικας
2490 680 2641 743 δια-

364 763 908 850 κελευσαμένους
949 757 1234 852 ὁρμῆσαι
1289 761 1398 833 ἐπ’
1438 764 1665 846 αὐτάς.
1734 766 1853 849 τὰς
1887 768 2014 858 μὲν
2060 770 2145 861 δὴ
2181 781 2470 856 πλεῦνας
2511 783 2649 847 τῶν

363 870 715 951 γυναικῶν
762 861 1177 955 ἀποφυγεῖν,
1234 865 1360 956 τὴν
1399 868 1475 937 δὲ
1513 866 1689 939 Ἰοῦν
1730 868 1862 940 σῦν
1908 869 2148 963 ἄλλῃσι
2191 872 2643 967 ἁρπασθῆναι.

363 970 859 1056 ἐσβαλομένους
909 968 985 1038 δὲ
1031 972 1097 1049 ἐς
1138 967 1263 1058 τὴν
1306 972 1464 1055 νέα,
1523 982 1831 1060 οἴχεσθαι
1874 972 2332 1059 ἀποπλέοντας
2373 978 2480 1050 ἐπ’
2516 989 2640 1052 Αἰ-

363 1069 646 1158 γύπτου.
760 1067 960 1141 Οὕτω
1013 1072 1141 1160 μὲν
1204 1070 1373 1141 Ἰοῦν
1419 1077 1486 1153 ἐς
1534 1086 1890 1162 Αἴγυπτον
1945 1076 2311 1151 ἀπικέσθαι
2369 1087 2638 1170 λέγουσι
2656 1094 2695 1155 2

364 1177 655 1263 Πέρσαι,
702 1171 830 1246 οὐκ
876 1170 965 1255 ὥς
1002 1182 1345 1254 Φοίνικες·
1403 1178 1516 1245 καὶ
1559 1183 1699 1248 τῶν
1742 1176 2176 1271 ἀδικημάτων
2207 1190 2403 1254 τοῦτο
2451 1184 2643 1276 ἄρξαι

358 1392 413 1442 Ρ.
457 1376 607 1427 XVI.
645 1376 881 1427 Bredov.
909 1393 962 1443 p.
1001 1378 1123 1427 272.
1161 1374 1330 1426 Addit
1362 1376 1451 1427 Gr.
1564 1377 1626 1429 13
1664 1394 1816 1446 seqq.
1854 1383 2078 1451 quaest.
2103 1337 2450 1452 ‘genealoggu
2489 1404 2543 1454 p.
2573 1390 2644 1441 20

357 1445 579 1498 Schaef.
618 1446 830 1498 Melett.
865 1449 1013 1497 critt.
1041 1447 1087 1498 Ι.
1124 1462 1178 1511 Ρ.
1216 1443 1286 1497 93
1325 1444 1448 1494 coll.

356 1517 429 1567 ad
463 1516 692 1581 Gregor.
730 1515 973 1567 Corinth.
1012 1533 1064 1580 p.
1103 1516 1226 1566 427.
1269 1514 1453 1565 Verba

355 1578 464 1635 τ’ν
491 1576 718 1650 Ἰνάχου
763 1587 965 1650 primus
1003 1583 1267 1634 Valcken.
1310 1582 1451 1635 male

428 1655 548 1704 dita
602 1654 951 1718 insiticiaque
1009 1653 1230 1713 habuit,
1293 1667 1449 1703 acce-

354 1726 520 1775 dente
563 1723 796 1788 posthac
840 1723 1115 1772 Larchero
1158 1722 1443 1786 (Chronol.

352 1793 562 1845 Herod.
586 1810 637 1858 p.
661 1792 764 1843 313
793 1789 883 1855 [x,
904 1789 1008 1857 2])‚
1032 1792 1221 1842 Reizio
1236 1790 1447 1854 (Praef.

351 1882 408 1929 p.
444 1863 575 1912 XXI
612 1856 744 1925 sq.),
779 1859 922 1910 aliis.
992 1862 1209 1911 Etenim
1242 1862 1449 1911 Pausa-

350 1935 478 1984 niae
501 1931 655 1980 locus
686 1930 1027 1994 potissimum
1050 1930 1174 1981 illos
1210 1929 1280 1980 ad
1304 1931 1447 1981 hanc

351 1999 680 2053 sententiam
725 2000 1003 2063 perduxit,
1054 2000 1138 2063 11,
1195 1999 1277 2051 16.
1321 2003 1371 2063 §-
1416 2001 1443 2052 1

340 2062 433 2120 Ἰὢ
468 2060 582 2127 ’μὲν
619 2055 728 2117 οὖν
760 2060 950 2119 Ἰάσου
997 2061 1287 2133 θυγάτηρ,
1333 2066 1446 2118 εἴτε

348 2129 429 2195 ὥς
451 2128 764 2200 Ἡρόδοτος
796 2132 1072 2203 ἔγραψεν,
1098 2135 1209 2187 εἴτε
1235 2128 1376 2186 καθ’
1410 2127 1445 2187 ὃ

345 2202 608 2271 λέγουσιν
624 2194 909 2269 Ἕλληνες,
923 2197 980 2264 ἐς
1000 2204 1288 2271 Αἴγυπτον
1302 2197 1439 2271 ἄφι-

349 2277 583 2325 κνεῖται.
620 2275 729 2326 Sed
742 2276 1105 2328 Valckenario
1129 2276 1434 2341 Schweigh.

349 2350 499 2395 recte
545 2346 801 2410 opposuit
842 2346 1104 2397 h'brorum
1141 2346 1439 2396 auctorita-

348 2423 489 2475 tem,
547 2415 669 2479 qui’
702 2414 773 2464 ad
831 2432 995 2466 unum
1053 2429 1239 2465 omnes
1300 2415 1437 2465 haec

345 2484 516 2535 verba
560 2485 822 2547 retinent,
873 2486 1177 2551 quibusque
1225 2484 1439 2535 accedit

344 2553 630 2605 Plutarchi
665 2553 768 2617 (ΙΙ.
804 2569 859 2617 p.
899 2553 1004 2605 856
1041 2553 1143 2618 D.)
1182 2557 1238 2604 et
1275 2553 1437 2603 Liba-

343 2624 422 2673 nii
462 2622 551 2687 (Τ.
591 2622 638 2675 Ῑ.
675 2640 728 2688 p.
765 2620 896 2686 207)
934 2623 1305 2673 testimonium
1354 2623 1443 2672 iti·

344 2693 469 2743 dem
502 2692 641 2742 haec
685 2692 854 2743 verba
891 2693 1195 2743 citantium.
1269 2691 1442 2741 Accu-

342 2764 538 2823 ratius,
564 2766 815 2812 monente
844 2763 953 2824 Ora,
985 2761 1165 2812 locum
1196 2761 1440 2811 excussit

340 2833 409 2882 F.
438 2832 507 2882 A.
535 2830 763 2881 wolfius
799 2832 857 2881 in
891 2830 1167 2881 Analectt.
1199 2830 1309 2880 litt.
1337 2830 1436 2880 IV.

340 2919 396 2965 p.
452 2901 557 2951 540
604 2916 744 2965 sqq„
795 2901 888 2965 qui
926 2901 1097 2949 variis
1140 2900 1258 2949 VV.
1307 2897 1433 2948 DD.

341 2971 411 3022 de
444 2969 500 3020 h.
524 2970 567 3019 l.
602 2970 890 3020 sententiis
920 2969 1129 3031 relatis,
1157 2969 1277 3034 ipse
1307 2967 1441 3032 quid

341 3040 608 3102 senserit,
635 3038 783 3089 haud
808 3039 1010 3089 diserte
1032 3037 1298 3089 indicavit
1323 3037 1441 3101 qui-

341 3111 485 3170 dem,
524 3108 743 3158 minime
771 3113 974 3170 tamen,
1000 3111 1048 3158 si
1085 3107 1217 3173 quid
1253 3104 1436 3168 video,

338 3181 480 3230 haec
513 3177 781 3228 Herodoti
826 3177 995 3228 verba
1040 3177 1297 3227 continuo
1344 3175 1437 3224 eii-

340 3246 539 3299 cienda
585 3262 705 3297 esse
752 3246 956 3297 docuit.
1040 3248 1196 3308 Quae
1247 3242 1436 3294 eadem

339 3317 537 3367 merito
571 3317 793 3367 retineri
825 3314 947 3365 vult
968 3312 1435 3365 Raoul-Rochette

339 3387 490 3437 Hist.
558 3384 624 3435 de
676 3384 1065 3435 l’Etablissem.
1129 3382 1182 3433 d.
1243 3380 1434 3431 Colon.

343 3457 540 3519 Grecq.
580 3454 627 3504 1.
662 3471 715 3518 p.
755 3455 855 3505 147
892 3468 996 3518 sq.,
1035 3453 1129 3518 qui
1172 3450 1260 3500 vel
1296 3449 1436 3499 hanc

343 3525 414 3574 ob
454 3540 676 3575 causam
711 3524 1026 3574 necessaria
1069 3521 1234 3571 habet
1268 3519 1436 3569 verba

342 3585 451 3657 τὴν
488 3584 739 3658 Ἰνάχου,
785 3596 847 3642 ut
893 3591 983 3655 Io,
1041 3591 1195 3641 cuius
1239 3604 1437 3638 nomen

342 3662 586 3727 pluribus
639 3662 827 3727 regiae
879 3661 1067 3725 stirpis
1118 3658 1435 3709 mulieribus

344 3747 651 3793 commune,
704 3732 774 3781 ab
825 3730 948 3781 aliis
997 3729 1309 3780 accuratius
1360 3727 1440 3775 di-

346 3806 658 3866 gnoscatur.
698 3800 839 3851 Add.
877 3800 1105 3851 eundem
1130 3800 1308 3848 virum
1342 3796 1435 3845 do-

349 3875 492 3920 ctum
545 3871 628 3921 in:
678 3869 851 3919 Choix
910 3869 977 3919 de
1019 3869 1307 3919 Peintures
1370 3863 1439 3913 de

350 3938 582 4004 Pompe'e
643 3940 797 3989 Livr.
860 3940 929 3989 V.
990 3955 1044 4003 p.
1114 3934 1218 3987 209
1281 3949 1438 3997 seqq.

356 4008 461 4057 Nec
494 4010 791 4074 quidquam
836 4009 942 4059 viri
991 4007 1164 4068 docti,
1214 4003 1309 4068 qui
1351 4002 1436 4051 his

356 4076 407 4126 in
440 4079 619 4129 verbis
655 4077 965 4138 offendunt,
1014 4075 1321 4140 respexisse
1357 4071 1439 4120 vi-

358 4144 564 4211 dentur,
623 4145 1073 4213 quemadmodum
1128 4146 1186 4193 in
1228 4140 1435 4191 talibus

357 4219 560 4267 omnino
595 4217 816 4266 variare
857 4214 1032 4265 soleat
1079 4212 1287 4264 fabula.
1352 4211 1438 4259 De

355 4300 454 4348 qua
492 4285 729 4336 conferri
766 4284 918 4334 iubet
952 4282 1145 4333 Creuz.
1184 4277 1437 4343 Apollod.

350 4352 420 4414 11,
455 4355 501 4417 l,
538 4354 571 4406 3
607 4356 749 4417 ibiq.
790 4354 954 4403 Hein.
995 4352 1135 4402 Add.
1170 4347 1443 4401 Schubart

352 4423 403 4472 in
439 4423 659 4475 Annall.
699 4422 903 4473 Vienn.
956 4420 1078 4471 Vol.
1114 4415 1341 4470 XLVII.
1383 4431 1438 4480 p.

1556 1462 1672 1513 seq.
1709 1450 1904 1515 Itaque
1939 1458 2088 1503 recte
2125 1453 2384 1519 vulgatae
2416 1456 2640 1509 lectioni

1554 1520 1884 1581 patrocinati
1920 1526 2048 1571 sunt
2079 1523 2227 1574 Beck
2262 1526 2346 1574 De
2381 1525 2635 1590 glossem.

1552 1588 1758 1639 critice.
1809 1591 2034 1651 Quaest.
2084 1591 2160 1642 11.
2199 1609 2253 1657 p.
2305 1594 2340 1643 9
2386 1600 2440 1644 et
2483 1598 2640 1647 Butt-

1551 1671 1734 1708 mann.
1763 1658 1906 1710 Mus.
1935 1659 2157 1726 Antiqq.
2197 1662 2438 1714 Studior.
2473 1665 2550 1716 11.
2578 1682 2636 1731 p.

1549 1724 1888 1789 312—383„
1927 1730 2020 1794 qui
2057 1730 2314 1795 glossam,
2353 1748 2515 1798 quam
2551 1750 2642 1783 su-

1553 1798 1798 1860 spicatur
1827 1797 2175 1862 Valckenar.,
2204 1806 2350 1851 certe
2376 1804 2640 1868 antiquis-

1552 1865 1744 1915 simam
1808 1867 2006 1931 vixque
2069 1868 2468 1933 explicandam,
2529 1887 2637 1936 quo

1548 1934 1762 1985 scilicet
1795 1936 1953 1985 modo
1991 1938 2047 1985 in
2090 1942 2301 1987 textum
2343 1940 2637 2005 irrepserit,

1547 2003 1775 2054 iudicat.
1821 2004 1980 2066 Quod
2012 2005 2152 2055 alius
2176 2011 2334 2057 vetus
2372 2024 2636 2074 gramma·

1547 2074 1691 2123 ticus
1739 2074 1946 2138 profert
1981 2065 2245 2139 Ἰναχοῦν
2288 2076 2388 2143 (cf.
2438 2079 2632 2130 Creuz.

1546 2142 1617 2192 ad
1647 2141 1848 2193 Plotin.
1889 2142 1956 2193 de
1984 2144 2203 2208 pulerit.
2241 2162 2297 2211 p.
2329 2146 2632 2211 LXXXII),

1538 2211 1598 2262 id
1631 2212 1935 2262 inauditum
1981 2228 2261 2265 censemus
2307 2216 2633 2269 vocabulum

1542 2297 1666 2331 cum
1700 2280 1897 2331 Wolfio
1933 2282 1972 2332 l.
2010 2283 2049 2333 1.

1615 2342 1840 2408 Ταύτας
1854 2343 2060 2408 στάσας
2077 2342 2222 2400 κατὰ
2237 2343 2510 2416 πρύμνην
2528 2350 2631 2416 τῆς

1540 2412 1689 2484 νεὸς]
1707 2412 1837 2476 νεὸς
1859 2420 2216 2471 eFloreutino
2240 2421 2360 2471 eth.
2382 2421 2419 2470 1.
2442 2426 2498 2472 et
2513 2421 2559 2482 1,
2576 2424 2626 2473 5.

1536 2505 1635 2555 pro
1675 2481 1815 2552 νηὸς
1849 2490 2043 2555 scripsi
2075 2505 2198 2540 cum
2230 2495 2462 2541 recentt.
2504 2490 2625 2540 edd.

1540 2559 1763 2608 iubente
1821 2559 2055 2609 Bredov.
2124 2575 2177 2624 p.
2244 2559 2365 2609 261.
2447 2559 2634 2611 Verba

1542 2618 1687 2675 κατὰ
1724 2619 1998 2691 πρύμνην
2016 2628 2215 2691 Negris
2243 2629 2634 2692 interpretatur

1541 2692 1788 2757 πλησίον
1828 2692 1928 2757 τῆς
1963 2688 2248 2757 πρύμνης.
2284 2696 2350 2744 In
2384 2710 2535 2760 seqq.
2564 2696 2631 2747 de

1540 2778 1644 2815 usu
1680 2761 1905 2826 pluralis
1942 2761 2201 2826 φορτίων
2246 2763 2384 2813 dixit
2417 2765 2632 2815 Janson

1538 2835 1623 2882 in:
1670 2830 1904 2883 Jahrbb.
1952 2831 1992 2882 f.
2040 2830 2239 2882 Philol.
2284 2848 2341 2884 u.
2386 2832 2628 2900 Paedag.
2718 2846 2726 2853 ·

1540 2899 1730 2966 Suppl.
1767 2900 1894 2951 VII.
1932 2917 1986 2966 p.
2032 2900 2154 2952 499.

1609 2968 1727 3018 τῶν
1796 2981 1897 3033 σφι
1965 2958 2040 3034 ἦν
2110 2960 2304 3033 θυμὸς
2370 2961 2626 3036 μάλιστα]

1539 3040 1866 3105 Scripsimus
1901 3051 2001 3104 σφι
2037 3054 2136 3103 pro
2175 3052 2313 3103 σφιν
2348 3053 2471 3089 cum
2513 3054 2625 3089 rec.

1539 3107 1661 3159 edd.
1701 3114 1757 3158 et
1793 3124 1918 3158 mox
1967 3123 2184 3173 quoque
2224 3098 2633 3174 ἐσβαλομένους

1536 3194 1635 3242 pro
1672 3167 2128 3241 ἔσβαλλομένους.
2168 3176 2328 3227 Conf.
2357 3175 2404 3239 1,
2436 3177 2504 3227 57
2532 3175 2629 3227 flu.

1537 3247 1722 3310 ibique
1742 3250 1883 3296 nott.
1921 3245 2051 3295 Mox
2085 3245 2286 3296 retinui
2311 3235 2629 3293 ἀποπλέον-

1538 3330 1662 3374 ταςς
1700 3315 1773 3364 cf.
1811 3315 1881 3363 ad
1908 3314 1954 3375 1,
1993 3316 2080 3365 24.
2130 3315 2238 3364 Pro
2285 3312 2436 3377 vulg.
2484 3305 2626 3362 ἄπο-

1538 3381 1771 3448 φυγέειν
1791 3399 1820 3433 e
1850 3382 2008 3433 codd.
2042 3383 2251 3447 aliquot
2271 3382 2452 3446 recepi
2483 3371 2626 3430 ἄπο-

1538 3455 1764 3516 φυγεῑν,
1797 3452 2020 3501 iubente
2056 3466 2272 3517 quoque
2303 3448 2537 3499 Bredovn
2568 3464 2624 3512 p.

1536 3520 1659 3573 325.
1685 3521 1939 3571 Dindorf.
1977 3525 2032 3570 et
2068 3517 2315 3569 Dietsch.
2347 3516 2629 3580 vulgatam

1535 3591 1899 3640 retinuerunt.
1981 3587 2066 3637 Ad
2118 3590 2495 3651 argumentum
2549 3586 2629 3634 in-

1538 3660 1713 3723 signis
1763 3657 1944 3716 locus,
1996 3671 2063 3705 ex
2107 3670 2214 3720 quo
2261 3655 2411 3703 vitae
2456 3668 2628 3719 genus

1538 3727 1824 3790 antiquum
1860 3724 2298 3788 Phoenicumque
2330 3736 2506 3773 mores
2547 3728 2628 3772 at-

1537 3812 1643 3862 que
1682 3794 2060 3844 commercium
2114 3809 2234 3843 cum
2279 3793 2502 3844 Graecis
2549 3793 2628 3843 in-

1536 3867 1790 3915 stitutum
1827 3869 2243 3929 cognoscantur.
2293 3863 2627 3926 Quibuscum

1535 3935 1754 4000 egregie
1788 3934 2142 3995 conveniunt,
2181 3948 2322 3998 quae
2354 3934 2627 3982 Eumaeus

1534 4005 1679 4069 apud
1706 4006 2003 4054 Homerum
2037 4002 2236 4069 Odyss.
2270 4002 2388 4062 XV,
2412 4002 2513 4050 402
2540 4016 2622 4064 sq.

1535 4075 1642 4123 sibi
1689 4088 1856 4138 puero
1903 4073 2172 4122 accidisse
2217 4074 2453 4121 enarrat.
2497 4069 2624 4120 Vid.

1534 4145 1770 4194 Heeren.
1798 4142 1967 4192 Ideen
2003 4148 2107 4192 etc.
2148 4142 2194 4203 I,
2231 4143 2285 4190 2.
2320 4154 2374 4203 p.
2411 4139 2480 4190 62
2516 4152 2599 4202 sq.

1961 4312 2093 4363 Car.
2134 4311 2211 4361 Π.

1618 4405 1726 4464 οὐκ
1770 4407 1846 4473 ὡς
1905 4412 2187 4500 Φοίνωιες]
2241 4414 2403 4463 Hanc
2445 4408 2630 4459 lectio-
