3109 5092
465 339 585 399 η(
1322 294 1873 402 HERODOTI

460 514 694 595 σφέων
732 501 821 599 ἦν
861 507 979 579 ἀπ’
1011 515 1274 595 ἵππων,
1317 508 1611 600 δούρατά
1635 538 1707 579 τε
1747 510 2036 601 ἐφόρεον
2068 509 2359 600 μεγάλα,
2399 511 2519 580 καὶ
2548 507 2740 579 αὐτοὶ

369 642 449 704 80
469 605 637 703 ἦσαν
691 614 1099 683 ἱππεύεσθαι
1156 612 1425 701 ἀγαθοί.
1533 610 1635 693 Ἐς
1694 610 1769 683 τὸ
1826 620 2065 684 πεδίον
2118 616 2193 683 δὲ
2253 613 2742 683 συνελθόντων

463 722 693 803 τοῦτο,
745 714 819 785 τὸ
863 715 992 805 πρὸ
1045 723 1165 786 τοῦ
1204 715 1438 796 ἄστεός
1470 719 1617 786 ἐστι
1656 722 1777 786 τοῦ
1821 723 2250 808 ὶαρδιηνοῦ,
2305 714 2421 786 ἐὰν
2459 719 2629 804 μέγα
2669 743 2742 784 τε

459 822 570 888 καὶ
610 818 811 902 ψιλὸν
868 818 1009 905 (διὰ
1052 821 1127 889 δὲ
1166 817 1377 889 αὐτοῦ
1415 821 1697 908 ποταμοὶ
1742 824 2008 911 ῥέοντες
2053 823 2164 889 καὶ
2211 818 2400 889 ἄλλοι
2444 822 2556 889 καὶ
2584 816 2739 888 ‘'Ya-

460 932 572 1003 λος
601 927 1019 1014 συῤῥηγνῦσι
1057 922 1270 1004 ἐςτόν
1294 926 1643 1011 μέγιστον,
1695 925 2104 1012 καλεόμενον
2138 924 2212 993 δὲ
2234 920 2523 1014 ’Ἕρμον,
2567 920 2639 1003 ὃς
2675 926 2742 1004 ἐξ

460 1025 695 1114 οὔρεος
733 1031 886 1114 ἱροῦ
918 1024 1195 1117 Μητρὸς
1232 1026 1677 1116 Δινδυμήνης
1715 1030 1926 1116 ῥέων,
1982 1031 2243 1096 ἐκδιδοῖ
2283 1030 2349 1107 ἐς
2387 1024 2741 1095 θάλασσαν

461 1127 629 1199 κατὰ
653 1137 974 1219 Φωκαίην
1012 1130 1275 1214 πόλιν),
1305 1133 1605 1199 ἐνθαῦτα
1645 1124 1932 1219 &Kepos
1974 1126 2062 1210 ὥς
2108 1131 2248 1199 εἶδε
2289 1126 2443 1209 τούς
2469 1127 2743 1208 Λυδοὺς

463 1238 529 1313 ἐς
554 1232 772 1322 μάχην
798 1238 1279 1322 τασσομένους,
1313 1232 1838 1324 καταρῤωδήσας
1865 1231 1989 1322 τὴν
2017 1238 2227 1303 ἵππον
2255 1236 2562 1320 ἐποίησε,
2586 1227 2739 1322 ‘AQ-

463 1401 667 1450 sentati
701 1415 825 1449 cum
861 1401 1040 1464 equis,
1078 1414 1215 1464 quos
1251 1399 1442 1448 tributi
1476 1399 1551 1448 lo-

463 1486 528 1520 co
564 1470 681 1535 regi
732 1468 983 1520 offerunt.
1057 1469 1181 1520 Vid.
1230 1469 1548 1520 Grotefend.

464 1541 518 1587 in
573 1539 875 1604 Boettiger.
938 1535 1177 1588 Amalth.
1240 1539 1317 1587 11.
1368 1555 1420 1603 p.
1462 1539 1546 1589 98.

462 1609 606 1658 Hinc
642 1624 751 1658 uon
802 1609 1064 1673 improbo,
1103 1608 1248 1672 quod
1283 1608 1552 1658 Matthiae

462 1680 654 1729 vertit.
691 1694 755 1728 zu
799 1679 995 1742 Plerde
1048 1679 1286 1742 (proprie
1328 1694 1421 1728 von
1452 1680 1550 1727 den

462 1749 692 1812 Pserden
747 1764 841 1798 aus
895 1747 1024 1798 oder
1083 1748 1261 1814 tter-ab)
1317 1750 1548 1798 streicen.

460 1817 583 1868 Vid.
625 1821 674 1881 5.
719 1819 839 1867 572.
878 1833 1006 1882 pag.
1049 1817 1203 1867 1128.
1259 1816 1398 1868 Add.
1440 1817 1550 1867 He-

460 1882 903 1951 i-odot.1x‚03.
952 1914 1020 1922 -
1066 1887 1132 1936 In
1182 1902 1333 1951 seqq.
1385 1874 1562 1951 ἦσαν·

462 1975 491 2007 e
538 1957 690 2007 libris
735 1956 980 2021 plurimis
1030 1955 1293 2006 dedimus.
1370 1956 1548 2021 Vulgo

462 2023 633 2076 ἕσαν.
707 2028 934 2090 Spectat
983 2025 1088 2075 huc
1134 2027 1321 2077 forsan
1366 2026 1552 2091 glossa

467 2098 526 2145 in
544 2096 781 2146 Bekkeri
810 2095 1053 2146 Anecdd.
1083 2096 1177 2146 Gr.
1200 2098 1244 2147 1.
1274 2112 1401 2161 pag.
1433 2096 1548 2158 100,

471 2165 559 2214 15:
639 2158 1105 2214 ιππευεσθαι·
1180 2162 1548 2229 παθητικῶς·

455 2225 767 2296 Ἡρόδοτος
803 2226 1028 2301 πρώτῳ.

810 2404 941 2457 Cn.
979 2406 1198 2456 LXXX.

534 2499 631 2558 ἐὸν
665 2506 804 2573 μέγα
839 2523 898 2559 τε
932 2505 1039 2559 καὶ
1052 2501 1258 2575 ψιλὸν]
1280 2499 1474 2573 ψιλὸν,
1510 2509 1549 2558 i.

465 2595 512 2629 e.
551 2580 836 2643 arboribus,
868 2582 1060 2655 planus
1095 2596 1191 2629 non
1228 2586 1431 2638 tectum,
1465 2579 1552 2629 ob-

462 2652 622 2699 situm.
662 2649 747 2700 Ad
784 2617 1186 2699 συνελθόντων
1222 2650 1279 2698 in
1312 2648 1552 2714 proxime

465 2719 748 2770 antecedd.
808 2719 987 2785 suppl.
1040 2717 1156 2769 ταῖν
1199 2716 1407 2768 Λυδῶν
1458 2714 1555 2767 καὶ

462 2786 578 2837 τῶν
636 2787 898 2854 Περσων,
942 2790 979 2840 i.
1030 2804 1077 2841 e.
1133 2805 1239 2838 cum
1300 2791 1555 2852 utriusque

461 2860 719 2908 emercitus
751 2862 930 2921 copiae
968 2862 1312 2909 convenissent
1347 2860 1397 2907 in
1440 2860 1555 2920 pla·

463 2929 626 2977 uiciens
666 2936 1004 2991 puqnalurae.
1042 2956 1113 2967 -
1146 2928 1229 2976 De
1269 2927 1423 2993 Hyllo
1460 2928 1555 2976 flu-

465 2996 554 3045 vio
595 2996 803 3047 consul.
845 2997 1099 3047 Strabon.
1137 2996 1298 3046 XIII.
1335 3012 1390 3060 p.
1429 2998 1549 3047 020.

466 3081 509 3114 s.
553 3080 677 3130 pag.
714 3066 817 3117 92⁸
863 3066 934 3128 C,
972 3065 1066 3131 qni
1098 3065 1365 3115 Herodoti
1403 3067 1555 3116 testi-

465 3132 702 3184 monium
734 3135 960 3198 profert.
987 3132 1145 3184 Livio
1171 3135 1448 3198 XXXVII,
1486 3137 1549 3186 37

467 3203 611 3253 idem
635 3205 831 3254 fluvius
857 3204 1059 3253 dicitur
1081 3204 1284 3269 Phry-v,
1300 3219 1455 3269 quem
1475 3211 1553 3254 ta-

466 3289 587 3322 men
612 3274 681 3322 ab
699 3274 852 3337 Hyllo
871 3273 1159 3339 distinguit
1170 3272 1380 3324 Plinius
1403 3276 1548 3324 Hist.

464 3344 594 3394 Nat.
634 3344 700 3405 V,
738 3341 822 3406 29,
860 3343 947 3394 31.
1031 3342 1163 3394 Inde
1198 3349 1386 3393 nostra
1422 3359 1551 3409 quo—

465 3429 568 3478 que
604 3420 785 3463 aetate
810 3413 1053 3463 diversos
1074 3428 1257 3463 amnes
1279 3419 1548 3475 statuunt,

463 3499 647 3534 secum
682 3490 809 3549 post
853 3483 1201 3533 coniunctos:
1248 3483 1361 3533 vid.
1410 3497 1551 3548 quae

464 3554 620 3604 affert
652 3554 918 3619 Forbiger
949 3552 985 3604 I.
1024 3552 1063 3604 l.
1111 3569 1165 3618 p.
1210 3554 1328 3603 174.
1402 3552 1552 3618 Hylli

463 3624 620 3673 fluvii
652 3624 890 3688 piscibus
916 3623 1061 3688 pleni
1096 3624 1296 3673 mentio
1318 3622 1379 3671 fit
1407 3621 1549 3687 apud

463 3693 761 3743 Homerum
807 3694 967 3743 Iliad.
1004 3694 1123 3755 XX,
1149 3692 1269 3755 392,
1309 3693 1400 3742 ubi
1427 3708 1550 3748 con-

463 3761 566 3812 sul.
607 3763 808 3826 Heynii
845 3762 1160 3813 Observatt.
1199 3764 1356 3812 Tom.
1390 3761 1548 3812 VIII.

463 3845 592 3895 pag.
630 3834 717 3881 92.
765 3832 923 3893 Quod
959 3831 1085 3880 huic
1122 3833 1303 3883 versui
1338 3832 1556 3897 adposi-

462 3905 580 3948 tum
616 3904 701 3948 est
736 3900 1029 3963 scholium,
1063 3901 1119 3948 in
1160 3917 1222 3951 eo
1260 3916 1556 3951 memorau-

1654 1398 1738 1447 lus
1773 1413 1942 1464 prope
1959 1399 2300 1464 Magnesiam
2328 1414 2450 1449 sese
2483 1398 2742 1462 infundit,

1656 1467 1766 1517 vid.
1807 1470 1872 1531 V,
1899 1469 1992 1520 101
2027 1470 2208 1534 ibique
2243 1475 2385 1520 nott.
2409 1475 2462 1519 et
2485 1468 2742 1519 Strabon.

1653 1536 1689 1587 l.
1726 1537 1784 1601 l.,
1823 1539 1917 1603 qui
1952 1538 2095 1589 idem
2125 1540 2325 1590 montis
2366 1539 2510 1588 sacri
2545 1538 2743 1603 Dindy-

1652 1623 1817 1657 menes
1850 1610 2112 1672 meminit,
2165 1610 2307 1658 unde
2349 1609 2583 1658 Hermus
2617 1622 2742 1671 pro-

1652 1680 1859 1731 veniat.
1918 1680 2003 1728 De
2034 1693 2142 1743 quo
2181 1684 2366 1728 monte
2401 1677 2623 1742 longum
2660 1682 2745 1726 est

1653 1761 1931 1811 quaerere.
1948 1748 2249 1798 Larcherus
2264 1749 2554 1814 Dindymum
2573 1747 2744 1795 fuisse

1653 1817 1966 1880 suspicatur
1999 1833 2165 1882 prope
2202 1818 2477 1882 Cyzicum.
2517 1816 2742 1866 Rectius

1652 1886 1918 1951 Forbiger
1952 1886 1990 1937 l.
2029 1886 2066 1937 1.
2091 1903 2218 1953 pag.
2266 1889 2362 1937 102
2417 1886 2560 1936 hunc
2595 1900 2745 1936 mon·

1654 1961 1761 2005 tem
1821 1971 1944 2006 eum
2001 1972 2119 2006 esse
2176 1957 2412 2019 indicat,
2462 1956 2556 2021 qui
2600 1970 2743 2005 nunc

1655 2030 1886 2075 vocatur
1922 2025 2121 2076 Mor-ad
2152 2027 2315 2092 daghe
2363 2040 2428 2076 ex
2468 2040 2575 2091 quo
2622 2040 2744 2075 cum

1654 2095 1888 2145 Hermus
1941 2109 2134 2146 revera
2198 2095 2514 2162 proveniat,
2570 2096 2742 2158 primo

1656 2179 1820 2214 cursu
1883 2172 2114 2215 vocatur
2173 2167 2369 2216 Mor-ad
2428 2164 2601 2230 Daqlu·
2648 2165 2741 2214 Su.

1655 2234 1834 2284 Mater
1869 2237 2197 2302 Dindymene,
2237 2250 2378 2301 quae
2415 2235 2581 2285 etiam
2616 2235 2744 2287 sim·

1654 2304 1870 2368 pliciter
1926 2312 2153 2354 vocatur
2201 2306 2512 2372 Dindymene
2559 2302 2634 2368 (V.
2693 2319 2741 2354 c.

1656 2375 1802 2438 apud
1834 2374 2030 2424 Horat.
2057 2374 2160 2424 Od.
2199 2374 2247 2439 1,
2293 2376 2375 2437 16,
2422 2375 2498 2439 5),
2536 2378 2621 2424 est
2641 2373 2745 2437 Cy-

1655 2442 1794 2506 bele,
1831 2449 2007 2492 mater
2055 2442 2231 2506 deum,
2287 2459 2428 2508 quae
2471 2443 2745 2508 Phrygiae

1656 2512 1712 2561 iu
1749 2513 2022 2562 montibus
2061 2512 2274 2564 colitur.
2315 2512 2531 2563 Catullo
2551 2511 2742 2576 (LXX,

1654 2580 1745 2646 91)
1807 2587 1894 2631 est
1943 2584 2054 2632 Dea
2108 2583 2369 2647 Dindymi,
2418 2588 2481 2633 ut
2529 2583 2597 2631 ab
2642 2581 2745 2631 hoc

1656 2651 1929 2716 Phrygiae
1967 2658 2150 2702 monte
2166 2666 2465 2716 cognomen
2502 2656 2748 2717 repeten-

1659 2720 1786 2770 dum
1820 2721 2104 2784 videatur,
2160 2723 2313 2772 cuius
2372 2727 2554 2771 tamen
2604 2719 2745 2769 aliae

1659 2806 1875 2855 quoque
1911 2792 2150 2841 rationes
2200 2791 2269 2841 ab
2307 2790 2431 2840 aliis
2465 2791 2745 2856 proferun-

1659 2867 1764 2910 tur.
1806 2861 1914 2910 Sed
1949 2859 2052 2910 hoc
2069 2876 2102 2910 a
2127 2865 2316 2910 nostro
2344 2858 2463 2912 loco
2489 2861 2743 2911 alienum.

1660 2928 1878 2993 Videat,
1918 2931 2012 2994 qui
2048 2936 2293 2995 quaerat,
2320 2929 2470 2982 locos
2495 2931 2564 2980 ab
2583 2932 2745 2979 inter·

1655 3000 1900 3064 pretibus
1949 3000 2168 3049 Horatii
2221 2999 2445 3064 allatos,
2503 3008 2557 3049 et
2605 3013 2745 3063 quae

1653 3069 1853 3119 dudum
1901 3069 2012 3119 iam
2074 3074 2424 3134 congesserat
2471 3069 2742 3135 ayraldus

1654 3140 1710 3187 in
1748 3144 1941 3203 quarto
1979 3144 2251 3205 syntag-m.
2304 3140 2371 3190 de
2417 3139 2520 3189 diis
2568 3143 2741 3205 gentt.

1652 3224 1706 3273 p.
1748 3224 1818 3258 m.
1864 3207 1962 3258 135
1999 3224 2081 3273 sq.

1720 3273 1817 3326 καὶ
1861 3267 2061 3334 Ὕλλος
2133 3268 2503 3342 συρόηγνῦσι]
2565 3272 2744 3340 Vulgo

1652 3338 2001 3410 συόᾷηγνυσι
2041 3349 2099 3396 in
2138 3345 2421 3411 singulari.
2487 3345 2593 3395 Sed
2629 3344 2745 3409 plu-

1653 3417 1823 3464 ralem
1867 3415 2022 3464 libris
2068 3415 2451 3466 addicentibus
2488 3415 2745 3492 praetuli-

1655 3500 1791 3534 mus.
1827 3484 2024 3535 Itidem
2059 3501 2183 3537 mox
2223 3484 2466 3535 dedimus
2503 3477 2747 3549 Μητρὸς

1654 3571 1749 3619 pro
1787 3554 1934 3620 vulg.
1972 3547 2209 3619 μητρὸς,
2236 3554 2396 3605 litera
2426 3553 2624 3603 initiali
2649 3554 2746 3602 mi-

1655 3623 1794 3674 nori.
1835 3651 1902 3661 —
1939 3614 2233 3673 ἐκδιδόναι
2277 3623 2343 3674 de
2387 3624 2598 3684 fluviis,
2650 3624 2746 3688 qui

1655 3694 1770 3743 sive
1802 3693 1861 3743 in
1908 3710 2056 3743 mare
2104 3695 2219 3742 sive
2266 3695 2323 3744 in
2366 3692 2503 3742 alios
2545 3693 2743 3742 fluvios

1657 3777 1716 3813 se
1749 3768 2070 3825 exonerant,
2109 3762 2304 3813 addita
2341 3763 2746 3827 praepositione

1657 3827 1756 3894 εἰς,
1798 3848 1969 3898 aeque
1999 3839 2161 3897 atque
2191 3827 2401 3892 ἐξιέναι
2439 3833 2545 3881 iam
2579 3846 2744 3899 supra

1658 3902 1942 3968 attigimus
1979 3902 2050 3952 ad
2085 3902 2130 3966 Ι,
2167 3904 2227 3961 ὃς
2266 3896 2376 3951 alia
2397 3901 2644 3951 dabimus
2673 3887 2744 3950 ad

464 3973 554 4017 tur
608 3983 673 4017 ex
720 3969 998 4020 Herodoto
1041 3985 1156 4031 τρε,
1208 3985 1343 4034 quas
1389 3972 1445 4019 in
1492 3986 1555 4020 eo
1658 3972 1755 4033 IV,
1802 3972 1890 4023 85.
1954 3971 2078 4022 vid.
2117 3938 2358 4022 ’Bredow
2413 3988 2469 4037 p.
2518 3971 2604 4032 63,
2651 3971 2745 4034 qui

464 4037 585 4102 ipso
625 4039 914 4102 scriptore,
950 4037 1163 4102 qualem
1207 4054 1350 4088 nunc
1396 4041 1558 4089 habe-
1659 4042 1763 4090 hac
1795 4041 1852 4089 in
1887 4057 1946 4091 re
1991 4056 2158 4091 unum
2205 4032 2496 4090 ἐκδιδόναι
2540 4040 2743 4089 Nostro

460 4122 599 4170 mus,
649 4107 855 4157 frustra
905 4109 1223 4171 quaesieris.
1295 4109 1548 4159 Refertur
1653 4111 1918 4160 usitatum
1951 4111 2123 4160 fuisse
2149 4110 2447 4161 contendit.
2475 4140 2546 4149 —
2573 4100 2746 4157 κατὰ

464 4178 605 4226 enim
642 4177 710 4226 de
745 4176 1034 4240 Iphitionis
1070 4192 1185 4239 ara,
1227 4176 1550 4244 lapidesque
1653 4178 1925 4243 Φωκαίην
1961 4174 2130 4229 πόλιν
2167 4185 2278 4230 est:
2315 4180 2411 4243 bei,
2449 4181 2500 4229 in
2532 4180 2626 4228 der
2647 4180 2745 4228 Ge-

462 4252 653 4297 statua
690 4246 915 4311 antiquo
953 4261 1101 4296 more
1138 4246 1418 4296 elaborata
1453 4248 1550 4298 ali·
1648 4250 1786 4315 yend
1815 4266 1907 4299 von
1955 4251 2211 4300 Phocaea.
2275 4248 2399 4301 vid.
2448 4250 2494 4311 Ι,
2543 4247 2629 4299 70.
2685 4247 2744 4297 Si

459 4317 613 4381 isque
653 4315 718 4365 de
765 4315 954 4379 rebus,
1003 4331 1230 4381 quarum
1276 4315 1364 4365 hic
1401 4318 1551 4368 nulla
1651 4318 1981 4369 Bredovium
2036 4336 2089 4383 p.
2142 4318 2239 4370 130
2298 4318 2599 4383 sequimur,
2647 4332 2744 4382 pro

459 4387 683 4438 menti0.
706 4415 777 4425 —
799 4387 883 4438 De
918 4386 1122 4450 Herma,
1160 4387 1217 4436 in
1241 4400 1398 4451 quem
1418 4387 1554 4452 Hyl-
1655 4386 1957 4453 Φωκαίην,
2016 4388 2163 4455 quod
2209 4388 2399 4453 optimi
2443 4386 2646 4453 quique
2681 4387 2743 4436 li-
