3109 5092
1249 329 1508 391 CLIO.
1546 330 1600 389 I.
1651 340 1737 392 12.
2546 329 2618 390 31

337 511 702 593 βασιληΐην
728 500 956 590 Γύγης
974 523 987 536 ·
1047 506 1168 571 τοῦ
1207 503 1319 571 καὶ
1348 498 1723 590 Ἀρχίλοχος
1750 494 1786 571 ὃ
1812 498 2101 591 Πάριος,
2147 497 2315 570 κατὰ
2351 498 2473 571 τὸν
2498 496 2622 569 αὐ-

338 693 1432 839 :52‘1“‘‡32'²}.}535''233230‘33‘225

338 841 543 909 θυρῶν
577 842 672 908 (al.
695 835 923 905 ἐξιόντα
955 838 1039 899 εἰς
1069 832 1434 921 {magd-uic

340 911 591 979 θυρῶν)
653 905 812 963 ἄλλοι
864 908 1194 963 Τουὸοῦν
1247 925 1432 974 αυτην

340 982 663 1048 καλεῖσθαι,
706 976 768 1032 οἱ
801 975 865 1032 δὲ
902 978 1233 1046 Κλυτίαν,
1269 972 1433 1047 ἸἈβαιῑς

342 1046 405 1102 δὲ
428 1044 483 1100 ‘A
539 1045 628 1118 ρὼ
665 1044 884 1117 ταύτην
907 1049 1234 1102 καλεῖσθαι·
1272 1047 1429 1114 σιγῆ-

345 1134 436 1169 σαι
508 1114 534 1170 ὲ
565 1112 819 1187 τοῦνομά
845 1136 987 1188 φασι
1022 1118 1123 1184 τῆς
1157 1113 1431 1185 γυναικὸς

344 1182 447 1238 τὸν
484 1180 821 1257 Ἡρόδοτον,
884 1184 1006 1242 ἐπεὶ
1060 1187 1091 1241 ὁ
1154 1182 1433 1255 ἐρώμενος

333 1250 643 1322 Ἡροδότου
662 1255 1025 1328 Πλησίρᾆος
1044 1260 1107 1311 Ν
1114 1276 1151 1310 υ
1166 1258 1317 1317 σίας
1335 1257 1432 1323 (sl.

342 1326 621 1411 Νυσσίας)
648 1320 886 1396 ὀνόματι
911 1320 1435 1396 ἔρασθεὶςᾊλικαρ-

343 1395 542 1454 νασίας
564 1414 626 1449 το
660 1397 851 1465 γένος,
888 1391 1009 1451 ἐπεὶ
1031 1393 1108 1466 μὴ
1132 1394 1293 1481 τύχοι
1330 1397 1433 1462 τῆς

341 1457 591 1531 ἑταίρας,
610 1465 717 1518 οὐκ
736 1461 1079 1535 ἀνεχόμενος
1099 1466 1286 1538 βροχῳ
1309 1460 1436 1518 ἔαυ-

340 1529 444 1585 τὸν
478 1528 785 1603 ἀνήρτησε·
823 1535 916 1589 διὸ
947 1534 1318 1604 φυλάξασθαι
1358 1528 1435 1593 ὡς

338 1598 593 1687 ἀπεζθὲς
628 1603 814 1657 εἰπεῖν
848 1601 912 1657 τὸ
936 1607 1037 1673 τῆς
1059 1608 1281 1666 Νυσίας
1306 1597 1436 1657 ὄνο-

339 1690 417 1741 μα
469 1667 832 1740 Ηρόδοτον.“
902 1679 1109 1729 Nomen
1149 1676 1344 1729 Νυσία
1388 1690 1434 1726 s.

341 1744 576 1796 Νυσσία
606 1752 790 1797 utrum
826 1763 861 1797 a
907 1740 1093 1798 νύσσω
1144 1748 1205 1814 (i.
1249 1765 1298 1799 e.
1346 1763 1439 1797 ex-

341 1816 463 1881 cito)
502 1832 575 1865 an
618 1833 653 1867 a
690 1810 876 1867 νύσσα
920 1815 1121 1884 (arbor)
1170 1820 1245 1869 sit
1290 1832 1438 1882 repe-

344 1886 589 1949 tendum,
610 1886 779 1937 nolim
801 1888 1122 1938 discernere.
1172 1884 1440 1937 Τουδοῦν

341 1955 506 2019 illud,
555 1971 590 2005 a
626 1958 962 2007 nominativo
1005 1948 1207 2006 Τουὸὠ
1243 1958 1438 2011 forma-

342 2032 489 2087 tum,
550 2025 784 2092 indeque
838 2028 1163 2078 feminarum
1206 2027 1440 2078 Graeca·

343 2111 463 2145 rum
496 2097 804 2147 nominibus
842 2098 901 2147 in
924 2112 967 2146 ω
994 2097 1316 2149 exeuntibus
1352 2095 1440 2159 (de

345 2165 543 2230 quibus
602 2167 931 2217 Tzschimer
986 2169 1044 2217 in
1102 2168 1438 2231 Programm.

348 2235 646 2286 Vratislav.
678 2237 832 2288 1851.
857 2254 912 2303 Ρ.
941 2239 964 2288 1
994 2238 1139 2302 sqq.)
1154 2235 1440 2296 accedens,

346 2305 639 2355 Etruscum
688 2307 818 2371 quid
864 2311 961 2357 aut
996 2307 1312 2358 Umbricum
1358 2320 1443 2355 so-

347 2389 481 2427 nam
515 2375 750 2426 videtur.
818 2376 943 2428 vid.
976 2376 1152 2428 Lanzi
1182 2377 1241 2425 in
1270 2376 1439 2440 Sag-g.

347 2443 403 2492 di
426 2444 589 2510 Ling.
614 2448 833 2497 Etrusc.
861 2447 937 2497 11.
964 2462 1017 2511 Ρ.
1046 2446 1164 2497 146.
1192 2445 1311 2496 149.
1342 2444 1435 2495 151

348 2511 463 2576 (ubi
503 2513 632 2565 Tute
666 2516 704 2565 i.
743 2532 791 2567 e.
834 2509 1098 2581 Τυδεύς).
1125 2515 1231 2566 ΙΙΙ.
1256 2529 1310 2579 p.
1335 2512 1440 2567 808

346 2583 610 2647 (lusan,
658 2586 840 2636 Timere
869 2587 907 2635 i.
934 2602 983 2636 e.
1019 2586 1232 2652 Tuder).
1284 2586 1345 2635 C.
1371 2583 1436 2634 O.

346 2653 593 2705 Mueller.
616 2656 833 2706 Etrusc.
865 2657 931 2707 T.
951 2656 997 2705 Ι.
1035 2671 1163 2721 pag.
1192 2655 1298 2707 334
1321 2668 1437 2718 seq.

345 2722 488 2773 Nam
505 2725 808 2776 Tuscorum
828 2726 955 2776 urbs
979 2729 1309 2776 memoretur
1339 2723 1386 2772 T
1383 2740 1440 2772 u—

346 2792 458 2842 der.
518 2794 623 2843 His
646 2795 776 2844 addi
809 2811 953 2845 nunc
977 2799 1261 2860 poterunt,
1300 2808 1441 2860 quae

348 2861 605 2913 disseruit
624 2866 690 2914 E.
717 2865 962 2916 Mueller.
978 2867 1034 2914 in
1046 2863 1443 2916 Schneidewini

344 2931 616 2998 Philolog.
654 2934 782 2998 VII,
819 2937 870 2985 2.
911 2952 965 3000 p.
1003 2934 1107 2986 246
1144 2950 1296 3000 seqq.
1337 2934 1442 2984 252

345 3003 1442 3136 Ζῗθῖἦᾱὲἓὲξῖξὲἒζ3ζὲἓωῖᾜῖζὲ

344 3140 465 3191 vult
488 3141 829 3195 vulcanicam
843 3182 857 3208 ,
895 3160 1059 3210 quam
1082 3144 1297 3206 dicunt,
1331 3157 1442 3193 cre-

346 3211 443 3259 bro
490 3211 617 3262 inde
661 3220 954 3277 mutatam,
1008 3214 1144 3264 adeo
1192 3220 1253 3262 ut
1300 3226 1443 3278 quae

345 3295 557 3344 aquosa
582 3282 800 3347 fuerint,
834 3300 957 3337 mox
984 3285 1277 3345 exsiccata,
1299 3297 1438 3348 quae

344 3349 505 3400 firma
539 3356 596 3400 et
630 3354 832 3417 solida,
874 3370 998 3404 mox
1034 3353 1191 3417 aquis
1229 3351 1441 3416 repleta

345 3424 404 3469 et
439 3419 689 3473 demersa
723 3425 981 3474 existant.
1056 3422 1276 3473 Curtius
1315 3420 1441 3486 (Ar-

344 3488 597 3556 chflolog.
650 3494 789 3544 Zeit.
830 3494 930 3544 XI.
974 3509 1026 3557 p.
1070 3489 1193 3553 150)
1233 3491 1441 3556 Gygem

344 3561 583 3609 numinis
651 3578 916 3628 aquarum
986 3560 1441 3628 significationem

345 3628 605 3680 habuisse
639 3633 935 3683 contendit.

418 3695 525 3747 τοῦ
547 3697 645 3750 καὶ
675 3693 994 3768 Ἀρχίλοχος
1014 3690 1045 3750 ὁ
1066 3694 1302 3763 Πάριος,
1341 3713 1441 3747 κα·-

345 3759 419 3815 t&
434 3760 543 3817 τὸν
562 3761 745 3821 αὐτὸν
763 3765 978 3837 χρόνον
1004 3760 1335 3835 γενόμενος,
1380 3760 1442 3816 ἐν

346 3828 531 3956 (41:29⁰
579 3836 855 3909 τριμέτρῳ
891 3830 1248 3904 ἐπεμνήσθη]
1288 3838 1443 3887 Haec

347 3921 418 3956 ve
483 3923 517 3958 a
548 3924 582 3959 a
604 3910 828 3961 librarIo
854 3910 1089 3975 quodam
1114 3907 1442 3959 Herodoteis

349 3975 566 4028 adiecta
646 3980 1030 4044 suspicabatur
1091 3977 1442 4041 wesseling„

348 4044 595 4112 adeoque
647 4051 921 4114 persuasit
956 4049 1144 4098 Reizio
1185 4049 1245 4095 in
1280 4047 1443 4096 Prae-

348 4115 451 4166 fat.
477 4133 531 4181 p.
558 4119 712 4170 XIX.
769 4118 877 4170 Sed
906 4119 1211 4168 retinentur
1244 4115 1340 4165 illa
1373 4115 1443 4165 ab

351 4187 599 4237 omuibus
657 4188 816 4238 libris
860 4204 1024 4238 manu
1058 4186 1306 4251 scriptis,
1342 4199 1445 4233 nec

348 4254 491 4304 ratio
526 4257 660 4306 mihi
683 4263 910 4323 apparet
943 4258 1116 4319 iusta,
1156 4271 1253 4305 cur
1272 4256 1443 4305 Hero-

350 4323 566 4388 dotum,
607 4329 700 4391 qui
724 4327 952 4377 aliorum
982 4332 1266 4391 poetarum
1289 4322 1443 4373 testi-

350 4396 533 4445 monia
566 4396 773 4460 passim
808 4396 965 4447 affert
1002 4394 1135 4460 (vid.
1172 4394 1442 4455 Schweig-

1535 700 1784 751 haeuser.
1826 698 1896 749 ad
1932 699 1987 750 h.
2013 699 2051 749 l.
2088 700 2213 752 add.
2253 703 2328 764 11,
2361 702 2480 754 156.
2519 702 2624 765 111,

1534 772 1622 821 38.
1673 770 1791 820 121.
1841 770 1908 832 V,
1945 769 2065 835 95),
2109 769 2197 820 hic
2243 772 2386 822 idem
2432 772 2627 822 fecisse

1534 855 1748 905 negem.
1821 839 1984 903 Legit
2021 839 2253 906 denique
2287 843 2422 891 haec
2457 842 2626 891 verba

1536 925 1636 959 suo
1675 911 1732 959 in
1767 909 1954 958 codice
1975 908 2203 960 Rufinus
2231 912 2625 962 Grammaticus

1533 995 1588 1044 p.
1629 980 1766 1030 2713
1817 977 1901 1029 ed.
1941 980 2168 1029 Putsch.
2217 986 2271 1030 et
2323 980 2629 1031 confirmari

1532 1049 1788 1099 videntur
1824 1048 1922 1098 illa
1967 1051 2214 1114 repetitis
2255 1052 2436 1101 verbis
2475 1051 2631 1099 initio

1535 1120 1732 1183 capitis
1769 1134 1882 1183 sq.:
1920 1111 2043 1183 ἔσχε
2080 1115 2145 1169 δὲ
2172 1113 2277 1185 τὴν
2309 1116 2631 1186 βασιληΐην,

1535 1204 1676 1253 quae
1713 1188 1956 1254 alioquin
2003 1189 2282 1240 abundare
2331 1191 2447 1241 iure
2484 1190 2628 1239 dixe-

1534 1261 1631 1309 ris.
1661 1287 1729 1295 -
1767 1257 1924 1321 Quod
1957 1258 2028 1307 ad
2063 1265 2302 1311 aetatem
2337 1259 2632 1310 Archilochi

1536 1329 1764 1391 attinet,
1802 1344 1961 1393 quem
1987 1330 2205 1380 Romuli
2229 1330 2513 1395 aequalem
2551 1331 2630 1379 fs-

1539 1399 1614 1449 cit
1648 1398 1836 1449 Cicero
1869 1398 1928 1447 in
1942 1400 2138 1450 Tusce.
2178 1400 2224 1463 Ι,
2266 1401 2333 1463 1.,
2373 1399 2478 1450 hoc
2513 1400 2629 1465 qui-

1538 1469 1661 1519 dem
1696 1469 1832 1519 satis
1871 1474 2076 1519 certum
2110 1470 2348 1534 videtur,
2387 1470 2632 1520 Archilo-

1540 1539 1724 1602 chum,
1772 1539 1866 1604 qui
1901 1539 2144 1590 Thasum
2180 1541 2235 1589 in
2272 1540 2506 1591 insulam
2543 1556 2630 1589 co-

1537 1608 1696 1659 lonus
1753 1607 1920 1657 cessit
1971 1616 2113 1660 anno
2168 1618 2338 1671 nono,
2402 1626 2468 1659 ex
2523 1624 2628 1674 quo

1541 1679 1723 1744 Gyges
1761 1693 1989 1743 regnare
2025 1687 2307 1744 coeperat,
2354 1684 2470 1728 tum
2503 1694 2630 1743 pue-

1539 1749 1701 1798 ritiae
1760 1764 1932 1798 annos
1993 1748 2101 1799 iam
2161 1749 2463 1799 excessisse
2536 1746 2628 1812 (cf.

1540 1817 1780 1868 Clinton.
1820 1818 1974 1867 Fast.
1999 1818 2213 1868 Hellen.
2250 1818 2296 1868 Ι.
2321 1835 2373 1882 Ρ.
2412 1818 2553 1882 175),
2595 1817 2629 1866 i.

1541 1905 1589 1937 e.
1627 1903 1769 1938 anno
1808 1888 1912 1937 708
1949 1902 1998 1935 a.
2027 1887 2152 1938 Chr.
2186 1904 2262 1950 n.,
2300 1886 2634 1950 eundemque

1542 1957 1757 2022 Olymp.
1796 1956 1990 2006 XXIII
2028 1956 2149 2021 (687
2190 1973 2241 2008 a.
2281 1956 2379 2007 Ch.
2415 1956 2493 2023 n.)
2544 1955 2634 2006 sd·

1541 2027 1650 2076 huc
1673 2027 1880 2076 vixisse
1910 2025 2154 2091 adeoque
2181 2028 2450 2078 floruisse:
2490 2025 2633 2092 quod

1539 2096 1724 2162 plures
1793 2101 2069 2147 testantur
2131 2098 2424 2163 scriptores
2499 2096 2631 2161 (vid.

1544 2166 1780 2216 Clintou.
1815 2167 1860 2215 Ι.
1899 2183 1955 2231 p.
2000 2167 2166 2231 181.).
2192 2168 2374 2234 Gyges
2397 2182 2526 2217 vero
2561 2166 2633 2221 {d

1543 2251 1768 2301 regnum
1803 2242 2025 2287 evectus
2061 2242 2173 2300 est,
2217 2241 2266 2287 si
2300 2238 2632 2288 Larcherum

1544 2307 1818 2370 sequimur
1831 2306 2056 2371 (T.V11.
2071 2324 2124 2372 p.
2147 2307 2267 2359 212.
2284 2308 2427 2372 599),
2449 2308 2632 2372 Olym-

1542 2375 1688 2439 piad.
1721 2375 1868 2426 XVI.
1906 2392 1953 2431 s,
1997 2378 2100 2443 715
2137 2393 2189 2429 s.
2219 2377 2376 2441 chr„
2415 2378 2464 2426 si
2489 2377 2632 2429 clin-

1542 2449 1725 2495 tonem
1756 2445 1823 2508 (I.
1861 2462 1917 2511 p.
1948 2446 2103 2511 170),
2141 2449 2245 2498 716
2269 2462 2318 2496 a.
2352 2447 2479 2496 Chr.
2500 2485 2513 2509 ,
2551 2462 2632 2495 re·

1543 2529 1817 2580 gnumque
1849 2520 2073 2566 auctore
2117 2516 2397 2566 Herodoto
2438 2516 2505 2579 (Ι,
2544 2516 2630 2579 14)

1543 2586 1724 2633 tenuit
1752 2599 1848 2648 per
1883 2600 2055 2635 annos
2092 2585 2401 2647 XXXVIII,
2441 2585 2495 2633 id
2530 2590 2632 2646 cst,

1542 2667 1718 2717 usque
1752 2652 1821 2702 ad
1843 2653 2060 2718 Olymp.
2085 2655 2252 2704 XXV.
2295 2667 2494 2703 annum
2530 2658 2635 2702 ter-

1542 2724 1680 2772 tium
1718 2738 1762 2772 s.
1801 2721 1904 2773 678
1940 2727 2069 2772 ante
2092 2723 2218 2774 Chr.
2244 2739 2297 2772 n.
2333 2722 2428 2786 (cf.
2468 2721 2631 2772 Clint.

1545 2793 1592 2843 Ι.
1643 2808 1696 2857 p.
1753 2791 1905 2857 184),
1948 2791 2085 2841 adeo
2146 2800 2209 2842 ut
2252 2792 2636 2843 Archilochum

1543 2866 1764 2928 poetam
1813 2861 2094 2928 aequalem
2141 2862 2340 2912 habere
2375 2863 2636 2927 potuerit,

1544 2932 1918 2998 Herodotique
1967 2932 2337 2983 testimonium
2381 2934 2638 2998 gravissi-

1543 3017 1691 3052 mum
1727 3003 1864 3052 satis
1900 3004 2298 3067 comprobetur.
2372 3004 2458 3054 Tu
2488 3003 2634 3054 conf.

1545 3071 1767 3122 Caesar.
1839 3073 1925 3122 De
1961 3073 2186 3123 carmin.
2227 3073 2452 3124 Graece.
2496 3074 2634 3138 eleg.

1545 3142 1682 3207 orig.
1721 3158 1776 3206 p.
1817 3142 1886 3193 59
1923 3158 2037 3207 seq.
2077 3144 2162 3192 72.
2235 3143 2636 3195 Westermtnn.

1541 3211 1601 3260 in
1646 3210 2115 3262 Commentatione
2176 3213 2286 3262 iam
2344 3227 2511 3278 supra
2569 3211 2640 3261 ad

1544 3296 1666 3344 cap.
1690 3281 1724 3331 6
1755 3280 1983 3332 laudata
2017 3296 2145 3347 pag.
2187 3283 2281 3332 12:
2322 3284 2416 3346 qui
2451 3283 2520 3332 de
2555 3296 2640 3331 ae-

1544 3354 1659 3401 tate
1694 3356 1891 3415 poetae
1925 3357 2076 3401 recte
2112 3352 2498 3402 constituenda
2533 3349 2638 3398 dis-

1541 3423 1832 3484 putarunt:
1860 3419 1927 3470 de
1963 3422 2083 3484 ipso
2123 3425 2290 3484 poeta
2326 3421 2397 3469 cf.
2419 3419 2638 3469 Fabi-ic.

1542 3490 1685 3541 Bibl.
1723 3488 1916 3539 Graec.
1943 3489 2019 3538 11.
2051 3505 2104 3552 p.
2143 3488 2241 3538 107
2267 3502 2382 3551 seq.
2429 3486 2637 3537 Liebel.

1544 3560 1616 3609 ad
1669 3557 1981 3609 Archilochi
2037 3555 2229 3620 reliqq.
2287 3572 2340 3621 p.
2396 3556 2466 3606 60
2520 3571 2633 3619 seq.

1543 3627 1944 3679 Schneidewini
1987 3624 2200 3675 Delect.
2262 3641 2411 3689 poes.
2457 3625 2533 3680 11.
2582 3642 2636 3690 p.

1547 3699 1644 3749 171
1693 3712 1844 3763 seqq.
1916 3694 2090 3745 Ulrici
2152 3695 2347 3746 Gesch.
2409 3694 2461 3744 d.
2511 3694 2636 3745 hell.

1544 3768 1707 3817 Poes.
1732 3766 1808 3816 11.
1832 3782 1887 3830 p.
1912 3763 2014 3815 263
2032 3764 2087 3814 ff.
2111 3764 2229 3816 269.
2268 3765 2420 3815 Bode
2439 3764 2634 3816 Gesch.

1547 3836 1600 3885 d.
1638 3835 1764 3887 hell.
1791 3834 2012 3885 Dichtk.
2051 3834 2137 3897 11,
2181 3836 2226 3885 1.
2249 3850 2304 3900 Ρ.
2344 3833 2447 3887 2OE
2484 3851 2635 3901 seqq.

1545 3906 1866 3970 Bernhardy
1902 3905 2116 3956 Griech.
2153 3905 2290 3954 Litt.
2330 3906 2406 3955 ΙΙ.
2442 3920 2497 3969 Ρ.
2535 3906 2632 3957 351

1546 3990 1698 4040 seqq.
1773 3976 2030 4027 senarius
2057 3976 2199 4040 ipse,
2239 3990 2346 4039 quo
2371 3976 2639 4039 respicere

1545 4044 1762 4095 videtur
1784 4045 2115 4106 Herodotus,
2145 4049 2328 4094 exstat
2351 4044 2496 4108 apud
2520 4044 2643 4093 Ari-

1547 4114 1729 4164 stotel.
1767 4115 2019 4166 Rhetorr.
2071 4113 2181 4175 III,
2235 4114 2300 4163 17
2346 4113 2470 4163 coll.
2517 4112 2642 4162 Plu-

1545 4185 1718 4234 tarch.
1759 4184 1954 4235 Moral.
1998 4184 2073 4233 Π.
2115 4198 2167 4246 Ρ.
2208 4183 2312 4233 470
2345 4183 2410 4232 Β.
2485 4182 2644 4231 Unde

1545 4254 1751 4303 relatus
1790 4259 1874 4304 est
1907 4255 1965 4302 in
1996 4250 2259 4302 Brunckii
2284 4250 2445 4301 Anal.
2486 4251 2551 4299 Τ.
2592 4251 2640 4300 Ι.

1544 4338 1597 4387 p.
1638 4324 1733 4385 42,
1789 4323 1884 4372 ubi
1932 4322 2055 4370 vide
2104 4320 2342 4370 Iacobsii
2386 4318 2641 4367 Animad-

1543 4407 1716 4444 verss.
1756 4391 1975 4441 Anthol.
2017 4390 2083 4438 T.
2123 4389 2170 4437 Ι.
2202 4403 2254 4451 Ρ.
2298 4388 2427 4437 155:
