3109 5092
419 882 536 943 177

540 393 663 457 824

1415 390 1957 453 HERODOTI

545 573 623 641 ἐν
653 567 822 655 Ede,
864 573 1170 658 κείμενος
1195 564 1363 637 κατὰ
1391 563 1509 636 τὸν
1538 562 1747 635 αὐτὸν
1777 562 2029 654 τρόπον
2057 567 2151 657 τῷ
2183 563 2258 632 ἐν
2294 564 2561 651 Μέμφι.
2604 569 2704 651 τῇ
2724 559 2867 631 Ἴσι

546 701 618 744 τε
656 671 731 744 τὸ
766 677 843 745 ἐν
869 675 1113 762 Μέμφι
1153 670 1302 761 ἱρὸν
1335 669 1615 760 Ἀμασίς
1655 672 1792 738 ἐστι
1829 664 1866 737 ὁ
1908 665 2456 756 ἐξοικοδομήσας,
2499 665 2617 736 ἐὰν
2667 669 2865 756 μέγα

547 805 619 848 τε
655 779 765 849 καὶ
792 774 1367 864 ἀξιοθεητότατον.

697 878 843 951 Ἐπ’
894 877 1201 968 Ἀμάσιος
1243 878 1316 948 δὲ
1365 877 1675 966 βασιλέος
1728 875 1991 961 λέγεται
2027 883 2368 961 Αἴγυπτος
2412 871 2716 961 μάλιστα
2771 871 2865 961 δὴ

547 985 696 1056 τότε
727 981 1233 1073 εὐδαιμονῆσαι,
1263 983 1376 1052 καὶ
1403 977 1484 1049 τὰ
1512 977 1647 1049 ἀπὸ
1674 983 1795 1047 τοῦ
1822 982 2125 1067 ποταμοῦ
2150 982 2235 1068 τῇ
2269 975 2451 1065 χαίρῃ
2484 976 2859 1066 γινόμενα,

549 1091 662 1160 καὶ
690 1086 770 1159 τὰ
796 1085 928 1159 ἀπὸ
955 1092 1072 1175 τῆς
1099 1085 1318 1176 χώρης
1342 1099 1516 1154 τοῖσι
1544 1080 1991 1170 ἀνθρώποισι.
2050 1082 2163 1153 καὶ
2192 1078 2385 1160 πόλις
2413 1083 2488 1149 ἐν
2516 1077 2705 1170 αὐτῇ
2734 1107 2861 1167 ye-

549 1195 792 1264 νέσθαι
832 1189 948 1272 τὰς
987 1186 1248 1270 ἁπάσας
1285 1189 1435 1259 τότε
1482 1192 1839 1276 δισμυρίας
1876 1182 1994 1265 τὰς
2031 1187 2437 1272 οἰκεομένας.
2501 1183 2729 1272 νόμον
2777 1182 2859 1253 δὲ

546 1394 620 1445 ad
654 1406 844 1444 vocem
880 1385 1070 1450 ἕτερος
1112 1387 1358 1439 additum
1393 1388 1638 1440 invenis-

547 1470 638 1514 tur
671 1460 903 1518 λίθινος
946 1457 1059 1509 alia
1106 1463 1272 1523 atque
1319 1459 1376 1508 in
1422 1462 1639 1509 antece·

550 1532 804 1583 dentibus
828 1527 1251 1596 significatione.
1306 1528 1500 1593 Itaque
1528 1528 1640 1578 Ita-

548 1601 638 1653 lus
657 1602 925 1667 interpres
948 1597 1111 1663 plane
1142 1597 1324 1648 omisit
1347 1613 1537 1648 vocem
1559 1595 1640 1647 u-

551 1671 742 1734 θινος,
774 1669 983 1736 reliqua
1002 1669 1083 1719 sic
1103 1672 1350 1718 vertens:
1388 1667 1639 1731 „Stanno

552 1742 659 1792 due
694 1740 894 1792 colossi
933 1738 988 1788 di
1014 1737 1192 1803 pietra
1215 1737 1453 1802 etiopica
1477 1767 1548 1778 —-
1571 1765 1641 1776 —

552 1814 610 1862 υό
647 1813 694 1860 n'
721 1810 788 1860 Ιια
814 1807 971 1861 anche
997 1824 1062 1857 un
1087 1809 1223 1859 altro
1249 1807 1305 1856 in
1336 1807 1462 1857 Sa‘is
1492 1805 1639 1856 ete.“

553 1882 618 1933 In
655 1896 805 1946 seqq.
856 1877 926 1929 ad
961 1877 1185 1929 verbum
1234 1867 1643 1940 ἐξοικοδομεῖν

554 1951 700 2002 conf.
728 1953 996 2017 cognatae
1015 1947 1254 1998 notionis
1283 1946 1505 1997 verbum
1536 1935 1641 1994 ἐκ·

554 2022 770 2086 ποιεῖν,
808 2020 876 2070 de
906 2033 1013 2084 quo
1044 2017 1121 2080 ΙΙ,
1164 2017 1280 2067 125.
1325 2015 1442 2067 136.
1479 2015 1595 2066 175.

847 2138 982 2189 ΟΑΡ.
1020 2135 1344 2187 CLXXVII.

613 2214 732 2272 Ἐπ’
760 2212 1018 2286 Ἀμάσιος
1044 2215 1107 2270 δὲ
1124 2247 1190 2258 -
1209 2211 1643 2287 εὐδαιμονῆσαι]

551 2294 699 2343 Vera
732 2291 868 2341 haec
903 2290 1107 2353 videri,
1155 2305 1296 2355 quae
1328 2289 1643 2341 Herodotus

555 2361 775 2425 scripsit
822 2359 891 2409 ab
927 2360 1061 2425 ipsis
1095 2359 1413 2424 Aegyptiis,
1466 2375 1643 2410 sacer-

554 2429 775 2481 dotibus
823 2429 1043 2494 opinor,
1095 2428 1202 2478 sibi
1245 2428 1479 2490 tradita,
1531 2433 1644 2478 sta·

556 2501 664 2551 tuit
697 2499 972 2550 Letroune
993 2494 1158 2550 Mem.
1197 2497 1265 2549 de
1300 2497 1509 2548 l'Acad.
1547 2497 1644 2549 des

556 2572 731 2622 Inscr.
778 2568 961 2620 XVII.
1005 2569 1073 2619 P.
1127 2568 1177 2620 1.
1224 2584 1280 2633 p.
1323 2567 1410 2619 34.
1482 2568 1645 2618 Hanc

556 2638 796 2706 Aegypti
832 2638 1154 2690 felicitatem
1205 2654 1273 2689 ex
1322 2638 1645 2688 commercio

557 2726 679 2762 cum
701 2710 903 2761 exteris
921 2709 1195 2774 gentibus,
1221 2708 1363 2775 quod
1393 2707 1486 2759 illo
1513 2713 1648 2758 tem-

557 2795 688 2847 pore
746 2779 968 2849 institui
1007 2782 1257 2844 coeptum
1317 2793 1440 2828 mox
1484 2776 1648 2827 valde

560 2849 809 2911 creverit,
833 2847 1181 2914 repetendam
1203 2851 1390 2898 censet
1407 2848 1647 2898 Heeren.

558 2920 727 2970 Ideen
755 2918 831 2980 11,
867 2919 919 2969 2.
951 2933 1080 2982 pag.
1119 2916 1239 2967 390.
1311 2917 1427 2968 Nec
1462 2920 1648 2966 tamen

558 2987 694 3037 illud
729 3002 794 3036 ex
828 2985 1097 3036 Herodoti
1140 2986 1322 3036 verbis
1373 2984 1646 3050 colligam,

561 3070 701 3120 quae
736 3053 806 3103 ad
839 3054 1052 3117 largum
1086 3054 1300 3120 frugum
1325 3059 1646 3119 proventum

560 3141 627 3174 ex
665 3122 778 3173 Nili
819 3121 1176 3172 inundatione
1222 3123 1412 3173 maiori
1470 3128 1645 3173 ortum

561 3191 1647 3329 {¹55¹}2032512205522⁰Jssaenz¹³¹33fflz²

561 3334 718 3383 viora
762 3334 916 3393 sunt,
966 3346 1107 3395 quae
1155 3332 1211 3381 in
1253 3332 1306 3382 h.
1344 3329 1383 3381 l.
1422 3347 1521 3382 nos
1570 3337 1648 3382 te-

561 3407 721 3463 nent,
778 3401 825 3451 si
872 3416 1057 3451 sacros
1103 3400 1427 3452 Iudaeorum
1477 3401 1647 3452 libros

563 3470 928 3524 consulamus.
1013 3471 1124 3521 Eos
1171 3471 1309 3522 enim
1359 3472 1405 3521 si
1456 3487 1651 3537 sequa-

563 3558 713 3606 mur,
762 3557 824 3591 eo
870 3542 990 3605 ipso
1038 3544 1304 3606 tempore,
1352 3557 1457 3606 quo
1506 3558 1651 3593 sum·

565 3627 704 3662 mam
769 3610 1005 3676 Aegypti
1065 3609 1385 3661 felicitatem
1448 3612 1650 3663 Noster

562 3680 873 3747 praedicat,
930 3679 1497 3731 Nabuchodonosor-us
1549 3681 1652 3732 Ae·

566 3756 790 3817 gyptum
824 3750 971 3814 cepit
996 3749 1277 3815 ipsumque
1305 3750 1523 3814 Apriem
1563 3748 1651 3815 (de

566 3835 671 3884 quo
711 3834 876 3882 supra
904 3819 979 3881 11,
1014 3818 1167 3885 169),
1207 3824 1269 3868 ut
1303 3820 1534 3882 videtur,
1571 3819 1651 3869 in-

564 3888 736 3938 terfici
771 3888 951 3938 iussit.
1012 3887 1236 3938 Terram
1273 3892 1547 3939 vastatam
1573 3894 1650 3940 'ac

509 3970 532 3991 .
568 3958 856 4017 desertam,
895 3970 1035 4023 quae
1058 3957 1423 4023 quadraginta
1441 3974 1536 4023 per
1555 3974 1652 4009 sn-

564 4040 664 4076 nos
701 4024 1008 4075 inhabitata
1041 4026 1248 4089 iaceat,
1299 4032 1514 4091 gentem
1550 4029 1651 4078 Ae-

566 4094 876 4160 gyptiorum
911 4095 965 4143 in
1004 4094 1142 4144 elias
1170 4096 1420 4159 regiones
1446 4097 1650 4162 disper-

566 4179 682 4215 sam
731 4163 878 4212 canit
912 4162 1107 4214 Ezeeh.
1145 4164 1352 4225 XXIX,
1400 4167 1433 4218 9
1473 4181 1645 4233 seqq„

567 4248 800 4299 quocum
857 4233 1005 4282 conf.
1053 4232 1247 4283 Ierem.
1307 4234 1511 4297 XLIV,
1559 4236 1645 4288 30.

566 4303 772 4365 XLVI,
822 4300 910 4353 26.
987 4300 1296 4352 Abdallatif
1347 4318 1400 4366 p.
1459 4304 1559 4354 184
1618 4320 1647 4355 e

565 4372 924 4423 translatione
984 4371 1166 4437 Sacyi.
1248 4369 1417 4422 Plura
1468 4374 1647 4425 Beck:

566 4442 900 4508 Weltgesch.
939 4441 985 4492 1.
1011 4456 1136 4507 pag.
1169 4440 1290 4492 729.
1346 4443 1501 4493 Haec
1527 4460 1648 4494 cum

564 4527 785 4577 prorsus
822 4516 1124 4578 repugnent
1148 4510 1493 4564 Herodoteae
1526 4529 1649 4565 nar-

1738 1388 1958 1451 rationi,
1996 1388 2193 1438 statuit
2212 1384 2631 1450 Wesselingius,
2675 1385 2858 1437 Grae-

1740 1474 1863 1510 cum
1911 1458 2230 1523 scriptorem
2276 1471 2377 1507 sua
2410 1456 2710 1519 Aegyptiis
2765 1470 2857 1504 sa-

1742 1527 2052 1579 cerdotibus
2091 1526 2307 1588 debere,
2343 1525 2437 1591 qui
2466 1523 2642 1575 multa
2681 1524 2853 1574 dissi-

1741 1598 2002 1648 mularint
2049 1602 2105 1646 et
2150 1595 2343 1646 ultima
2388 1594 2671 1644 Amasidis
2718 1595 2854 1644 sata

1743 1668 2061 1733 felicemque
2121 1665 2277 1731 regni
2337 1668 2543 1714 statum
2608 1664 2850 1714 nimium

1745 1743 2005 1803 quantum
2032 1736 2299 1786 auxerint.
2348 1735 2522 1796 Quem
2546 1733 2713 1784 multi
2736 1734 2847 1783 viri

1746 1807 1894 1857 docti
1929 1806 2105 1856 secuti
2159 1810 2305 1856 sunt.
2378 1804 2466 1853 Tu
2508 1802 2656 1854 conf.
2694 1808 2849 1854 nott.

1746 1875 1814 1927 ud
1848 1877 1923 1940 11,
1965 1874 2081 1925 161.
2156 1873 2422 1939 Equidem
2460 1871 2515 1922 in
2545 1876 2710 1924 tanto
2735 1873 2847 1924 dis-

1745 1961 1910 1996 sensu
1945 1944 2073 2011 quid
2110 1944 2244 1994 certi
2279 1947 2548 2006 statuam,
2592 1958 2709 1992 non
2746 1943 2846 1992 ba-

1745 2016 1876 2078 beo,
1916 2029 2238 2081 quamquam
2274 2012 2378 2063 hoc
2402 2012 2594 2077 negari
2628 2013 2845 2079 nequit,

1742 2083 2051 2136 Amasidem
2072 2082 2233 2134 valde
2254 2086 2541 2147 acceptum
2564 2081 2741 2133 fuisse
2764 2083 2845 2131 vi-

1745 2153 1860 2204 deri
1908 2153 2317 2215 sacerdotibus,
2362 2166 2590 2217 quorum
2624 2154 2843 2202 animos

1746 2224 1851 2274 sibi
1888 2223 2045 2274 valde
2092 2221 2244 2272 illum
2292 2221 2615 2272 conciliasse
2666 2238 2735 2273 ex
2772 2222 2844 2270 iis

1746 2292 1944 2358 colligo
1961 2330 1975 2357 ‚
2011 2307 2151 2358 quae
2186 2290 2358 2341 multa
2381 2290 2474 2340 ille
2494 2306 2590 2340 rex
2619 2291 2678 2341 in
2705 2298 2841 2342 tem-

1746 2362 1837 2428 pla
1892 2367 1947 2413 et
1999 2360 2336 2412 restituenda
2392 2364 2449 2411 et
2500 2375 2695 2411 recens
2753 2377 2843 2412 ex-

1746 2432 2007 2483 struenda
2034 2430 2365 2496 impendisse
2394 2430 2585 2480 fertur.
2622 2430 2843 2482 Iustum

1748 2502 2063 2567 caeteroqui
2100 2505 2154 2551 et
2188 2514 2420 2565 aequum
2450 2500 2728 2551 Amasidis
2762 2515 2843 2550 re-

1748 2587 1914 2638 gnum
1951 2572 2007 2621 in
2042 2571 2373 2636 Aegyptios,
2412 2585 2639 2635 quorum
2688 2572 2843 2621 favo·

1748 2657 1861 2692 rem
1887 2641 1990 2691 hoc
2025 2640 2184 2691 modo
2221 2640 2325 2690 sibi
2353 2638 2687 2704 conciliarit,
2725 2639 2843 2690 lau-

1751 2711 1847 2760 dat
1881 2708 2107 2761 Diodor.
2146 2709 2191 2772 1,
2229 2709 2298 2760 68
2333 2708 2426 2759 fin.

1817 2774 1914 2828 καὶ
1958 2772 2122 2835 πόλις
2152 2806 2224 2817 -
2259 2774 2576 2842 δυσμνρίας
2610 2770 2713 2835 τὰς
2758 2772 2839 2828 οἰ-

1748 2841 2045 2913 κεομένας]
2078 2848 2304 2899 Diodor.
2331 2848 2380 2912 1,
2417 2845 2480 2898 31
2516 2849 2708 2898 scribit
2749 2864 2843 2899 an·

1749 2919 1918 2983 tiquis
1954 2918 2289 2983 temporibus
2315 2918 2371 2967 in
2391 2919 2642 2983 Aegypto
2668 2919 2841 2969 fuisse

1748 2988 1902 3038 vicos
1939 2986 2315 3038 memorabiles
2364 2992 2419 3036 et
2452 2988 2611 3037 urbes
2656 2985 2840 3052 plures

1750 3057 2087 3122 duodeviginti
2115 3057 2349 3117 millibus,
2385 3061 2447 3105 ut
2483 3057 2538 3106 in
2572 3072 2840 3107 commen·

1749 3126 1906 3176 tariis
1944 3127 2114 3176 sacris
2169 3142 2265 3177 suo
2312 3125 2433 3176 loeo
2472 3132 2720 3177 notatum
2763 3126 2841 3175 vi·

1752 3196 1879 3246 dere
1913 3194 2104 3257 liceat3
2140 3196 2453 3246 Ptolemaeo
2492 3203 2671 3248 autem
2698 3195 2839 3262 Lagi

1749 3270 2039 3329 regnante,
2094 3265 2275 3330 plures
2322 3265 2550 3331 triginta
2600 3266 2837 3316 millibus

1749 3336 2050 3386 recensitas
2101 3349 2239 3385 esse.
2326 3335 2572 3397 Quocum
2622 3337 2838 3386 Wesse-

1749 3404 1951 3469 lingius
1973 3405 2255 3455 contendit
2276 3405 2647 3455 testimonium
2666 3405 2839 3456 Theo-

1751 3474 1875 3524 criti
1915 3475 2129 3536 (XVII,
2163 3474 2254 3541 82)
2303 3479 2358 3524 et
2397 3474 2659 3539 Stephani
2700 3476 2835 3540 Bys.

1752 3559 1797 3593 s.
1819 3559 1873 3593 v.
1897 3536 2223 3606 Διόσπολις,
2262 3544 2361 3594 sub
2384 3544 2712 3595 Ptolemaeis
2737 3545 2838 3595 Ae·

1753 3617 1978 3679 gyptum
2032 3614 2222 3679 ingens
2279 3613 2488 3678 cepisse
2540 3614 2838 3665 incremen-

1754 3688 1868 3733 tum
1892 3682 2096 3733 addens
2132 3682 2451 3747 urbiumque
2481 3699 2545 3733 ac
2574 3698 2836 3749 pagorum

1752 3767 2050 3812 numerum,
2088 3768 2207 3802 cum
2227 3751 2613 3818 Philadelphus
2643 3769 2837 3819 regna-

1752 3825 1863 3884 ret,
1910 3822 2064 3872 XXX
2108 3820 2280 3872 millia
2323 3823 2643 3873 excessisse.
2730 3822 2838 3885 Qui

1752 3906 2005 3942 numerus
2055 3890 2218 3942 fuerit
2263 3890 2560 3942 incolarum
2600 3892 2835 3957 Aegypti

1752 3961 2087 4026 temporibus
2147 3961 2422 4011 Amasidis
2488 3960 2838 4024 felicissimis,

1751 4030 2063 4081 Herodotus
2091 4045 2201 4080 non
2232 4031 2427 4092 tradit3
2463 4031 2763 4082 Diodorum
2794 4031 2839 4081 si

1753 4100 2056 4165 sequimur,
2107 4101 2419 4166 septuagies
2457 4106 2690 4151 centena
2722 4101 2839 4151 mil-

1750 4168 1825 4219 lia
1867 4172 2151 4220 numerata
2198 4170 2371 4220 fuisse
2427 4170 2666 4236 antiquis
2729 4170 2839 4220 illis

1750 4240 2082 4304 temporibus
2116 4240 2457 4304 putabimus,
2499 4241 2671 4305 ipsius
2700 4254 2837 4290 xero

1749 4307 1976 4358 Diodori
2008 4312 2190 4360 aetate
2218 4309 2362 4360 infra
2397 4310 2582 4360 tricies
2608 4314 2839 4360 centena

1750 4375 1920 4427 millia
1953 4378 2097 4428 haud
2134 4380 2425 4430 numerari.
2488 4379 2593 4442 Qui
2628 4379 2840 4429 numeri

1751 4462 1869 4496 cum
1917 4448 2071 4497 nimii
2110 4448 2423 4498 viderentur
2473 4464 2538 4499 ac
2596 4447 2840 4498 nonnihil

1749 4517 2083 4582 exaggerati,
2117 4517 2517 4583 inquisiverunt
2541 4518 2597 4567 in
2620 4517 2840 4570 eosdem
