3109 5092
474 350 594 413 178

1343 348 1879 411 HERODOTI

473 527 774 595 Μαλέων
815 518 858 612 ἡ
898 519 1063 611 πρὸς
1111 523 1399 611 ἑσπέρην
1437 519 1793 611 Ἀργείων,
1841 517 1883 609 ἦ
1919 548 1993 589 τε
2038 523 2112 589 ἐν
2153 525 2234 612 τῇ
2274 517 2530 616 ἠπείρῳ
2570 521 2752 613 χώρη

473 630 586 697 καὶ
615 624 657 718 ἡ
682 632 1003 715 Κυθηρίη
1031 630 1233 713 νῆσος
1260 628 1371 694 καὶ
1412 630 1488 695 αἱ
1520 627 1748 695 λοιπαὶ
1776 629 1913 693 τῶν
1941 622 2187 714 νήσων.
2256 625 2755 713 βοηθησάντων

475 732 551 800 δὲ
585 729 906 819 Ἀργείων
957 734 1040 817 τῇ
1078 731 1369 818 σφετέρῃ
1417 726 1967 818 ἀποταμνομένῃ,
2025 724 2327 798 ἐνθαῦτα
2370 732 2757 817 συνέβησαν

474 831 542 914 ἐς
582 833 822 920 λόγους
858 831 1343 917 συνελθόντες,
1400 829 1570 901 ὥστε
1611 839 2035 923 τριηκοσίους
2091 832 2425 920 ἑκατέρων
2464 836 2752 920 μαχέσα-

472 948 668 1007 σθαι·
729 932 1030 1025 ὁκότεροι
1074 932 1141 1003 δ’
1184 930 1270 1006 ἄν
1297 940 1817 1027 περιγένωνται,
1856 934 2117 1004 τούτων
2146 933 2322 1004 εἶναι
2350 932 2472 1003 τὸν
2498 941 2752 1026 χοῖρον·

471 1039 546 1111 τὸ
590 1040 665 1109 δὲ
720 1044 982 1127 πλῆθος
1030 1043 1152 1107 τοῦ
1195 1044 1485 1129 στρατοῦ
1536 1037 2091 1109 ἀπαλλάσσεσθαι
2136 1038 2455 1128 ἑκάτερον
2512 1035 2580 1118 ἐς
2633 1037 2758 1128 τὴν

475 1208 743 1258 montorIO
769 1207 866 1268 IV,
893 1204 1010 1256 179.
1041 1206 1178 1285 VII,
1222 1205 1335 1256 168.
1375 1233 1445 1245 -·
1478 1204 1565 1254 Ad

474 1278 686 1343 reliqua
733 1275 909 1340 suppl.
974 1290 1156 1340 χωρη,
1209 1280 1271 1325 ut
1315 1275 1450 1325 haec
1489 1274 1565 1324 sit

472 1347 747 1397 Herodoti
779 1345 1077 1396 sententia:
1126 1346 1452 1410 Argivorum
1484 1344 1566 1394 fu-

474 1417 586 1466 isse
623 1431 771 1465 oram
802 1414 1166 1479 Peloponnesi
1205 1430 1415 1464 omnem
1439 1414 1566 1463 inde

475 1501 510 1534 a
557 1485 775 1550 Thyrea
820 1499 992 1549 usque
1043 1485 1114 1534 ad
1162 1483 1395 1534 Maleam
1444 1499 1564 1549 pro-

475 1554 802 1604 montorium
840 1551 1002 1619 (quae
1051 1554 1174 1604 Ioni
1218 1570 1284 1603 ac
1326 1552 1414 1603 vel
1456 1555 1565 1618 ipsi

475 1625 680 1689 Argivo
715 1625 788 1673 ad
825 1638 1079 1673 occasum
1116 1623 1225 1673 sita
1260 1623 1434 1674 videri
1470 1638 1564 1687 po-

475 1698 604 1756 test,
644 1708 764 1742 cum
800 1693 871 1742 ab
898 1691 1156 1758 Argolide
1190 1707 1363 1759 usque
1396 1692 1466 1743 ad
1500 1692 1565 1741 il-

474 1763 570 1814 lud
615 1762 1042 1827 promontorium
1088 1777 1316 1812 occasus
1370 1777 1564 1812 versus
1623 1794 1634 1819 .

476 1833 606 1882 inde
640 1832 853 1897 tendat)
892 1837 1006 1881 tam
1054 1837 1253 1882 terram
1288 1832 1566 1882 continen-

476 1908 587 1953 tem
624 1917 786 1967 quam
823 1901 1115 1965 Cytheram
1164 1901 1399 1951 insulam
1444 1900 1567 1951 reli-

476 1987 723 2037 quasque
766 1971 992 2022 insulas.
1064 1971 1223 2021 Unde
1270 1976 1421 2036 patet
1457 1985 1568 2020 ser-

476 2057 687 2091 monem
718 2041 808 2091 hic
844 2056 963 2091 esse
1002 2041 1069 2090 de
1103 2057 1168 2091 ea
1202 2041 1566 2106 Peloponnesi

478 2125 593 2172 ora,
629 2126 791 2175 quam
822 2110 1138 2161 orientalem
1171 2126 1272 2161 nos
1307 2124 1567 2160 vocamus

477 2195 650 2244 usque
693 2180 764 2230 ad
801 2180 1063 2242 Maleam,
1112 2180 1259 2230 unde
1305 2179 1376 2229 ad
1426 2180 1568 2229 occi-

481 2248 697 2298 dentem
731 2250 910 2313 vergit
947 2265 1068 2311 ora;
1119 2249 1189 2299 ad
1235 2264 1398 2313 quam
1442 2264 1568 2299 ean-

480 2318 601 2367 dem
638 2319 911 2381 pertinent
948 2319 1107 2368 urbes
1150 2318 1404 2381 Prasiae,
1465 2319 1569 2382 Cy-

478 2387 703 2452 phanta,
746 2386 1418 2451 Epidaurus,-Epidelion.
1472 2389 1568 2437 At-

480 2472 585 2522 que
622 2458 702 2507 sic
730 2459 895 2507 etiam
928 2463 1073 2507 recte
1109 2457 1323 2521 accepit
1348 2457 1568 2506 Curtius

478 2527 516 2577 l.
558 2527 594 2577 l.
647 2528 724 2577 ΙΙ.
762 2543 817 2592 p.
866 2526 988 2577 310.
1061 2528 1181 2589 Quo
1232 2527 1349 2594 iure
1400 2527 1569 2591 igitur

481 2596 547 2646 de
565 2611 663 2647 ora
675 2596 1002 2647 occidentali
1019 2594 1170 2660 (,‚die
1190 2611 1365 2661 ganze
1400 2598 1570 2647 W'ese-

479 2667 641 2716 kiiste
690 2667 785 2716 des
840 2665 1180 2731 Peloponnes
1231 2666 1315 2716 bis
1364 2664 1568 2731 Malea)

480 2736 541 2786 C.
581 2736 648 2788 Ο.
689 2736 981 2787 Muellerus
1033 2736 1187 2799 (Dor.
1240 2735 1284 2785 1.
1332 2751 1385 2800 p.
1442 2733 1569 2798 154)

481 2807 744 2871 accipiat,
781 2807 898 2871 ipse
931 2807 1136 2856 videat.
1206 2805 1359 2854 Idem
1405 2809 1569 2854 antea

482 2875 781 2940 (Aeginett.
814 2891 943 2939 pag.
982 2875 1070 2939 54>
1108 2875 1435 2939 quaesierat,
1461 2890 1569 2938 quo

479 2950 721 3008 tempore
777 2943 946 2993 hocce
1004 2944 1281 2993 Laconiae
1325 2943 1456 2993 litus
1513 2944 1570 2992 in

480 3014 807 3076 Argivorum
841 3014 1100 3062 ditionem
1133 3013 1371 3074 venerit,
1407 3012 1572 3077 idque

482 3084 624 3131 inter
675 3081 989 3131 Echestrati
1043 3082 1187 3146 regis
1250 3087 1461 3146 tempus
1515 3087 1572 3131 et

485 3150 860 3214 Olympiadem
903 3150 1440 3214 undesexagesimam
1491 3150 1569 3200 fa-

483 3226 631 3271 ctum
665 3220 766 3269 sub
803 3236 931 3285 rege
966 3220 1287 3284 Argivorum
1325 3220 1570 3269 Phidone

485 3294 820 3350 asseruerat,
883 3305 1006 3339 cum
1079 3296 1207 3339 ante
1268 3289 1569 3340 Phidonem

483 3376 693 3412 summa
728 3358 1091 3424 Peloponnesi
1136 3375 1300 3423 penes
1349 3360 1572 3425 Sparta-

483 3446 583 3482 nos
620 3430 785 3480 suerit
820 3434 874 3479 et
911 3430 982 3480 ad
1019 3430 1235 3479 eosdem
1281 3434 1409 3494 post
1442 3429 1572 3480 Phi-

485 3502 679 3552 donem
739 3515 986 3551 eversum
1048 3515 1261 3565 quoque
1326 3499 1569 3550 redierit.

486 3573 640 3633 Quae
674 3574 857 3620 tamen
893 3573 1016 3635 post
1054 3570 1157 3634 ipsi
1177 3570 1331 3631 (Dor.
1362 3570 1411 3621 Ι.
1440 3584 1568 3634 pag.

488 3640 610 3705 154)
670 3640 843 3703 magis
890 3640 1056 3689 dubia
1111 3640 1463 3701 videbantur,
1507 3644 1570 3689 ut

483 3708 808 3773 Argivorum
847 3710 1128 3773 imperinm
1178 3709 1356 3758 litoris
1402 3711 1575 3758 Laco-

487 3779 598 3827 nici
632 3784 761 3827 anto
793 3778 1010 3843 Olymp.
1046 3780 1144 3830 1V.
1184 3780 1295 3829 fere
1328 3782 1572 3843 poneret.

486 3846 623 3895 Mihi
660 3847 873 3911 quidem
911 3851 1003 3897 vix
1049 3847 1160 3898 alio
1203 3849 1337 3898 haec
1381 3848 1577 3898 referri

488 3929 650 3977 posse
680 3916 957 3975 videntur,
1008 3920 1171 3981 atque
1214 3917 1285 3967 ad
1328 3921 1578 3982 tempora

487 3983 768 4045 Phidonis,
793 3985 886 4049 qni
917 3986 1227 4049 ambiguum
1252 3986 1442 4036 harum
1468 3993 1577 4037 ter-

488 4068 668 4103 rarum
705 4054 983 4117 imperinm
1021 4054 1198 4104 denuo
1234 4055 1303 4104 ad
1340 4056 1576 4121 Argivos

490 4137 749 4171 revocare
785 4127 949 4186 atque
986 4124 1230 4172 omnibus
1260 4124 1468 4174 viribus
1492 4141 1575 4174 re-

490 4192 663 4241 tinere
691 4191 921 4242 studuit.
956 4192 1081 4243 vid.
1105 4193 1337 4242 Kortiim
1356 4193 1572 4244 Griech.

491 4261 687 4311 Gesch.
720 4261 765 4310 1.
788 4277 840 4325 p.
875 4262 971 4311 124
1020 4265 1073 4310 et
1111 4262 1182 4313 cf.
1212 4263 1281 4311 H.
1316 4262 1569 4313 Fischer:

487 4331 635 4380 Hist.
687 4330 876 4395 Arg-iv.
924 4331 1197 4396 Fragmm.
1248 4332 1567 4391 (Vratislav.

492 4396 674 4463 1851.)
705 4416 758 4465 p.
802 4400 881 4451 12.
923 4400 1006 4451 De
1040 4400 1287 4451 Phidone
1322 4401 1394 4453 cf.
1422 4408 1565 4455 nott.

1667 1204 1737 1255 ad
1772 1205 1871 1267 VI,
1910 1205 2029 1255 127.
2084 1203 2228 1254 Illud
2276 1204 2450 1255 solum
2488 1205 2756 1268 addimus,

1665 1274 1947 1336 Mansoni,
1985 1275 2102 1324 viro
2150 1274 2341 1337 docto,
2388 1276 2492 1325 hoc
2527 1278 2758 1341 Argivo·

1666 1360 1784 1393 rum
1830 1345 2112 1409 imperium
2158 1345 2218 1393 in
2262 1346 2509 1395 Laconia
2555 1362 2583 1395 e
2632 1362 2760 1395 con-

1666 1414 1943 1464 iunctione
1960 1415 2227 1479 Arg-orum
2255 1419 2309 1464 et
2328 1415 2558 1480 Spartae
2572 1453 2586 1478 ,
2626 1416 2758 1465 Ore-

1664 1488 1752 1604 {te
1785 1499 1955 1620 regg),
1975 1484 2325 1548 repetendum
2349 1484 2523 1534 videri
2549 1484 2756 1550 (Spart.

1749 1570 1784 1619 P

1735 1652 1830 1706 καὶ
1888 1646 1924 1721 ἡ
1971 1653 2247 1737 Κυθηρίη
2310 1652 2492 1736 νῆσος
2551 1651 2646 1705 καὶ
2699 1650 2765 1705 αἴ

1665 1722 1858 1776 λοιπαὶ
1894 1741 2009 1775 των
2048 1719 2260 1791 νήσων]
2297 1715 2332 1789 ἡ
2359 1724 2635 1805 Κυθηρίη
2661 1723 2760 1790 νῆ

1668 1809 1785 1859 σος,
1813 1811 1933 1845 cum
1958 1794 2094 1845 alias
2117 1796 2429 1844 inveniatur
2453 1794 2504 1843 Κ
2518 1812 2552 1844 υ
2541 1790 2661 1859 ’θη
2679 1809 2761 1859 ρα

1667 1880 1862 1914 nomen
1899 1864 2132 1927 insulae,
2164 1880 2305 1930 quae
2341 1879 2484 1913 nnnc
2519 1864 2760 1929 appella—

1668 1941 1757 1983 tur
1794 1937 1991 1999 Cer-iao.
2068 1934 2194 1985 Vid.
2225 1934 2366 1995 VII,
2408 1934 2511 1985 235
2547 1934 2672 1984 coll.
2713 1935 2758 1996 Ι,

1670 2004 1790 2055 105.
1852 2004 2084 2069 Reliqua
2107 2004 2420 2052 testimonia
2454 2004 2607 2054 dabit
2631 2005 2763 2053 For-

1669 2073 1897 2139 bigerl.
1934 2074 1973 2125 l.
2009 2073 2120 2126 111.
2159 2089 2213 2138 p.
2255 2073 2406 2123 1016.
2441 2102 2512 2112 —-
2544 2068 2610 2123 αἱ
2641 2074 2759 2121 λοι-

1671 2141 1774 2193 παι
1811 2140 1927 2193 τῶν
1976 2134 2167 2207 νήσων
2203 2147 2361 2193 erunt
2397 2143 2638 2206 proxime
2690 2144 2760 2191 si·

1669 2218 1762 2263 tae
1797 2213 1963 2262 maris
1999 2213 2207 2276 Aegaei
2245 2210 2480 2273 insulam
2520 2213 2588 2262 ad
2623 2227 2759 2277 quas

1671 2284 1835 2332 etiam
1883 2282 2148 2347 Aeginam
2201 2283 2472 2346 pertinere
2542 2299 2575 2332 a
2634 2281 2760 2332 Phi-

1671 2353 1811 2402 done
1845 2352 2171 2417 Argivorum
2209 2351 2404 2401 ditioni
2450 2351 2575 2401 olim
2611 2352 2760 2401 adie—

1672 2428 1843 2484 ctam,
1894 2428 1948 2470 et
1997 2421 2212 2471 omnino
2250 2426 2398 2470 arcte
2449 2427 2577 2471 cum'
2604 2422 2760 2486 Argi-

1671 2492 1755 2540 vis
1807 2491 2154 2540 coniunctam
2210 2491 2521 2555 suspicatur
2576 2491 2638 2543 C.
2690 2490 2757 2541 Ο.

1671 2560 1967 2610 Muellerus
2003 2561 2234 2625 Aeginn.
2272 2576 2400 2625 pag.
2439 2562 2526 2612 53.
2606 2563 2758 2624 Quae

1672 2646 1796 2680 cum
1840 2630 1921 2679 ita
1964 2630 2101 2693 sint,
2151 2629 2299 2680 hand
2334 2630 2611 2695 intelligo,
2663 2646 2760 2679 cur

1672 2700 1841 2751 Grote
1867 2698 2099 2765 (history
2122 2700 2184 2748 of
2203 2701 2406 2750 Greeoe
2425 2701 2501 2751 11.
2529 2717 2580 2765 p.
2611 2701 2758 2765 410),

1671 2785 1808 2835 quas
1845 2769 2055 2818 insulas
2081 2770 2279 2820 Noster
2303 2770 2661 2834 intellexerit,
2699 2786 2759 2819 se

1672 2841 1880 2889 nescire
1914 2838 2080 2890 dicat.

1744 2933 2000 2991 ἐνθαῦτα
2060 2938 2380 3009 συνέβησαν
2443 2932 2498 2998 ἐς
2555 2931 2761 3004 λόγους

1673 3003 2048 3068 συνελθόντες
2071 3027 2122 3060 κ.
2152 3028 2201 3061 τ.
2231 3013 2278 3061 λ.
2285 3010 2303 3078 ]
2342 3011 2717 3061 Herodotum
2703 3025 2760 3058 m

1671 3080 1776 3131 hac
1812 3097 1997 3147 pugna
2023 3081 2330 3132 enarranda
2356 3081 2603 3146 sequitur
2619 3081 2761 3130 Pau-

1674 3152 1857 3201 sanias
1907 3152 1996 3211 11,
2035 3151 2130 3213 38,
2169 3152 2230 3213 5,
2289 3152 2525 3201 breviter
2573 3150 2761 3214 attigit

1671 3221 1870 3271 Strabo
1906 3221 2065 3271 VIII.
2101 3236 2154 3285 p.
2196 3220 2298 3271 376
2332 3221 2433 3271 has
2470 3236 2581 3283 ree,
2620 3235 2761 3284 quae

1669 3290 1832 3354 paulo
1877 3289 2033 3340 aliter
2070 3290 2304 3340 traditae
2344 3295 2564 3340 exstant
2616 3289 2760 3353 apud

1668 3359 2020 3410 Plutarchum
2030 3359 2232 3410 Parall.
2247 3359 2471 3411 Graece.
2485 3365 2540 3410 et
2549 3361 2756 3409 Romm.

1672 3446 1726 3495 p.
1759 3429 1861 3481 306
1886 3431 1934 3479 A
1964 3445 2099 3494 seq„
2135 3431 2229 3494 qui
2251 3430 2630 3494 Chrysermum
2666 3445 2762 3478 au-

1672 3504 1878 3548 ctorem
1912 3498 2087 3549 affert.
2156 3499 2289 3562 Ipsa
2329 3515 2541 3564 pugna,
2580 3497 2758 3562 qualis

1671 3569 1742 3618 ab
1780 3568 2060 3619 Herodoto
2104 3572 2386 3631 narratur,
2433 3569 2505 3618 ad
2555 3568 2612 3617 id
2649 3582 2762 3617 cer-

1674 3639 1938 3688 taminum
1973 3653 2145 3703 genus
2178 3638 2441 3702 pertinet,
2482 3636 2642 3702 quale
2667 3652 2762 3701 per

1675 3708 1906 3758 medium
1948 3722 2163 3773 quoque
2215 3722 2406 3757 aevum
2461 3707 2761 3758 obtinuisse

1674 3778 1952 3838 novimus,
2000 3779 2245 3828 ordalium
2294 3792 2340 3827 s.
2381 3777 2467 3826 dei
2500 3776 2761 3827 iudicium

1675 3846 1840 3912 vulgo
1876 3850 2106 3908 vocant,
2155 3847 2310 3897 cuius
2355 3861 2455 3896 nec
2492 3846 2636 3911 apud
2672 3861 2761 3895 ve-

1676 3921 1820 3967 teres
1858 3915 2104 3981 exempla
2128 3916 2345 3967 desunt.
2416 3917 2562 3966 Hinc
2593 3916 2762 3966 etiam

1676 3991 1959 4051 poetarum
1996 3986 2327 4036 carminibus
2351 3985 2487 4036 haec
2518 3987 2638 4051 ipsa
2665 4001 2761 4050 pu-

1674 4071 1784 4121 gna
1808 4056 1967 4106 valde
1991 4056 2285 4119 celebrata,
2305 4055 2599 4107 Simonidis
2626 4055 2760 4116 (An-

1673 4124 1804 4175 thol.
1846 4126 1939 4177 Gr.
1979 4128 2044 4177 Τ.
2083 4126 2128 4176 Ι.
2169 4127 2294 4189 VII,
2332 4125 2487 4190 431),
2529 4124 2760 4175 Chaere-

1672 4196 1845 4245 monis
1870 4194 2054 4261 (720),
2081 4195 2420 4246 Dioscoridis
2446 4193 2613 4259 (430),
2650 4195 2760 4243 Da-

1670 4266 1872 4384 ue?
1904 4264 2417 4399 suasisse)
2434 4265 2460 4363 .‹
2466 4266 2634 4398 ²:312:s
2666 4264 2758 4381 13·

1669 4402 1877 4454 dicavit
1909 4403 1982 4455 1-1.
2022 4402 2267 4455 Fischer.
2307 4401 2342 4455 1.
2383 4400 2423 4455 l.
2460 4416 2588 4468 pag.
2623 4404 2709 4453 22.
