3109 5092
1221 374 1475 437 OLIO.
1521 378 1574 436 Ι.
1621 383 1712 438 47.
1832 364 1842 372 ’
2526 378 2608 439 95

314 548 662 621 τεύεσθαι.
730 539 1228 639 Ἐντειλάμενος
1270 548 1345 617 δὲ
1387 563 1562 619 τοῖσι
1602 552 1890 619 Λυὸοἴσι
1943 547 2104 618 τάδε
2148 546 2496 640 ἀπέπεμπε
2534 548 2603 633 ἐς
2616 569 2699 628 47

316 651 446 742 τὴν
473 653 831 744 διάπειραν
871 658 1009 723 τῶν
1034 658 1486 744 χρηστηρίων·
1544 648 1666 721 ἀπ’
1702 640 1779 740 ἧς
1816 646 1902 722 ἂν
1929 646 2183 743 ἡμέρῃς
2216 649 2601 744 ὁρμηθέωσι

228 753 395 827 Ὧέκ
428 762 787 847 Σαρδίων,
831 752 964 825 ἀπὸ
1003 756 1248 844 ταύτης
1289 750 1855 844 ἡμερολογέοντας
1895 754 2015 827 τὸν
2057 753 2297 826 λοιπὸν
2334 757 2600 847 χρόνον,

319 862 640 950 ἑκατοστῇ
698 855 910 949 ἡμέρῃ
952 866 1242 949 χρᾶσθαι
1286 874 1458 929 τοῖσι
1508 865 2000 949 χρηστηρίοισι,
2063 856 2602 949 ἒπειρωτέοντας,

317 992 355 1031 ο
386 991 450 1032 τι
480 967 730 1034 ποιέων
754 962 1075 1050 τυγχάνοι
1102 957 1138 1032 ὁ
1165 967 1417 1031 Λυδων
1456 961 1774 1049 βασιλεὺς
1799 971 2089 1053 Κροῖσος
2132 991 2169 1033 ο
2208 961 2599 1035 Ἀλυάττεω.

318 1064 493 1136 ἅσσα
524 1063 589 1135 δ’
625 1061 711 1136 ἂν
739 1070 986 1135 ἕκαστα
1011 1094 1151 1135 των
1176 1072 1600 1155 χρηστηρίων
1623 1074 1952 1155 θεσπίσῃ,
1997 1071 2603 1156 συγγραψαμένους

318 1167 692 1259 ἀναφέρειν
718 1165 878 1259 παρ’
915 1167 1188 1239 ἑωυτόν.
1259 1164 1339 1236 Ὅ
1380 1194 1443 1236 τι
1474 1171 1599 1257 μέν
1625 1197 1758 1239 νυν
1795 1168 1875 1239 τὰ
1917 1168 2118 1240 λοιπα
2145 1197 2282 1239 των
2315 1191 2600 1260 χρηστη-

323 1280 495 1360 ρίων
538 1269 890 1358 ἐθέσπισε,
944 1269 1026 1341 οὐ
1074 1275 1336 1358 λέγεται
1384 1268 1549 1358 πρὸς
1602 1268 1953 1360 οὐδαμων·
2024 1271 2100 1343 ἐν
2154 1274 2230 1342 δὲ
2269 1283 2602 1363 Δελφοῖσι

325 1372 416 1456 ὥς
470 1372 763 1465 ἐσῆλθον
802 1375 1075 1463 τάχιστα
1129 1372 1196 1457 ἐς
1235 1372 1311 1443 τὸ
1349 1377 1646 1465 μέγαρον
1683 1380 1754 1445 οἱ
1786 1379 2005 1447 Λυδοὶ
2056 1376 2456 1467 χρησόμενοι
2508 1384 2604 1473 τῷ

318 1575 417 1625 tit:
447 1591 513 1625 aa
548 1575 915 1639 expeditionem
940 1579 1198 1640 acccipere
1234 1575 1346 1626 deb
1365 1591 1415 1626 e-

322 1646 451 1711 ret)
490 1644 714 1695 effendit
737 1646 932 1696 modus
951 1650 1063 1711 opt.
1090 1636 1413 1710 ἐπιχειρέοι,

322 1716 382 1764 in
430 1715 833 1765 coniunctivam
878 1705 1176 1781 ἐπιχειρέῃ,
1224 1718 1416 1779 utpote

320 1784 543 1834 modum
561 1784 991 1847 deliberativum,
1006 1784 1316 1835 mutandus.
1330 1785 1417 1834 De

322 1869 432 1919 quo
480 1854 827 1905 coniunctivo
868 1855 982 1905 vid.
1031 1855 1101 1903 ad
1150 1855 1197 1916 Ι,
1236 1853 1320 1904 53.
1362 1858 1417 1903 et

324 1923 474 1974 conf.
496 1924 563 1988 V,
595 1924 684 1975 67.
718 1925 806 1975 82.
848 1924 1008 1985 V111,
1035 1924 1123 1986 67,
1160 1924 1255 1973 ubi
1291 1938 1421 1973 con-

322 1993 626 2043 iunctimm
646 1994 929 2044 Werferus
956 1994 1253 2059 repositum
1280 1993 1417 2055 vult,

325 2063 511 2129 prouti
564 2063 729 2113 etiam
782 2064 1065 2128 placuerat
1124 2062 1417 2113 Schaefero

326 2133 399 2182 ad
432 2133 711 2183 Lambert.
753 2134 883 2184 Bos.
924 2132 992 2182 de
1025 2132 1251 2198 Ellipss.
1289 2146 1416 2197 pag.

328 2205 450 2253 754.
492 2204 696 2253 Nostro
738 2203 861 2253 loco
908 2218 1015 2268 quo
1064 2202 1242 2252 minus
1285 2201 1418 2251 reci-

326 2272 539 2336 piamus
567 2263 864 2338 ἐπιχειρέῃ,
884 2272 1108 2322 obstant
1135 2271 1263 2322 libri
1288 2271 1418 2321 seri-

326 2342 426 2406 pti,
452 2356 679 2406 quorum
713 2342 1005 2392 consensui
1030 2342 1088 2392 in
1108 2340 1420 2391 huiusmodi

326 2411 489 2461 rebus
515 2410 763 2461 nonnihil
779 2411 1123 2461 tribuendum
1146 2425 1269 2461 esse
1292 2426 1418 2460 cen·

328 2495 535 2541 semns3
569 2481 756 2531 obstat
786 2481 907 2545 ipsa
940 2479 1050 2531 loci
1070 2481 1233 2543 ratio,
1258 2495 1415 2545 quem

329 2551 375 2598 si
411 2550 719 2615 acceperis:
761 2566 829 2599 an
863 2551 1227 2612 expeditionem
1258 2553 1417 2601 mci·

321 2634 532 2740 ’(31ΐῖεᾶ
533 2617 826 2766 olsgegtermtp
834 2618 1270 2754 Gfflsslgeneglmpo
1276 2618 1415 2739 ιῖιῖἒ

329 2775 437 2819 „an
473 2751 613 2809 deus
628 2767 877 2817 censeret,
906 2760 1007 2821 ipsi
1039 2756 1284 2825 (Croeso)
1322 2773 1416 2808 ex-

325 2829 627 2890 peditionem
671 2844 783 2880 esse
831 2829 1226 2891 suscipiendam,
1284 2826 1419 2877 nihil

330 2897 578 2961 profeeto
618 2899 721 2948 erit
756 2897 1093 2948 mutandum.
1157 2899 1237 2948 Ac
1283 2897 1419 2948 satis

332 2969 526 3031 opinor
573 2967 809 3032 patebit,
865 2982 1006 3032 quae
1060 2967 1132 3017 sit
1182 2967 1419 3033 optativi

330 3039 416 3086 vis
454 3052 576 3087 cum
614 3038 963 3088 coniunctivo
985 3051 1161 3101 neque
1184 3051 1419 3089 commu-

328 3108 489 3157 tandi
520 3122 697 3172 neque
737 3106 1043 3171 explicandi
1077 3105 1149 3156 ad
1179 3122 1299 3157 eam
1335 3122 1421 3156 ra-

331 3178 569 3239 tionem,
619 3192 781 3241 qnam
814 3177 1151 3241 propositam
1194 3175 1352 3226 video
1385 3190 1418 3225 a

333 3246 618 3311 Madvigio
633 3245 711 3309 (in
728 3245 1126 3297 Schneidewini
1148 3244 1420 3310 Philolog.

334 3316 415 3366 IL
481 3315 672 3381 Suppl.
730 3331 782 3379 p.
831 3314 928 3377 25)
978 3315 1283 3379 optativum
1331 3315 1422 3365 hic

334 3385 467 3449 poni
490 3386 750 3451 opinante
767 3400 889 3435 eam
915 3385 985 3434 ob
1010 3399 1249 3447 causam,
1276 3385 1422 3449 quod

334 3454 664 3506 antecedens
717 3444 1007 3519 ἐπείρηται
1061 3453 1310 3519 quamvis
1365 3455 1423 3504 in

336 3524 687 3575 coniunctivo
722 3525 962 3588 positum
1007 3524 1309 3587 praesentis
1344 3524 1423 3573 hi·

336 3594 529 3645 storiei
588 3594 787 3645 habeat
845 3593 1123 3644 notionem
1188 3593 1423 3658 indeque

338 3664 644 3728 optativum
676 3665 736 3713 in
767 3678 921 3729 seqq.
957 3663 1219 3728 requirat.

679 3835 811 3888 Car.
850 3835 1083 3887 XLVII.

408 3926 892 4022 ἡμερολογέοντας
927 3932 1030 3989 τὸν
1055 3931 1262 3989 λοιπὸν
1294 3930 1425 4004 106-

345 4021 465 4073 νον,
525 4001 869 4075 ἑκατοστῇ
914 3999 1096 4091 ἡμέρῃ
1150 4005 1423 4075 χρῆσθαι]

342 4077 491 4127 Libri
515 4079 707 4143 scripti
734 4094 948 4129 omnes:
985 4072 1220 4134 ἕκαστος
1248 4076 1318 4145 τῇ
1340 4078 1428 4128 vel

342 4159 580 4197 εκαστον
629 4144 730 4214 τῇς
778 4147 923 4212 quod
971 4163 1094 4198 cum
1142 4147 1274 4197 ferri
1314 4164 1427 4198 non

340 4217 624 4280 potuisset,
650 4217 804 4266 vario
832 4218 991 4268 modo
1018 4217 1198 4268 locum
1229 4232 1424 4267 sanare

340 4286 664 4337 studuerunt
695 4287 802 4336 viri
837 4287 1004 4351 docti,
1042 4302 1270 4353 quorum
1301 4303 1425 4337 con-

337 4354 572 4407 iecturas
592 4356 782 4407 retulit
796 4356 1127 4422 wesseling.
1163 4357 1278 4407 Nos
1302 4372 1427 4411 cum

340 4425 523 4476 eodem
567 4425 935 4492 wesselingio
983 4425 1215 4491 aliisque
1258 4424 1428 4478 edito-

1516 1576 1667 1626 ribus
1688 1578 1864 1628 secuti
1887 1593 2070 1629 sumus
2093 1578 2414 1645 palmariam
2438 1580 2605 1644 Berg-

1514 1644 1614 1695 leri
1647 1647 2078 1698 emendationem
2102 1647 2195 1731 ‘(in
2240 1650 2388 1699 Actt.
2422 1648 2487 1698 Li
2529 1664 2603 1698 ss.

1522 1716 1675 1767 1716.
1716 1732 1841 1783 pag.
1889 1716 2045 1781 421).
2093 1711 2366 1784 ἑκατοστῇ
2404 1664 2605 1782 ἡμιξρῃ,

1518 1786 1558 1836 i.
1609 1801 1656 1836 e.
1708 1788 1974 1837 centesima
2019 1788 2101 1839 die
2157 1786 2283 1837 illos
2329 1784 2608 1837 oraculum

1519 1855 1804 1905 consulere
1859 1856 2049 1917 iussit,
2107 1860 2169 1905 ιιι
2232 1854 2445 1905 scilicet
2497 1869 2610 1904 una

1522 1925 1819 1990 eademque
1841 1926 2089 1975 omnibus
2117 1931 2263 1975 esset
2288 1923 2608 1975 sciscitandi

1519 1994 1664 2057 dies,
1709 1994 1796 2044 vel
1843 1995 1939 2057 iis,
1987 1996 2183 2061 quibus
2237 1994 2456 2060 longius
2504 1994 2609 2043 iter

1520 2068 1668 2113 esset
1709 2064 2046 2116 faciundum.
2107 2095 2177 2104 ——-
2236 2064 2364 2114 Mox
2415 2064 2610 2128 scripsi

1517 2131 1772 2197 χρᾶσθαι
1817 2149 1914 2199 pro
1953 2130 2233 2200 χρῆσθαι,
2283 2134 2437 2184 cuius
2483 2133 2606 2184 loco

1518 2201 1608 2252 vel
1661 2201 1915 2268 χρᾶσθαι
1959 2203 2046 2255 vel
2103 2202 2374 2269 χρέεσθαι
2417 2203 2607 2268 reponi

1517 2273 1628 2321 iam
1686 2272 1935 2324 voluerat
1985 2274 2270 2325 Matthiae.
2347 2274 2433 2323 Tu
2492 2272 2604 2321 vid.

1517 2357 1663 2391 nunc
1698 2343 1933 2394 Bredov.
1971 2361 2023 2409 p.
2062 2344 2185 2395 381.
2222 2344 2404 2408 Atque
2440 2343 2606 2392 etiam

1517 2413 1824 2462 Pausanias
1869 2429 1935 2463 ex
1989 2414 2256 2464 Herodoti
2299 2413 2609 2461 imitatione

1519 2481 1659 2531 dixit
1693 2481 1977 2546 χρᾶσθαις
2013 2484 2122 2533 vid.
2158 2481 2386 2532 Siebelis
2420 2482 2492 2530 ad
2530 2480 2606 2541 11,

1521 2549 1608 2600 28.
1655 2554 1705 2613 5.
1764 2550 1816 2601 3.
1866 2552 2105 2602 Dindorf
2143 2558 2199 2601 et
2243 2551 2471 2601 Dietsch
2519 2549 2609 2598 de·

1521 2621 1720 2670 derunt
1754 2617 2050 2684 χρέεσθαι,
2088 2627 2150 2670 ιιι
2180 2620 2225 2683 Ι,
2265 2621 2351 2670 21.

1591 2658 2053 2755 ἐπειρωτῶντας]
2098 2688 2276 2739 Valde
2323 2689 2412 2737 hic
2463 2685 2610 2736 codi-

1522 2773 1613 2809 ces
1662 2758 1907 2821 variant,
1965 2774 2194 2824 quorum
2239 2757 2338 2807 alii
2379 2746 2610 2818 ἐπειρω-

1519 2825 1740 2884 τῶντας
1790 2827 1933 2892 (sive
1993 2819 2459 2891 ἐπειρωτωντες),
2510 2823 2609 2873 alii

1521 2889 1964 2961 ἔπηρωτὲοντας.
2016 2899 2103 2948 De
2150 2897 2233 2946 his
2282 2897 2471 2946 formis
2519 2896 2607 2945 Gr.

1522 2965 1733 3017 consuli
1780 2966 1898 3016 vult
1953 2967 2177 3033 Gregor.
2239 2966 2482 3017 Corinth.
2542 2964 2612 3014 de

1523 3036 1742 3087 dialect.
1780 3037 1899 3088 Ion.
1938 3040 1988 3100 ἓ.
2031 3039 2115 3089 73.
2152 3053 2279 3103 pag.
2328 3036 2430 3088 482
2473 3034 2604 3098 ibiq.

1520 3106 1800 3157 Schaefer.
1873 3106 2039 3157 Plura
2086 3107 2242 3157 dabit
2282 3105 2514 3156 Bredov.
2553 3119 2604 3167 p.

1523 3174 1645 3228 383.
1692 3206 1764 3216 --
1807 3176 1986 3227 Panlo·
2025 3181 2152 3242 post
2202 3191 2311 3257 pro
2338 3188 2611 3240 τυγχανοι

1522 3246 1664 3297 male
1701 3246 1825 3295 libri
1870 3246 2090 3328 quidam
2136 3236 2444 3312 τυγχάνει,
2485 3259 2609 3294 eum

1523 3316 1828 3397 optativnm
1875 3316 1995 3380 ipsa
2053 3316 2326 3366 sententia
2376 3314 2609 3378 flagitet.

1521 3387 1627 3435 Est
1662 3386 1803 3435 enim
1838 3385 1944 3435 loci
1984 3400 2205 3435 sensus:
2257 3383 2424 3449 „quid
2466 3383 2610 3445 sorte

1523 3463 1704 3533 ageret
1739 3455 1974 3505 Croesus
2009 3455 2286 3531 Lydorum
2322 3451 2455 3502 rex!

1595 3514 1671 3580 ὦς
1708 3513 1958 3587 ἐσῆλθον
1991 3515 2224 3587 τάχιστα
2257 3512 2313 3577 ἐς
2349 3512 2412 3568 τὸ
2447 3511 2612 3582 μέγα-

1527 3591 1652 3658 ρον]
1692 3588 1938 3656 μέγαρον
1983 3591 2150 3656 vulgo
2195 3589 2429 3656 quodvis
2473 3586 2614 3636 indi-

1527 3667 1619 3711 cat
1682 3660 2012 3711 domicilium
2065 3665 2161 3710 aut
2214 3657 2500 3717 conclave3
2555 3656 2611 3705 in

1526 3731 1689 3781 rebus
1720 3731 1894 3779 sacris
1913 3730 2243 3781 Graecorum
2269 3727 2613 3794 mysteriisve

1525 3799 1784 3850 sacellum
1826 3799 2082 3865 designat
2128 3799 2443 3866 plerumque
2488 3796 2613 3847 sub-

1525 3874 1836 3920 terraneum
1872 3873 1926 3919 et
1961 3868 2032 3919 ad
2066 3871 2447 3936 mysteriorum
2473 3869 2611 3917 ritus

1526 3941 1823 4004 pertinens.
1890 3939 2028 3990 Vide
2077 3941 2237 3992 modo
2274 3940 2427 3990 Suid.
2470 3954 2515 3989 s.
2554 3953 2608 3985 v.

1524 4009 1686 4059 Unde
1712 4010 1965 4074 frequens
1996 4010 2054 4060 in
2088 4010 2313 4061 heroum
2347 4008 2499 4060 cultu
2525 4022 2614 4056 oc-

1526 4084 1755 4130 currunt
1788 4077 2019 4144 μέγαρα,
2057 4085 2120 4130 ιιι
2165 4080 2355 4132 Creuz.
2404 4076 2614 4128 monuit

1525 4149 1583 4198 in
1609 4148 1850 4214 Symbol.
1886 4150 1994 4200 111.
2035 4166 2162 4215 pag.
2202 4149 2306 4202 766
2342 4148 2426 4198 ed.
2461 4150 2611 4204 tert„

1526 4218 1622 4268 ubi
1665 4219 1776 4270 vid.
1828 4218 2092 4270 Valcken.
2148 4218 2218 4269 ad
2264 4216 2468 4268 Herod.
2515 4213 2612 4275 VI,

1531 4288 1650 4339 134.
1688 4290 1769 4339 Ac
1806 4290 2158 4340 sanctissima
2201 4287 2390 4352 templi
2423 4285 2611 4335 cuius-

1527 4373 1632 4437 que
1677 4374 1804 4424 pars
1850 4359 1908 4407 in
1951 4359 2144 4408 intimo
2197 4357 2346 4407 illius
2393 4366 2613 4405 recessu

1525 4423 1775 4491 μέγαρον
1813 4425 2204 4493 appellabatur,
2241 4430 2302 4475 ut
2333 4421 2616 4476 Eleusinio
