3109 5092
1155 335 1651 399 EUTERPE.
1698 337 1780 398 11.
1822 346 1910 400 3⁰.

2540 332 2667 398 489

391 519 462 585 οἱ
486 508 554 580 ‹5'
589 514 666 581 ἐν
691 512 901 601 ταύτῃ
929 521 1069 583 Δία
1096 518 1283 584 θεῶν
1309 517 1421 583 καὶ
1451 513 1800 586 Διόνυσον
1825 514 2120 605 μούνους
2146 519 2479 605 σέβονται,
2510 516 2665 590 τού-

392 645 549 697 τους
585 644 656 686 τε
698 617 1003 705 μεγάλως
1047 621 1284 705 τιμῶσι
1308 639 1323 654 ·
1378 626 1499 688 καί
1541 640 1664 709 σφι
1704 619 2030 710 μαντήϊον
2071 618 2238 701 Διὸς
2285 626 2665 712 κατέστηκε.

393 721 868 811 στρατεύονται
912 718 1004 806 δ’,
1054 720 1258 791 ἐπεάν
1285 741 1496 810 σφεας
1521 718 1559 792 ὁ
1584 721 1745 804 θεὸς
1773 713 1965 803 οὗτος
1995 724 2240 813 κελεύῃ
2273 723 2386 794 διὰ
2411 737 2654 798 θεσπι-

392 824 697 915 σμάτων,
724 827 872 911 καὶ,
913 830 995 916 τῇ
1019 819 1106 893 ἄν
1131 826 1375 916 κελεύῃ
1391 879 1410 913 ,
1441 830 1678 897 ἐκεῖσε.
1725 824 1886 898 'Auo
1912 827 1988 896 δὲ
2014 827 2259 916 ταύτης
2284 833 2399 919 τῆς
2432 829 2660 915 πόλιος
2679 848 2760 909 30

394 932 618 1000 πλέων
678 930 754 998 ἐν
810 938 933 1020 ἴσῳ
985 927 1205 1022 χρόνῳ
1256 926 1438 1024 ἄλλῳ
1497 934 1664 1014 ἔξεις
1728 933 1796 1011 ἐς
1852 929 2009 1011 τούς
2066 928 2529 1021 Αὐτομόλους,
2595 938 2670 1007 ἐν

394 1029 529 1126 ὅσῳ
587 1059 713 1121 περ
762 1034 830 1115 ἐξ
869 1027 1343 1121 Ἐλεφαντίνης
1389 1025 1597 1122 ἦλθες
1643 1039 1707 1114 ἐς
1758 1032 1880 1123 τὴν
1924 1033 2337 1124 μητρόπολιν
2374 1034 2498 1125 τὴν
2543 1046 2667 1109 Αἰ-

393 1135 682 1206 θιόπων.
753 1151 922 1204 τοῖσι
966 1136 1040 1204 δὲ
1086 1133 1532 1225 Αὐτομόλοισι
1583 1137 1871 1208 τούτοισι
1912 1134 2170 1228 οὔνομά
2210 1141 2348 1209 ἐστι
2392 1138 2668 1231 Ἀσμάχ·

463 1337 576 1388 Δία
624 1334 784 1386 θεῶν
846 1331 941 1385 καὶ
988 1330 1280 1386 Διόνυσον
1341 1355 1478 1404 μου-

395 1421 532 1464 νονς
576 1404 861 1473 σέβονται]
922 1406 1045 1457 Non
1086 1422 1307 1471 prorsus
1357 1425 1476 1459 cum

393 1477 479 1527 his
499 1475 772 1527 consentit
790 1476 987 1527 Strabo
1007 1475 1183 1528 XVII.
1198 1493 1249 1541 p.
1271 1477 1403 1527 1177
1427 1480 1477 1529 D

392 1564 447 1612 p.
477 1547 607 1607 8223
646 1545 733 1596 cui
760 1551 943 1596 tamen
966 1544 1113 1595 haud
1136 1547 1252 1596 scio
1277 1562 1348 1597 an
1372 1549 1480 1598 He-

393 1616 571 1667 rodoti
624 1617 696 1665 sit
746 1614 1102 1665 anteferenda
1155 1618 1478 1679 auctoritas,

391 1700 624 1751 quocum
659 1689 912 1735 monente
948 1683 1239 1735 Thorlacio
1275 1686 1331 1735 in
1359 1703 1479 1752 pro-

389 1756 604 1806 lusione
624 1755 689 1804 de
711 1769 852 1805 sacr.
868 1758 923 1804 et
938 1754 1172 1818 sapient.
1185 1755 1475 1821 Aethiopp.

394 1824 600 1890 (Havn.
631 1823 790 1887 1825)
825 1839 953 1889 pag.
980 1822 1014 1874 6
1050 1823 1184 1873 facit
1220 1823 1478 1876 Heliodo-

390 1910 511 1956 rus,
561 1895 651 1958 qui
691 1891 881 1958 Solem,
929 1894 1150 1953 Lunam,
1206 1896 1477 1961 Dionysum

388 1970 651 2014 memorat
697 1963 848 2014 deos.
918 1963 1076 2025 Quod
1114 1962 1256 2013 enirn
1290 1964 1472 2015 Iovem

387 2035 588 2084 Noster
632 2031 872 2097 appellat
918 2036 973 2081 et
1016 2033 1352 2097 Dionysum,
1395 2035 1473 2084 in-

385 2102 599 2153 tellexit
647 2100 878 2165 (Iovem)
925 2102 1104 2151 Amun
1142 2106 1308 2167 atque
1353 2104 1473 2154 Osi-

385 2172 554 2222 ridem
593 2171 761 2233 (conf.
803 2171 882 2232 11,
921 2173 1037 2233 42);
1080 2185 1237 2236 quem
1269 2177 1474 2223 utrum-

387 2257 490 2308 que
528 2241 687 2291 deum
723 2240 835 2291 illic
883 2239 1087 2290 cultum
1128 2240 1300 2291 fuisse
1334 2245 1472 2292 satis

385 2310 740 2376 comprobant
782 2308 1094 2374 anaglypha
1143 2313 1307 2375 atque
1341 2313 1470 2362 ima-

383 2381 538 2446 gines
559 2417 572 2443 ‚
604 2379 798 2444 quibus
822 2379 1143 2443 templorum
1171 2380 1370 2431 rudera
1392 2398 1472 2432 re-

385 2452 528 2500 ferta
574 2463 694 2498 esse
741 2447 980 2498 clamant
1034 2449 1469 2513 peregrinatores

383 2518 761 2580 recentissimi,
801 2518 868 2568 ab
891 2518 1163 2568 Heerenio
1187 2520 1345 2568 citati
1366 2520 1404 2572 l.
1429 2521 1468 2573 1.

382 2590 467 2639 De
503 2588 606 2638 hoc
641 2587 774 2637 Iove
810 2588 1116 2637 Hammone
1142 2590 1324 2638 omnia
1347 2604 1469 2655 sup-

380 2657 650 2723 peditabit
685 2656 784 2707 ch.
826 2657 891 2706 F.
931 2656 1368 2709 Schmitthenner
1414 2662 1466 2710 in

384 2729 667 2792 Syntagm.
703 2727 749 2776 1.
781 2726 847 2776 de
879 2726 1013 2776 Iove
1035 2727 1247 2779 Hamm.
1281 2726 1469 2792 (Weil-

381 2797 538 2862 burg.
568 2795 725 2861 1840)
763 2812 817 2861 p.
845 2798 876 2844 4
902 2811 1053 2860 seqq.
1127 2798 1211 2846 Ex
1247 2798 1468 2848 Aethio-

380 2866 667 2932 pia-huius
705 2866 792 2915 dei
829 2864 1033 2915 cultum
1072 2866 1139 2915 ad
1163 2866 1465 2932 Aegyptios

382 2935 688 3001 pervasisse
721 2935 863 2985 idem
903 2935 1208 2986 contendit:
1253 2952 1360 3002 qna
1398 2937 1466 2988 de

380 3022 437 3056 re
464 3008 591 3056 utut
626 3006 856 3067 statuis,
907 3003 1040 3053 nihil
1075 3004 1288 3056 differre
1321 3008 1465 3058 inter

377 3075 767 3141 Aegyptiorum
793 3078 956 3138 atque
976 3074 1298 3140 Aethiopum
1332 3076 1462 3127 deos

377 3160 442 3196 ac
467 3159 654 3206 sacra,
680 3144 806 3207 ipsa
831 3148 1181 3194 monumenta
1207 3145 1344 3196 satis
1370 3146 1462 3197 de-

374 3214 606 3266 clarant.
680 3215 861 3276 Quare
894 3212 1058 3262 etiam
1086 3215 1229 3278 quod
1250 3215 1466 3266 Ammo-

375 3284 460 3334 nis
491 3281 693 3348 templo
732 3281 904 3349 (quod
940 3283 1084 3332 inter
1115 3286 1302 3334 ruinas
1337 3284 1462 3335 illas

309 3361 324 3376 ⁵
373 3353 678 3404 Heerenius
734 3352 839 3401 sibi
896 3352 1171 3402 invenisse
1225 3353 1460 3418 videtur,

374 3422 412 3475 l.
433 3422 473 3473 l.
497 3438 551 3487 p.
573 3422 678 3473 416
703 3436 856 3486 seqq.
882 3421 986 3470 420
1009 3421 1186 3486 seqq.)
1216 3424 1460 3474 iunctum

375 3493 480 3541 fuit
515 3490 822 3552 oraculum,
869 3489 924 3539 id
950 3491 1302 3554 primordium
1330 3508 1460 3558 quo—

375 3560 660 3611 dammodo
690 3559 1015 3624 reliquorum
1040 3576 1135 3623 per
1154 3561 1460 3627 Aegyptum

375 3630 714 3680 oraculorum
759 3628 947 3678 haberi
993 3629 1086 3684 ille
1131 3629 1278 3693 vult,
1333 3647 1462 3697 quo-

374 3715 490 3749 rum
529 3699 794 3764 originem
833 3697 902 3747 ad
939 3693 1163 3749 dolones
1202 3701 1340 3751 istos
1381 3716 1461 3750 re·

372 3769 655 3818 vocaveris
710 3766 867 3829 licet,
917 3767 1011 3833 qui
1057 3784 1123 3819 ex
1169 3769 1460 3834 Aethiopia

377 3838 430 3886 in
483 3838 722 3902 Aegypti
789 3836 1038 3901 regiones
1110 3837 1333 3887 demissi
1390 3838 1459 3888 ad

371 3911 659 3971 utramque
705 3906 818 3955 Nili
869 3905 1041 3970 ripam
1092 3907 1455 3960 consederint.

375 3976 493 4037 Quo
551 3992 618 4026 ea
675 3975 897 4037 ducere,
958 3990 1097 4039 quae
1145 3976 1458 4026 Herodotus

370 4043 437 4094 de
470 4044 537 4093 iis
573 4059 698 4094 mox
727 4045 941 4104 -tradat,
991 4045 1080 4108 qui
1118 4045 1458 4096 oraculorum

366 4114 517 4166 iussu
552 4112 622 4163 ad
656 4113 800 4164 bella
836 4111 1277 4178 proficiscantur,
1315 4114 1456 4165 idem

366 4187 523 4234 notat
557 4183 879 4233 Heerenius.
946 4181 1103 4233 Conf.
1141 4183 1304 4232 etiam
1327 4185 1458 4234 Dio-

367 4252 484 4303 dor.
523 4251 691 4302 Sicul.
729 4252 847 4315 111,
886 4250 935 4302 3.
976 4250 1026 4301 6.
1119 4252 1225 4313 Qui
1263 4268 1329 4302 ex
1363 4253 1457 4302 In-

366 4320 459 4371 dia
490 4319 626 4370 haec
662 4321 844 4371 omnia
881 4319 1056 4384 repeti
1091 4320 1316 4379 volunt,
1368 4323 1457 4373 cui

365 4395 421 4441 et
451 4389 742 4456 Aethiopia
777 4396 831 4440 et
851 4389 1136 4454 Aegyptus
1164 4405 1325 4441 sacra
1355 4407 1457 4444 sua

1584 1356 1648 1391 ac
1686 1339 1887 1405 templa
1921 1340 2146 1402 debeat,
2197 1356 2291 1391 eos
2324 1356 2469 1392 nunc
2506 1343 2673 1393 mitti-

1584 1425 1728 1473 mus,
1766 1425 1887 1461 cum
1925 1409 2036 1460 tale
2059 1419 2437 1475 argumentum
2460 1413 2530 1462 ab
2562 1413 2673 1463 He-

1582 1479 1777 1529 rodoto
1801 1479 2143 1544 explicando,
2183 1481 2239 1529 in
2262 1496 2367 1545 quo
2392 1497 2498 1531 uno
2525 1497 2671 1533 nunc

1581 1564 1887 1611 versamur,
1960 1549 2197 1600 alienum
2257 1550 2431 1601 videri
2485 1556 2667 1617 queat.

1582 1619 1706 1669 Vid.
1733 1624 1914 1669 tamen
1938 1619 2279 1670 Henrichsen
2318 1621 2385 1670 de
2408 1621 2667 1673 Phoenic.

1582 1695 1894 1740 commentt.
1922 1688 2078 1739 alter.
2106 1705 2160 1754 p.
2183 1687 2217 1738 8
2242 1687 2454 1752 (Havn.
2486 1691 2668 1757 1827).

1956 1860 2088 1910 Car.
2126 1861 2297 1911 XXX.

1649 1965 1798 2012 τοῖσι
1856 1958 1920 2013 δὲ·
1980 1953 2353 2027 Αὖτομόλοισι
2411 1954 2664 2014 τούτοισι

1579 2022 1801 2097 οὔνομά
1844 2023 1956 2081 ἔστι
1998 2023 2217 2098 Ἀσμάχ]
2281 2035 2451 2084 Nemo
2487 2034 2663 2086 nescit

1577 2117 1713 2152 voce
1758 2092 2098 2166 Αὔτομόλων
2157 2101 2386 2152 indicari
2433 2105 2664 2168 transfu-

1568 2187 1706 2236 9a3,·
1766 2170 1953 2236 quales
2014 2171 2217 2221 fuerint
2270 2173 2662 2237 Aegyptiorum

1574 2240 1803 2302 milites,
1856 2241 1947 2307 qui
1984 2242 2058 2291 ad
2094 2241 2389 2307 Aethiopes
2425 2257 2660 2295 secesse-

1572 2317 1714 2360 rant.
1798 2312 1998 2361 Vocem
2048 2301 2272 2376 Ἀσμάχ,
2335 2312 2487 2362 cuius
2538 2313 2659 2365 loco

1573 2381 1694 2429 libri
1743 2381 1961 2445 quidam
2000 2371 2226 2445 Ἀσχᾶμ,
2297 2380 2394 2430 alii
2438 2397 2505 2431 ex
2549 2383 2661 2433 He-

1573 2451 1786 2512 braica‚
1846 2449 1941 2499 alii
1994 2450 2103 2499 alia
2151 2465 2217 2500 ex
2260 2450 2449 2516 lingua
2493 2451 2662 2517 expli-

1575 2535 1699 2569 care
1734 2520 2078 2569 studuerunt.
2152 2519 2211 2569 Si
2239 2534 2349 2569 una
2371 2519 2532 2571 litera
2562 2521 2659 2571 ad·

1572 2589 1689 2639 dita
1721 2589 1993 2652 legeretur
2028 2579 2283 2653 Σασμοὶχ,
2318 2588 2374 2637 id
2413 2589 2659 2641 Iablons-

1571 2658 1696 2708 kius
1747 2658 2003 2722 explicari
2050 2672 2213 2721 posse
2253 2662 2412 2720 putat
2451 2673 2515 2708 ex
2556 2660 2659 2711 Ae-

1571 2727 1827 2791 gyptiaco
1863 2726 2065 2778 Samuele
2098 2732 2197 2776 aut
2231 2725 2466 2787 Sosmalz,
2513 2729 2658 2794 quod

1570 2797 1793 2847 denotet
1821 2799 1998 2858 plenos
2023 2798 2286 2860 ignominia
2314 2805 2366 2847 et
2389 2797 2625 2861 despectu
2632 2818 2654 2859 ,-

1568 2866 1615 2916 si
1657 2865 1931 2931 legeretur
1959 2857 2257 2930 Ἀσασμοῖχ,
2297 2869 2653 2931 compositam

1568 2935 1741 2985 videri
1777 2951 1996 2998 vocem,
2049 2949 2190 3000 quae
2226 2935 2447 2986 denotet
2482 2938 2556 2988 ad
2585 2943 2655 2990 εἰ-

1566 3007 1774 3055 nistram
1807 3013 2005 3057 stantes
2019 3044 2033 3065 ,
2085 3004 2327 3071 beneque
2365 3009 2656 3060 conveniat

1565 3075 1661 3137 iis,
1716 3090 1852 3140 quos
1904 3074 1998 3126 alii
2048 3075 2341 3140 scriptores
2377 3078 2655 3142 appellent

1565 3138 1933 3204 εὖωνυμίτας.
2009 3144 2168 3197 Conf.
2218 3147 2382 3197 etiam
2421 3147 2652 3200 wilkin-

1564 3230 1683 3264 son.
1720 3214 1976 3265 Manncrs
2015 3219 2122 3265 etc.
2147 3215 2192 3265 Ι.
2220 3231 2276 3279 p.
2320 3216 2417 3266 154
2453 3221 2507 3267 et
2542 3217 2653 3267 Uh-

1562 3282 1781 3334 lemann
1815 3284 1872 3334 in
1898 3284 2169 3350 Philolog.
2206 3285 2439 3350 Aegypt.
2479 3302 2534 3351 p.
2564 3286 2648 3348 12,

1562 3354 1655 3417 qni
1688 3368 1754 3403 ex
1774 3352 2002 3418 Coptica
2039 3353 2231 3419 lingua
2261 3354 2651 3418 interpretatur

1562 3423 1863 3482 defectores.
1946 3422 2030 3472 Ad
2079 3423 2445 3473 Herodoteam
2497 3423 2651 3474 vocis

1560 3492 2063 3556 interpretationem
2087 3490 2332 3554 inprimis
2355 3491 2493 3542 facit
2515 3493 2647 3542 Dio-

1562 3559 1725 3609 dorus
1775 3561 1819 3622 1,
1857 3558 1942 3610 67.
2018 3559 2150 3610 Cum
2187 3561 2328 3610 enim
2362 3576 2484 3624 rex,
2532 3576 2648 3611 sus-

1562 3633 1721 3693 cepta
1748 3630 1804 3679 in
1839 3630 2049 3692 Syriam
2086 3630 2456 3693 expeditione,
2493 3646 2646 3696 pere-

1561 3699 1746 3763 grinos
1783 3697 1986 3748 milites
2023 3698 2335 3760 praeferens
2373 3699 2425 3747 in
2455 3699 2649 3749 dextra

1561 3767 1698 3817 aciei
1751 3771 1907 3832 parte
1963 3765 2286 3830 collocaret,
2350 3770 2647 3833 Aegyptios

1562 3851 1689 3885 vero
1725 3836 1782 3886 in
1818 3836 2069 3897 sinistra,
2107 3836 2364 3901 Aegyptii
2398 3838 2649 3905 indigna-

1558 3905 1730 3955 bundi
1784 3905 2053 3956 defecisse
2102 3911 2157 3955 et
2208 3906 2265 3954 in
2303 3905 2648 3973 Aethiopiam

1559 3975 1949 4039 commigrasse
1988 3973 2262 4025 dicuntur.
2334 3977 2473 4026 Nam
2520 3978 2650 4027 sini·

1560 4048 1677 4093 stra
1711 4044 1887 4093 minus
1930 4044 2119 4126 utique
2163 4044 2455 4107 honorata3
2505 4046 2646 4097 unde

1558 4111 1855 4178 appellatio
1885 4103 2084 4179 Ἀσμαχ
2115 4114 2445 4178 ignominiae
2478 4130 2647 4166 causa

1560 4181 1669 4232 illis
1699 4181 1875 4231 indita
1900 4183 2071 4234 fuisse
2095 4183 2327 4233 videtur.
2370 4184 2478 4234 Sed
2506 4185 2645 4235 alias

1558 4265 1773 4318 quoque
1808 4267 2004 4301 causas
2043 4252 2214 4303 fuisse
2249 4254 2542 4316 suspiceris
2580 4255 2645 4304 li-

1558 4326 1672 4381 cet,
1723 4335 1861 4384 quae
1894 4321 2180 4388 indigenas
2227 4321 2424 4373 milites
2463 4339 2646 4373 move-

1555 4390 1683 4454 rint,
1720 4393 1781 4440 ut
1806 4404 1840 4440 a
1860 4390 2249 4445 Psammiticho
2277 4389 2645 4445 desciscerent
