3109 5092
465 352 590 415 288

1327 355 1869 418 HERODOTI

465 530 722 616 Πέρσαι
763 533 851 618 γῇ
889 527 1282 618 κρύπτουσι.
1342 528 1576 618 Μάγοι
1619 531 1694 600 δὲ
1722 535 2165 619 κεχωρίδαται
2193 529 2445 601 πολλὸν
2493 537 2632 602 τῶν
2667 561 2740 602 τε

464 628 691 700 ἄλλων
730 629 1123 721 ἀνθρώπων
1159 633 1272 701 καὶ
1314 637 1451 703 τῶν
1504 637 1580 704 ἐν
1619 631 1945 725 Αἰγύπτῳ
1994 635 2215 722 ἱρέων.

2310 640 2382 703 οἰ
2431 635 2557 725 μὲν
2608 634 2737 723 γὰρ

464 729 830 821 ἁγνεύουσι
871 740 1171 824 ἔμψυχον
1210 736 1425 824 μηδὲν
1465 745 1788 822 κτείνειν,
1833 741 1897 804 εί
1934 733 2024 825 μὴ
2068 732 2192 806 ὅσα
2220 737 2507 824 θύουσι,
2555 744 2627 809 οἱ
2661 739 2738 809 δὲ

466 835 551 926 δὴ
579 836 777 925 μάγοι
804 835 1186 928 αὐτοχειρίῃ
1217 838 1469 926 πάντα,
1512 839 1691 930 πλὴν
1731 836 1933 918 κυνὸς
1969 841 2083 908 καὶ
2109 836 2518 931 ἀνθρώπου,
2558 850 2737 911 κτεί-

464 961 660 1010 νουσι
679 962 695 977 ·
737 938 1224 1031 καὶ“ἆγιόνισμα
1254 945 1424 1031 μέγα
1454 949 1652 1014 τοῦτο
1680 946 2027 1014 ποιεῦνται
2048 994 2066 1028 ,
2096 950 2470 1025 κτείνοντες
2494 940 2740 1034 ὁμοίως

464 1041 816 1133 μύρμηκάς
852 1072 923 1112 τε
953 1046 1067 1113 καὶ
1092 1041 1248 1133 ὄφις
1277 1047 1388 1115 καὶ
1413 1038 1623 1116 τᾶλλα
1659 1042 1901 1137 ἑρπετὰ
1928 1046 2041 1114 καὶ
2069 1047 2360 1116 πετεινά.
2420 1049 2533 1116 καὶ
2559 1045 2734 1137 ἀμφὶ

465 1147 591 1235 μὲν
616 1151 709 1240 τῷ
736 1147 918 1240 νόμῳ
946 1147 1160 1240 τούτῳ
1187 1149 1386 1236 ἐχέτω
1405 1200 1424 1235 ,
1470 1145 1561 1230 ὥς
1598 1153 1710 1219 καὶ
1749 1145 1963 1238 ἀρχὴν
2007 1151 2356 1241 ἐνομίσθη.
2381 1143 2388 1150 ’
2411 1148 2633 1240 ἄνειμι
2662 1151 2738 1220 δὲ

468 1252 577 1320 ἐπὶ
603 1247 724 1320 τὸν
751 1250 1080 1341 πρότερον
1108 1250 1329 1337 λόγον.

469 1415 632 1466 Mum:
669 1417 809 1468 unde
832 1418 1134 1468 recentiore
1167 1423 1353 1469 aetate
1375 1418 1550 1483 ipsum

468 1485 692 1537 Mundae
725 1503 920 1537 nomen
957 1486 1198 1539 ductum.

537 1552 610 1620 γῇ
653 1549 996 1622 κρύπτουσι]
1047 1558 1085 1609 i.
1122 1573 1170 1607 e.
1206 1557 1261 1606 itt
1289 1564 1434 1606 terra
1468 1571 1552 1605 re-

461 1632 686 1687 ponunt,
733 1628 966 1680 condunt.
1037 1627 1247 1677 Eodem
1299 1626 1459 1676 modo
1504 1624 1551 1685 Ι,

466 1694 590 1746 216.
639 1693 731 1756 11,
785 1694 903 1747 130.
957 1695 1066 1758 IV,
1120 1697 1236 1747 103.
1285 1695 1361 1773 V,
1398 1696 1449 1744 4.
1500 1698 1554 1743 et

467 1763 613 1829 apud
650 1763 971 1830 Sophoclem
1017 1779 1181 1833 ταφω
1227 1734 1447 1828 κρύψαι
1496 1763 1553 1811 in

465 1834 730 1899 Antigon.
769 1834 884 1886 182.
925 1834 1049 1885 957.
1084 1864 1150 1874 -
1191 1834 1257 1884 Ιιι
1292 1849 1445 1899 seqq.
1483 1831 1554 1882 ad

467 1904 698 1953 formam
750 1905 981 1968 perfecti
1025 1904 1272 1954 Ionicam
1320 1900 1555 1968 κεχωρί-

467 1969 637 2021 δαται
661 1972 806 2022 conf.
830 1974 904 2035 11,
926 1973 988 2022 91
1019 1978 1074 2023 et
1094 1974 1326 2024 Bredov’.
1350 1988 1402 2037 p.
1431 1970 1551 2023 328.

539 2035 598 2089 οἵ
632 2036 696 2089 δὲ
734 2034 807 2107 δὴ
842 2033 1013 2106 μάγοι
1047 2033 1373 2107 αὐτοχειρίῃ
1410 2031 1554 2090 πάν-

466 2124 538 2158 τα
570 2140 643 2149 -
672 2109 980 2176 κτείνουσι]
1027 2110 1369 2175 Explicanda
1418 2110 1554 2160 haec

469 2183 598 2228 sunt
630 2194 696 2228 ex
733 2177 985 2229 doctrina
1019 2180 1302 2244 Magorum
1337 2195 1402 2229 ac
1425 2180 1555 2229 Per·

470 2262 651 2297 sarum
692 2246 759 2296 de
793 2248 1002 2298 duobus
1039 2249 1241 2313 geniis,
1279 2248 1422 2298 bono
1445 2263 1554 2298 uno

472 2315 785 2381 (Οτιιιιιιᾶ),
824 2317 996 2367 altero
1027 2333 1196 2381 pravo
1228 2316 1553 2382 (Ahriman),

471 2399 695 2452 quornm
733 2386 823 2436 ille
858 2388 1097 2436 omnium
1134 2386 1428 2449 bonorum,
1466 2385 1555 2436 hic

472 2456 712 2505 omnium
746 2455 1010 2506 malorum
1046 2456 1168 2506 fons
1205 2459 1370 2520 atque
1411 2455 1555 2520 prin-

470 2526 688 2589 cipium.
766 2524 866 2575 Ille
923 2525 1081 2576 bonis
1129 2524 1286 2574 adest
1330 2524 1558 2575 homini-

470 2595 600 2656 bus,
650 2593 738 2644 hic
773 2609 971 2660 pravos
1015 2595 1159 2660 regit
1201 2598 1256 2644 et
1292 2594 1360 2644 ad
1399 2609 1556 2645 suum

472 2664 754 2714 arbitrium
819 2664 988 2715 ducit.
1078 2663 1182 2714 Ille
1239 2664 1384 2714 bona
1449 2663 1555 2713 sibi

470 2732 638 2783 habet
670 2734 958 2796 animalia,
1009 2733 1077 2784 ad
1122 2733 1417 2784 utilitatem
1460 2732 1555 2782 ho·

471 2803 675 2853 minum
711 2811 1025 2866 procreata,
1075 2803 1164 2853 hic
1205 2803 1362 2853 malis
1404 2816 1558 2867 prae-

473 2876 559 2920 est
611 2871 833 2934 bestiis,
895 2872 1024 2922 feris
1077 2872 1312 2922 humano
1371 2870 1558 2937 generi

473 2940 685 2988 nocivis
736 2940 1097 3005 damnumque
1141 2940 1429 3006 plurimum
1477 2940 1559 2988 in-

474 3007 794 3057 ferentibus.
871 3008 1004 3058 Cum
1040 3025 1171 3058 vero
1207 3024 1559 3074 unumquem-

474 3091 581 3140 que
615 3076 884 3126 hominem
927 3082 1178 3142 oporteat
1223 3078 1421 3127 bonum
1467 3092 1559 3143 ge-

475 3145 624 3194 nium
685 3143 969 3208 (Ormuzd)
1031 3147 1210 3211 sequi,
1273 3147 1560 3212 ipsumque

475 3214 602 3264 inde
638 3215 862 3278 probum
896 3214 1034 3277 fieri,
1072 3216 1255 3266 omnia
1286 3216 1392 3267 iste
1427 3219 1561 3281 agat

475 3298 701 3335 necesse
757 3290 871 3346 est,
934 3284 1288 3349 omnibusque
1345 3285 1560 3350 operari

476 3352 666 3417 debet,
719 3354 915 3420 quibus
962 3354 1120 3418 pravi
1165 3354 1442 3406 daemonis
1479 3370 1562 3404 re·-

475 3438 639 3488 gnum
675 3425 964 3486 minuatur,
1000 3423 1346 3489 eiusdemque
1380 3426 1466 3475 vis
1500 3425 1560 3474 in

476 3508 563 3542 res
615 3494 916 3544 mundanas
962 3508 1027 3544 ac
1078 3497 1361 3544 terrestres
1414 3509 1561 3545 coer-

476 3567 684 3614 ceatur.
766 3565 1013 3629 Semper,
1080 3564 1174 3628 qui
1226 3564 1426 3628 probus
1492 3578 1559 3614 ac

474 3632 588 3682 fere
623 3634 818 3684 beatus
854 3634 973 3684 fieri
1010 3632 1170 3695 velit,
1207 3633 1435 3698 vigilare
1471 3633 1561 3682 de-

474 3700 569 3751 bet
613 3717 929 3768 semperque
975 3718 1111 3752 esse
1139 3703 1411 3765 intentus,
1459 3718 1561 3752 nec

474 3771 1563 3923 3332&„zzfsszffzzssszzssffisssffssssz

476 3921 618 3970 quae
652 3909 782 3958 mali
829 3910 975 3975 genii
1009 3910 1094 3959 vis
1132 3910 1442 3973 procreavit
1476 3913 1561 3960 at-

477 3989 583 4039 que
618 3976 774 4039 aluit,
811 3993 1022 4041 semper
1056 3978 1343 4029 insidietur
1376 3979 1561 4043 pravis

475 4043 696 4106 bestiis,
743 4061 810 4096 ne
844 4045 924 4094 illi
960 4046 1025 4094 de
1056 4046 1214 4096 bonis
1252 4046 1560 4110 detrahant,

475 4127 769 4177 regnumve
814 4114 970 4177 pravi
1015 4114 1100 4162 sui
1144 4116 1291 4179 genii
1327 4115 1563 4180 adauge-

476 4186 591 4231 ant.
654 4181 761 4231 Sed
795 4182 1001 4246 Magis,
1043 4183 1137 4245 qui
1167 4184 1401 4247 proximi
1435 4190 1563 4234 sunt

477 4251 563 4301 dei
603 4250 923 4315 interpretes
949 4255 1117 4314 atque
1141 4251 1396 4313 cultores,
1432 4268 1562 4315 prae

454 4319 675 4371 ·ceteris
719 4334 820 4384 par
863 4323 974 4380 est,
1026 4319 1341 4384 exstirpatis
1389 4322 1562 4370 omni-

476 4387 579 4440 bus
634 4387 818 4454 pravis
877 4386 1204 4439 animalibus
1220 4423 1235 4453 ,
1294 4401 1434 4454 quae
1490 4389 1560 4441 ad

1654 1415 1936 1467 Ahrimani
1962 1418 2271 1482 pertineant
2303 1434 2555 1484 regnum,
2590 1418 2739 1470 istud

1655 1486 1831 1550 ipsum
1866 1502 1963 1551 pro
1999 1487 2208 1537 viribus
2256 1487 2493 1538 minuere
2541 1492 2638 1538 aut
2668 1489 2739 1539 ad

1656 1555 1848 1605 melius
1894 1561 2269 1622 transponere.
2342 1557 2543 1608 Confer
2578 1558 2740 1608 Creu-

1658 1626 1767 1674 zeri
1783 1623 2077 1690 Symbolic.
2092 1626 2139 1676 1.
2156 1642 2208 1690 p.
2225 1624 2328 1676 218
2347 1631 2498 1693 seqq.
2512 1627 2597 1677 ed.
2611 1632 2738 1677 tert.

1657 1699 1713 1743 et
1734 1696 2075 1759 potissimum
2109 1695 2386 1746 Plutarch.
2411 1697 2604 1748 Moral.
2628 1696 2737 1760 (ΙΙ)

1656 1779 1783 1829 pag.
1825 1765 1928 1815 369
1952 1765 2017 1814 F.
2057 1764 2158 1814 537
2187 1766 2255 1815 Α.
2323 1766 2394 1814 Et
2429 1765 2574 1817 conf.
2610 1781 2741 1830 quo-

1658 1848 1764 1898 que
1807 1834 2042 1883 Bohlen:
2107 1833 2230 1885 Ind.
2275 1833 2323 1884 1.
2378 1850 2431 1899 p.
2479 1836 2585 1887 249
2622 1850 2737 1899 seq.

1658 1902 1774 1964 Sic,
1812 1904 1895 1952 uti
1929 1902 2032 1952 hoc
2069 1907 2220 1964 utar,
2258 1909 2554 1968 serpentes,
2591 1919 2737 1953 scor-

1655 1973 1870 2036 piones,
1922 1971 2030 2022 alia
2076 1973 2133 2022 id
2176 1987 2346 2037 genus
2393 1974 2604 2023 insecta
2647 1988 2742 2022 no-

1658 2042 1781 2090 civa
1836 2040 1906 2091 ad
1950 2041 2234 2090 Abrimani
2291 2039 2514 2106 regnum
2577 2043 2742 2107 perti-

1655 2115 1812 2171 nent,
1859 2124 1998 2175 quae
2035 2109 2157 2161 ideo
2193 2112 2489 2174 expressim
2525 2112 2613 2163 hic
2648 2128 2742 2162 no·

1655 2180 1852 2229 minari
1884 2180 2101 2229 minime
2133 2180 2343 2242 mirum,
2379 2181 2578 2230 cumin
2606 2182 2740 2246 ipsis

1657 2248 1814 2299 libris
1850 2248 2099 2299 Zendicis
2145 2248 2282 2299 talia
2329 2265 2773 2315 commemorem,

1660 2322 1775 2367 tur:
1806 2318 1879 2368 cf.
1897 2316 2154 2368 Kleuker.
2181 2318 2217 2368 l.
2248 2333 2414 2383 supra
2435 2320 2473 2370 l.
2499 2334 2629 2385 pag.
2652 2322 2740 2370 22.

1658 2386 1856 2438 Roeth.
1894 2386 1931 2439 l.
1984 2386 2022 2438 l.
2057 2403 2112 2452 p.
2150 2389 2272 2438 424.
2348 2388 2552 2438 Contra
2588 2389 2740 2438 canis

1662 2455 1731 2505 ad
1774 2455 1919 2506 bona
1966 2456 2225 2506 animalia
2260 2458 2522 2520 pertinet,
2577 2458 2742 2508 reser-

1661 2530 1856 2589 tnrque
1900 2525 1970 2575 ad
2007 2531 2234 2575 mortem
2268 2529 2433 2590 atque
2468 2527 2742 2577 immorta-

1657 2594 1896 2655 litatem,
1963 2609 2033 2645 ne
2098 2594 2208 2644 alia
2270 2594 2472 2658 dicam,
2544 2596 2741 2661 quibus

1659 2663 1827 2713 hocce
1871 2663 2071 2713 animal
2125 2664 2342 2729 insigne
2396 2680 2516 2714 esse
2559 2665 2743 2715 volue-

1658 2736 1786 2782 runt
1829 2738 2046 2783 veteres
2089 2734 2291 2783 Persae
2335 2733 2581 2798 Magive3
2629 2734 2739 2785 vid.

1659 2802 1911 2852 Creuzer.
1947 2801 1986 2851 l.
2022 2801 2061 2852 l.
2098 2817 2226 2867 pag.
2267 2803 2387 2853 251.
2435 2809 2491 2853 et
2523 2804 2744 2867 potissi·
2806 2791 2824 2806 “

1658 2886 1802 2921 mum
1839 2869 2033 2921 Roeth.
2070 2870 2108 2921 l.
2147 2870 2185 2921 l.
2227 2886 2354 2936 pag.
2379 2874 2481 2925 425
2520 2879 2576 2923 et
2601 2877 2743 2923 nott.

1657 2957 1713 3006 p
1729 3004 1825 3057 καὶ
1871 2998 2164 3072 ἀγώνισμα
2210 3004 2351 3073 μέγα
2397 3004 2569 3057 τοῦτο
2617 3021 2744 3059 ποι-

1660 3075 1877 3143 εὖνται]
1921 3077 2013 3128 Sic
2057 3077 2253 3128 iterum
2314 3093 2345 3128 e
2381 3076 2745 3128 Schellershe-

1661 3148 1842 3197 miano
1886 3146 2132 3197 dedimus
2179 3162 2300 3197 cum
2335 3146 2512 3198 Gaisf.
2560 3152 2616 3196 et
2664 3162 2744 3197 re-

1661 3221 1828 3268 centt.
1877 3216 1999 3267 edd.
2032 3216 2250 3296 Vulgo
2299 3213 2506 3264 τοῦτο
2556 3211 2740 3280 μέγα.

1663 3287 1792 3336 Mox
1846 3286 1970 3336 dedi
2025 3300 2159 3349 οφις
2203 3301 2302 3350 pro
2351 3284 2502 3350 vulg.
2549 3279 2741 3347 ὄφεις,

1662 3355 1734 3407 cf.
1773 3355 2006 3405 Bredov.
2044 3371 2097 3420 p.
2134 3354 2237 3432 264
2273 3359 2329 3405 et
2362 3370 2530 3418 supra
2561 3355 2616 3416 Ι,
2652 3354 2739 3405 90.

1663 3425 1709 3486 Ι,
1739 3426 1824 3476 15.
1860 3455 1930 3463 —-
1965 3414 2168 3487 ἕρπετα
2195 3424 2361 3489 vulgo
2396 3424 2628 3474 reddunt
2661 3438 2744 3472 re—

1656 3497 1830 3558 milia:
1848 3493 1915 3544 de
1936 3494 2220 3559 quibusvis
2242 3492 2586 3556 animalibus,
2605 3506 2743 3557 quae

1662 3563 1937 3624 incedunt,
1958 3568 2178 3628 praeter
2199 3563 2462 3625 volucria,
2487 3562 2596 3612 dici
2621 3577 2743 3611 con-

1663 3633 1839 3683 tendit
1883 3633 2276 3683 Wordsworth.
2335 3633 2406 3682 ad
2463 3630 2739 3710 Tlieocrit.

1662 3703 1779 3780 XV,
1824 3702 1937 3753 118.
2007 3702 2073 3751 In
2107 3716 2258 3766 seqq.
2296 3692 2443 3764 ἀμφὶ
2476 3698 2555 3766 τῷ
2588 3693 2743 3766 νόμῳ

1660 3762 1843 3837 τούτῳ
1879 3776 1989 3820 est:
2027 3770 2163 3836 qnod
2193 3771 2371 3820 attinet
2407 3770 2480 3820 ad
2510 3769 2639 3819 hanc
2673 3770 2744 3817 le·

1659 3856 1795 3922 gem·
1850 3840 1913 3890 de
1971 3840 2068 3890 hac
2115 3844 2242 3903 [eye.
2324 3838 2529 3889 Eodem
2584 3836 2744 3888 modo

1663 3901 1811 3971 ἀμφὶ
1835 3913 2095 3973 sequente
2113 3909 2301 3958 dativo
2321 3908 2464 3972 apud
2485 3909 2745 3958 Nostrum

1664 3978 1778 4039 111,
1808 3977 1894 4028 32.
1931 3978 2034 4039 IV,
2074 3979 2195 4029 127.
2236 3977 2311 4038 V,
2353 3976 2439 4027 19.
2477 3976 2584 4036 VI,
2623 3974 2743 4029 129.

1665 4047 1788 4097 Alia
1814 4046 1967 4096 dabit
1986 4046 2254 4096 Matthiae
2274 4046 2366 4096 Gr.
2382 4047 2474 4097 Gr.
2493 4049 2542 4109 g.
2558 4013 2678 4120 5'83,
2692 4040 2744 4110 β.

1663 4117 1792 4166 Mox
1849 4131 1879 4166 e
1925 4115 2241 4166 Florentino
2299 4116 2496 4180 scripsi
2544 4083 2744 4175 voilia,

1665 4183 1774 4262 vid:
1815 4184 1861 4246 Ι,
1899 4186 1952 4235 2.

1733 4245 1809 4309 ὡς
1843 4249 1940 4302 καὶ
1980 4243 2163 4318 ἀρχὴν
2197 4242 2504 4318 ἐνομίσθη]
2546 4252 2584 4302 i.
2616 4266 2664 4302 e.
2696 4259 2750 4301 ιιι

1665 4325 1812 4372 etiam
1839 4322 1980 4384 apud
2001 4324 2125 4372 istos
2147 4325 2340 4372 manino
2365 4319 2513 4384 (inde
2545 4337 2580 4371 a
2607 4321 2751 4385 prin-

1663 4388 1828 4456 cipio)
1848 4405 1983 4441 more
2001 4396 2253 4454 receptum
2269 4389 2392 4453 tide.
2460 4390 2619 4441 conf.
2642 4389 2749 4441 He-
