3109 5092
453 359 574 421 234

451 542 700 623 γωρίης
748 532 1082 604 ἀνάστατα
1127 526 1233 624 ἦν.

451 736 796 801 suspicentur
843 752 1230 801 numerumque
1273 752 1540 788 annorum

451 806 577 856 inde
627 813 836 856 mutare
884 807 1074 861 velint.
1147 808 1231 856 Ex
1278 807 1538 858 Larclneri

451 875 674 926 calculis
720 877 775 925 1ιί
814 876 1011 940 viginti
1055 881 1180 927 octo
1228 878 1356 925 anni
1409 877 1540 927 inci-

450 946 586 995 dunt
621 947 678 995 in
713 961 914 996 annum
949 945 1053 997 633
1102 963 1153 996 a.
1186 946 1314 996 Chr.
1353 963 1407 998 ιι.
1451 962 1538 996 ns-

451 1032 555 1082 que
590 1016 661 1065 ad
696 1017 824 1077 605,
874 1032 980 1081 quo
1020 1016 1137 1081 ipso
1170 1016 1410 1080 Scythae
1447 1017 1539 1065 eii-

450 1086 682 1136 ciantur.
754 1083 1016 1135 Volneius
1044 1091 1223 1135 autem
1250 1086 1538 1135 constituit

449 1170 576 1205 aun.
604 1155 899 1216 625-598,
939 1154 1176 1204 Clinton.
1205 1154 1380 1218 (Past.
1411 1155 1538 1205 Hel-

448 1224 554 1274 len.
578 1226 623 1275 Ι.
651 1241 701 1290 p.
725 1225 845 1276 204.
881 1226 1006 1288 218)
1033 1230 1086 1274 et
1110 1224 1335 1274 Fischer
1369 1226 1536 1288 (Zeit-

447 1295 546 1344 tas.
589 1311 644 1359 p.
687 1294 809 1359 108)
853 1292 1537 1357 ann.ss34-6U8l7,11u-

449 1363 671 1428 pfeldl.
711 1362 746 1412 1.
801 1379 925 1428 pag.
965 1363 1035 1414 60
1072 1379 1198 1412 ann.
1239 1362 1532 1414 632-604,

449 1433 631 1482 Verba
666 1448 816 1508 seqq.
852 1428 944 1482 καὶ
979 1425 1047 1481 τὰ
1074 1424 1536 1482 πάντα-ἀνά·

451 1515 662 1551 στατα
696 1490 771 1565 ἠν
825 1518 945 1552 cum
985 1502 1285 1567 Schweigli.
1324 1508 1538 1552 vertere

447 1572 603 1621 licet:
643 1575 804 1622 omm’a
839 1600 908 1607 —
941 1588 1123 1636 susque
1158 1573 1319 1637 deque
1352 1572 1536 1622 habue-

447 1650 579 1691 runt.
653 1640 737 1691 Cf.
777 1641 823 1703 Ι,
863 1641 947 1693 76.
989 1641 1072 1691 79.
1113 1643 1200 1692 07.
1241 1642 1341 1692 155
1378 1647 1481 1692 etc.

516 1705 687 1791 χωρὶς
720 1705 824 1789 μὲν
870 1704 974 1776 γὰρ
1001 1701 1213 1793 φόρων
1249 1706 1538 1775 ἔπρησσον

448 1770 589 1845 παρ’
653 1772 903 1830 ἑκάστων
957 1773 1021 1830 τὸ
1080 1771 1361 1830 ἑκάστοισι
1414 1770 1537 1828 ἐπέ-

447 1848 655 1917 βαλλον
697 1866 750 1899 ιι.
788 1865 833 1900 τ.
885 1850 954 1914 λ.]
1023 1850 1173 1900 Libri
1221 1866 1320 1900 nec
1356 1851 1411 1898 in
1449 1849 1533 1898 his

446 1937 548 1971 nec
594 1920 647 1969 in
694 1919 1048 1985 sequentibus
1095 1919 1255 1969 valde
1296 1920 1532 1983 variant,

447 1990 552 2040 nisi
584 1990 728 2054 quod
754 1990 1303 2041 Scliellershcmianus
1337 1958 1532 2055 ἐπέβα-

445 2059 573 2122 λον,
621 2061 765 2123 quod
814 2076 922 2110 non
968 2059 1220 2124 displicet
1264 2058 1534 2123 Schweig-

444 2129 725 2178 haeusero.
787 2131 942 2180 Tunc
966 2129 1104 2178 enim
1130 2143 1347 2178 sensus.
1386 2129 1533 2191 „exi-

446 2198 650 2261 gebant
696 2213 730 2246 a
765 2197 994 2262 singulis
1040 2199 1300 2247 tributum
1386 2166 1533 2278 'quod

446 2266 676 2330 singulis
714 2267 1115 2329 ιἠιροειιειτιηι.66
1185 2268 1259 2317 At
1304 2234 1532 2333 ἐπεβαλ-

444 2336 547 2384 λον
581 2336 628 2384 si
663 2337 932 2399 retineas,
972 2337 1100 2386 erit:
1138 2337 1468 2400 „exigebant
1500 2353 1533 2387 a

445 2405 674 2471 singulis
711 2406 856 2470 quod
902 2406 1132 2471 singulis
1169 2408 1419 2469 imponere
1453 2420 1534 2456 so-

444 2475 683 2533 lebant,·“
733 2476 812 2525 ita
859 2480 920 2525 ut
959 2492 1068 2526 non
1107 2474 1173 2524 de
1211 2482 1360 2527 certo
1405 2491 1534 2540 quo-

445 2545 568 2595 dam
590 2546 792 2595 tributo
817 2545 1071 2610 imposito
1098 2546 1170 2595 sit
1195 2561 1371 2596 sermo
1387 2584 1400 2608 ,
1436 2546 1534 2595 sed

445 2617 513 2666 de
548 2631 641 2679 ee,
679 2616 821 2681 quod
859 2616 962 2666 hac
997 2615 1085 2666 vel
1116 2615 1213 2665 illa
1243 2615 1556 2667 occasione·

445 2686 634 2735 oblata
693 2685 926 2736 subditis
975 2686 1250 2750 imponere
1301 2686 1532 2750 indeque

446 2756 662 2820 exigere
707 2755 957 2806 solebant
1003 2760 1222 2821 praeter
1268 2757 1529 2805 tributum

443 2824 667 2874 solemni
714 2841 780 2875 ex
823 2825 944 2890 lege
988 2826 1145 2891 quasi
1186 2826 1526 2891 impositum;

443 2896 596 2944 cuius
642 2896 784 2944 ratio
819 2895 1089 2945 habeatur
1135 2894 1315 2945 verbis
1361 2889 1531 2958 χωρὶς

442 2958 546 3026 μὲν
580 2955 685 3026 γὰρ
719 2954 935 3026 φόρων.
1003 2964 1112 3015 Sed
1145 2963 1424 3028 negotium
1451 2963 1529 3012 fa-

442 3035 666 3081 cessunt
721 3033 887 3081 verba
933 3033 1192 3083 continno
1251 3033 1527 3082 subiecta·

442 3095 614 3164 χωρὶς
651 3094 714 3149 δὲ
745 3100 846 3148 τοῦ
881 3093 1097 3164 φόρου,
1138 3117 1277 3166 quae
1310 3103 1356 3150 si
1382 3107 1529 3151 recte

442 3169 624 3234 posita
671 3184 847 3234 neque
894 3186 957 3219 ex
1002 3171 1329 3234 glossemate
1375 3171 1530 3221 illata

441 3244 602 3301 sunt,
640 3239 731 3288 vix
766 3238 928 3289 aliter
965 3239 1223 3304 explicari
1255 3244 1526 3305 poterunt,

441 3308 546 3358 nisi
591 3312 683 3371 nt,
727 3309 871 3374 quod
917 3309 1005 3359 vel
1049 3311 1360 3374 praeposito
1398 3311 1526 3359 arti-

441 3377 564 3429 culo
606 3378 941 3440 declaratur,
990 3380 1060 3430 ad
1110 3380 1251 3429 idem
1299 3380 1527 3430 tributo-

439 3464 557 3499 rum
593 3464 762 3513 genns
799 3449 1135 3510 referantur,
1179 3450 1324 3528 quod
1362 3449 1525 3525 paulo

440 3523 604 3568 antea
629 3520 809 3570 verbis
845 3514 1016 3583 χωρὶς
1044 3513 1147 3582 μὲν
1184 3512 1289 3582 γὰρ
1326 3512 1527 3583 φόρων

437 3589 737 3639 indicatum
787 3593 934 3652 erat,
980 3589 1213 3654 indeque
1246 3590 1525 3655 repetitio-

437 3674 557 3708 nem
597 3659 867 3723 quandam
917 3660 1237 3709 contineant
1276 3658 1525 3709 consulto

440 3728 666 3777 factam:
726 3727 796 3778 ad
841 3743 1004 3792 qnam
1054 3729 1318 3779 orationis
1354 3729 1524 3778 abun-

438 3796 680 3846 dantiam
715 3798 918 3847 Nostro
971 3814 1079 3848 non
1129 3798 1524 3862 infrequentem

437 3865 580 3914 hunc
599 3866 777 3916 locum
796 3865 984 3917 retulit
1004 3868 1279 3918 Letronne
1296 3868 1353 3916 in
1365 3866 1524 3917 Jour-

437 3933 530 3982 nal
568 3934 662 3984 des
688 3935 816 3984 Sav.
849 3935 1000 3986 1817.
1026 3951 1152 4000 pag.
1180 3935 1277 3999 49,
1311 3952 1525 4001 compa-

435 4018 564 4052 rans
610 4003 878 4053 Herodoti
921 4003 1072 4054 locos
1114 4005 1251 4063 vn,
1301 4005 1383 4054 16.
1435 4004 1519 4056 39.

437 4073 634 4137 ltaque
669 4072 935 4121 Herodoti
977 4073 1115 4121 haec
1161 4075 1263 4123 erit
1310 4079 1522 4124 senten-

435 4142 545 4204 tia,
595 4145 670 4197 ut,
707 4140 947 4204 Scythae
990 4146 1207 4206 praeter
1255 4141 1521 4193 tributum

435 4210 540 4260 toti
603 4210 753 4276 genti
807 4209 1118 4273 impositum
1176 4226 1210 4260 a
1271 4210 1519 4274 singulis,

434 4279 698 4345 quidquid
722 4278 806 4327 his
838 4279 1212 4343 imposuerint,
1245 4280 1523 4344 exegerint

434 4355 601 4414 atque
638 4350 921 4414 praeterea
966 4349 1204 4412 (praeter
1247 4348 1381 4398 illud
1429 4350 1520 4399 tri-

432 4416 651 4483 butum)
720 4418 809 4468 vel
868 4418 1071 4484 rapinis
1134 4434 1194 4471 se
1254 4418 1519 4472 dederint.

1314 361 1855 423 HERODOTI

1318 536 1519 623 χωρὶς
1560 533 1685 623 μὲν
1726 531 1855 623 γὰρ
1903 534 2140 623 φόρων
2190 539 2530 621 ἔπρησσον
2569 530 2729 622 παρ’

1643 737 1803 788 Unde
1858 736 1913 786 in
1958 734 2224 786 Herodoti
2272 735 2454 785 verbis
2499 736 2546 784 si
2602 735 2733 800 quid

1646 807 1992 868 mutandum,
2035 821 2145 855 una
2179 803 2359 886 placet
2391 804 2571 855 Caroli
2596 808 2731 855 Her-

1644 875 1828 926 manni
1891 874 2196 925 emendatio
2251 875 2329 924 sie
2384 875 2731 938 corrigentis:

1641 942 1852 1027 χωρὶς
1870 939 1975 1023 μὲν
2026 936 2155 1022 γὰρ
2188 935 2388 1022 φόρων
2444 939 2734 1022 ἔπρησσον

1642 1006 1783 1078 παρ’
1822 1004 2073 1064 ἑκάστων
2099 1004 2162 1062 τὸ
2190 1007 2472 1063 ἕκαστοισι
2506 1006 2727 1081 ἐπιβάλ-

1642 1085 1743 1133 λον
1781 1083 1878 1148 (sc.
1917 1079 2105 1149 μέρος,
2146 1089 2205 1132 ut
2241 1083 2335 1144 IV,
2378 1081 2518 1146 155),
2558 1079 2731 1162 χωρὶς

1638 1143 2010 1218 ὃὲῆρπαζον,
2053 1152 2239 1202 eiectis
2278 1153 2456 1203 verbis
2490 1150 2595 1202 τοῦ
2623 1144 2729 1216 φό-

1641 1237 1774 1306 pov,
1815 1238 1954 1304 quae
1981 1222 2124 1272 idem
2152 1224 2236 1272 vir
2268 1222 2461 1273 doctus
2489 1239 2518 1273 e
2544 1222 2730 1286 glossa

1638 1294 1923 1357 irrepsisse
1943 1291 2171 1342 iudicat.
2223 1295 2377 1354 Quae
2408 1291 2502 1342 alii
2527 1293 2597 1341 ad
2619 1292 2727 1343 loci

1640 1362 2057 1426 intelligentiam
2097 1361 2331 1413 attulere
2370 1368 2468 1412 aut
2515 1363 2729 1425 excogi-

1640 1438 1853 1495 tavere,
1894 1448 1958 1482 eo
1995 1432 2168 1497 magis
2203 1429 2521 1497 displicent,
2561 1448 2666 1496 quo
2694 1447 2727 1481 a

1639 1503 1897 1552 librorum
1950 1502 2200 1568 vestigiis
2253 1502 2470 1551 omnino
2529 1501 2730 1551 absunt

1640 1587 1741 1621 nec
1776 1572 1898 1636 ipsa
1946 1572 2281 1621 commodam
2314 1571 2727 1637 explicationem

1639 1642 2009 1706 suppeditant.
2080 1642 2330 1691 Pertinet
2374 1641 2479 1691 huc
2518 1640 2727 1691 Reiskii

1638 1716 2023 1789 commentum,
2048 1726 2168 1790 quo
2206 1711 2504 1760 scribatur.
2554 1705 2727 1788 χωρὶς

1636 1774 1742 1844 μὲν
1792 1772 1897 1845 γὰρ
1971 1773 2196 1844 φόρον
2253 1775 2544 1858 ἔπρησσον
2608 1771 2726 1827 τὸν

1636 1795 1842 1913 fumet„
1869 1851 2147 1899 autetiam
2175 1842 2417 1913 φόρου.
2454 1848 2726 1912 Schweig-

1634 1919 1929 1970 haeuserus
1976 1920 2032 1969 in
2075 1919 2183 1969 loci
2240 1923 2517 1968 structura
2562 1917 2725 1967 offen·

1639 1989 1745 2052 dit,
1798 2004 1959 2054 quam
1993 2004 2105 2037 non
2141 1989 2300 2039 aliter
2347 2003 2405 2038 se
2449 1988 2726 2052 percipere

1637 2075 1799 2124 posse
1835 2059 1943 2120 ait,
1982 2058 2089 2106 nisi
2124 2060 2233 2120 ita,
2283 2062 2345 2108 ut
2380 2074 2475 2123 per
2510 2058 2724 2122 apposi-

1636 2129 1839 2179 tionem
1903 2129 2091 2177 iuncta
2151 2127 2529 2208 intelligantur
2587 2127 2725 2177 haec

1637 2199 1744 2248 duo
1793 2190 2023 2261 φόρον
2059 2202 2115 2247 et
2160 2189 2234 2246 τὸ
2282 2187 2563 2247 ἑκάστοισι
2599 2187 2719 2245 ἕπε’-

1635 2264 1839 2332 βαλον,
1891 2272 1946 2317 et
1982 2267 2050 2317 ad
2086 2267 2277 2317 horum
2312 2270 2600 2331 utrumqne
2644 2282 2724 2316 re-

1637 2338 1843 2387 seratur
1902 2336 2127 2387 verbnm
2185 2332 2489 2399 ἔπρησσον.
2569 2336 2724 2397 Quae

1637 2412 1819 2458 tamen
1869 2406 1999 2456 mihi
2045 2423 2152 2457 non
2199 2406 2569 2456 satisfaciunt.
2643 2406 2723 2455 Ac

1635 2482 1784 2527 recte
1833 2476 1888 2525 id
1936 2476 2067 2526 mihi
2110 2476 2457 2541 proposuisse
2508 2475 2725 2525 videtur

1637 2547 1913 2612 Stegerus,
1952 2551 2014 2595 ut
2037 2545 2234 2610 triplex
2258 2546 2606 2596 vexationum
2635 2561 2725 2608 ge-

1635 2632 1736 2666 nus
1767 2616 1869 2666 hoc
1915 2614 2035 2666 loco
2081 2616 2150 2665 ab
2184 2616 2446 2666 historico
2494 2615 2725 2664 indicari

1636 2685 2001 2736 existimetur:
2038 2686 2294 2750 primum,
2320 2686 2466 2750 quod
2492 2685 2549 2733 in
2573 2689 2723 2734 certo

1633 2756 1866 2817 tribut0,
1907 2757 2020 2806 sive
2044 2771 2249 2817 annue,
2289 2755 2405 2804 sive
2425 2758 2722 2814 menstruo,

1633 2826 1928 2886 consistat,
1988 2825 2241 2908 quodque
2289 2824 2470 2874 verbis
2520 2823 2722 2873 indice-

1633 2900 1748 2945 tur·
1796 2890 1967 2959 χωρὶς
2010 2890 2114 2958 μὲν
2160 2886 2267 2957 γὰρ
2305 2885 2533 2957 φόρων,
2590 2893 2722 2943 alte-

1699 2980 1776 3042 ιιι,
1843 2964 1986 3028 qnod
2053 2963 2356 3014 declaretur
2416 2962 2595 3011 verbis
2658 2954 2722 3012 τὸ

1633 3026 1913 3083 εκάστοισι
1943 3025 2273 3099 ἐπέβαλλον,
2309 3034 2347 3083 i.
2378 3049 2426 3085 e.
2457 3032 2721 3082 tributum

1631 3119 1741 3152 ιιοιι
1778 3106 2074 3165 statutum,
2114 3102 2209 3152 sed
2248 3102 2479 3152 diversis
2518 3105 2723 3183 tempo-

1632 3173 1782 3222 ribus
1819 3172 1935 3222 sive
1970 3140 2074 3222 hac'
2115 3173 2231 3221 sive
2277 3172 2371 3222 illa
2408 3186 2574 3221 causa
2612 3171 2721 3220 sin-

1632 3242 1774 3306 gulis
1814 3241 2161 3306 imperatum,
2212 3246 2373 3306 prout
2408 3239 2625 3305 Scythis
2660 3239 2722 3288 li-

1630 3312 1838 3371 buerit3
1904 3311 2393 3361 extraordinarium
2463 3309 2716 3370 dixerim3

1631 3382 1848 3431 tertium
1885 3381 2141 3446 denique,
2170 3380 2527 3445 quodcunque
2548 3379 2721 3445 rapie-

1630 3451 1763 3500 bant
1800 3450 2029 3514 sing-ulis
2054 3450 2254 3514 singuli
2284 3447 2626 3500 incursantes
2652 3465 2719 3499 ac

1629 3521 1898 3585 palantes.
1991 3521 2171 3585 Atque
2224 3521 2302 3569 ita
2360 3520 2470 3568 iam
2517 3518 2717 3568 dudum

1630 3595 1793 3640 antea
1832 3588 1976 3639 bunc
2020 3589 2197 3639 locum
2253 3588 2580 3653 explicatum
2626 3604 2718 3638 vo-

1626 3660 1804 3709 luerat
1841 3675 2034 3709 censor
2071 3660 2127 3707 in
2164 3656 2713 3724 Ephem.Ien.1817.

1624 3745 1709 3779 nr.
1750 3729 1869 3779 165.
1905 3744 2030 3793 pag.
2069 3728 2188 3779 382.
2264 3729 2443 3778 Inum
2488 3726 2591 3776 hoc
2637 3728 2716 3776 of-

1628 3796 1845 3849 fendere
1892 3802 2102 3861 potest,
2161 3798 2308 3863 qnod
2370 3813 2490 3847 enm
2540 3794 2717 3872 plura-

1623 3867 1692 3916 lis
1722 3882 1974 3917 numerus
2001 3867 2291 3918 antecedat
2320 3861 2595 3931 (χωρὶς-
2526 3856 2715 3927 -φό-

1626 3933 1798 3998 ρων),
1851 3952 1974 3986 mox
2020 3937 2087 3986 de
2129 3937 2319 3987 eadem
2365 3952 2424 3986 re
2461 3939 2720 4015 sequatur

1624 4005 1916 4070 singularis
1967 4001 2166 4085 (χωρὶς
2205 4035 2275 4046 --
2307 4002 2410 4053 τοῦ
2470 4003 2713 4068 φορου);

1627 4090 1794 4140 quare
1831 4076 1978 4140 prius
2007 4066 2210 4139 φόρων
2235 4076 2292 4124 in
2325 4065 2513 4138 φόρον
2539 4077 2713 4123 muta-

1626 4149 1754 4194 runt
1775 4144 1997 4210 Lhardy
2022 4149 2076 4195 et
2100 4144 2358 4206 Dietsch,
2394 4144 2593 4222 quibus
2621 4158 2712 4192 ac-

1625 4213 1771 4264 cedit
1816 4215 2050 4276 Herold‚
2113 4228 2344 4279 sequens
2394 4204 2458 4261 τὸ
2503 4213 2562 4263 in
2610 4203 2714 4261 τὸν

1623 4288 1870 4346 mutans,
1908 4289 1970 4334 ut
2007 4299 2127 4334 eum
2165 4283 2482 4334 accusativo
2522 4273 2713 4346 φόρον

1623 4353 2335 4412 conveniat30f.Jah1-bb.
2389 4352 2475 4401 fiir
2512 4349 2709 4400 Philol.

1621 4436 1675 4473 ιι.
1717 4422 1956 4487 Paedag.
1991 4422 2135 4473 LXI.
2160 4437 2215 4487 p.
2239 4421 2359 4472 431.
2422 4420 2556 4471 Mihi
2582 4434 2713 4471 nen-
