3109 5092
529 351 654 413 710

1399 340 1938 406 HERODOTI

547 522 803 610 λόφου,
833 517 941 590 ἐπ’
975 510 1058 590 οὗ
1088 521 1312 588 ἑστᾶσι
1341 522 1417 587 αἱ
1439 521 1848 605 πυραμίδες,
1887 518 2026 582 τῶν
2053 507 2187 581 ὑπὸ
2216 516 2347 599 γῆν
2373 508 2789 598 οἰκημάτων,
2814 527 2919 582 164

533 625 650 706 τὰς
677 626 973 694 ἐποιέετο
997 622 1219 711 θήκας
1254 624 1482 714 ἑωυτῷ
1510 623 1588 689 ἐν
1615 618 1834 712 νήσῳ,
1875 616 2175 707 διώρυχα
2201 619 2325 684 τοῦ
2360 621 2621 682 Νείλου
2649 616 2815 680 ἐσα-

529 727 779 817 γαγών.
860 732 940 815 τῇ
998 727 1072 796 δὲ
1126 731 1455 813 πυραμίδι
1507 720 1680 811 αὐτῇ
1720 719 1966 809 χρόνον
2011 720 2335 806 γενέσθαι
2389 727 2598 786 εἴκοσι
2654 721 2819 784 ἔτεα

530 833 928 919 ποιευμένῃ·
985 835 1101 917 τῆς
1140 830 1276 898 ἐστὶ
1306 831 1607 914 πανταχῆ
1633 827 1945 913 μέτωπον
1977 825 2262 892 ἕκαστον
2300 816 2474 889 ὀκτώ
2516 821 2816 904 πλέθρα,

530 997 846 1058 ficiendum,
883 1001 997 1046 tum
1023 993 1093 1044 ad
1129 1009 1372 1045 cameras
1401 993 1612 1045 subter·

447 1062 456 1070 ”
529 1082 724 1118 raneas
736 1064 1088 1116 exstruendas
1103 1080 1238 1128 opus
1251 1064 1433 1115 fuerit.
1452 1063 1611 1122 Nam,

532 1142 593 1186 ιιι
613 1141 758 1185 recte
781 1134 1037 1184 observat
1058 1133 1514 1198 Schweighaeus„
1543 1128 1613 1180 τὰ

530 1197 622 1254 ἐπὶ
662 1201 766 1252 τοῦ
814 1194 1000 1265 λόφου
1037 1195 1316 1282 οἰκήματα
1349 1208 1496 1279 *sunt
1546 1216 1613 1250 ea

532 1275 654 1339 ipsa
691 1285 883 1335 opera,
944 1284 1085 1334 quae
1141 1286 1255 1319 υπο
1295 1286 1406 1334 γην
1456 1275 1613 1321 erant

531 1345 875 1402 constructa,
943 1355 1176 1390 camerae
1229 1340 1612 1397 subterraneae,

531 1426 672 1476 quae
701 1410 815 1474 regi
838 1413 1025 1459 essent
1061 1408 1331 1473 sepulcro.
1367 1399 1483 1456 ὑπὸ
1505 1406 1616 1471 γῆν

531 1479 717 1530 eodem
767 1477 925 1528 modo
962 1478 1162 1528 Noster
1199 1478 1273 1538 II,
1315 1478 1410 1528 127
1448 1477 1612 1527 dixit:

529 1547 687 1613 plura
705 1545 772 1597 de
785 1546 890 1597 hac
906 1545 1181 1598 locutione
1204 1546 1612 1597 dabitNitzsch.

530 1617 601 1667 ad
623 1616 823 1681 Odyss.
844 1617 940 1677 IX,
968 1615 1090 1667 135.
1160 1616 1355 1680 Itaque
1374 1615 1615 1665 universi

528 1685 638 1736 loci
685 1684 821 1736 haec
868 1684 1086 1735 videtur
1145 1699 1266 1734 esse
1313 1685 1613 1735 sententia:

530 1755 698 1804 decem
732 1769 892 1803 annos
925 1755 1164 1802 instantes
1191 1754 1361 1800 fuisse
1391 1761 1504 1800 tum
1542 1753 1615 1799 ad

530 1824 675 1872 viam
709 1820 1057 1878 struendam,
1102 1824 1216 1869 tum
1266 1819 1335 1869 ad
1371 1833 1615 1869 cameras

531 1892 917 1948 subterraneas
972 1905 1037 1940 eo
1081 1888 1138 1937 in
1182 1888 1345 1948 colle,
1394 1888 1483 1936 cui
1517 1904 1616 1952 py-

533 1960 697 2010 ramis
735 1957 1187 2024 superstruenda,
1224 1955 1615 2008 aedificandas.

530 2054 602 2067 -—
648 2019 738 2077 ἐπ’
778 2016 848 2077 οὖ
885 2042 1005 2077 cum
1040 2026 1215 2077 Gaisf.
1247 2026 1458 2091 reliqui,
1495 2040 1617 2089 pro-

530 2098 698 2150 bante
733 2096 932 2148 Struve
951 2097 1110 2161 Spec.
1139 2100 1349 2161 quaest.
1388 2094 1455 2144 de
1482 2093 1613 2146 dial.

531 2164 738 2216 Herod.
779 2166 823 2215 Ι.
866 2179 994 2228 pag.
1031 2163 1117 2225 33,
1164 2164 1413 2228 quamvis
1464 2164 1617 2228 quin-

532 2249 634 2298 que
647 2233 864 2283 codices
883 2232 1180 2298 praebeant
1207 2223 1298 2294 ἐφ’
1325 2219 1414 2282 οὗ.
1454 2232 1618 2284 Conf.

532 2304 695 2352 etiam
730 2300 963 2352 Bredov.
1001 2316 1036 2364 p
1115 2336 1128 2349 .
1168 2302 1289 2351 205.

600 2362 702 2426 τὰς
736 2360 986 2418 ἐποιέετο
1019 2367 1066 2417 θ
1107 2382 1209 2424 uoce
1234 2361 1444 2434 ἑωυτῷ]
1466 2369 1619 2420 Cave

532 2438 743 2489 scribas
778 2429 856 2486 τὰ
890 2453 988 2503 pro
1024 2432 1153 2498 τὰς,
1203 2442 1266 2486 ιιι
1302 2438 1513 2489 Pauvio
1559 2440 1616 2489 in

531 2512 761 2559 mentem
798 2512 1040 2557 venerat.
1114 2505 1200 2556 Cf.
1225 2505 1495 2558 Matthiae
1518 2508 1613 2559 Gr.

530 2578 624 2628 Gr.
662 2591 790 2643 pag.
837 2577 959 2627 822.
1033 2572 1214 2640 θῆκαι
1264 2581 1393 2626 sunt
1441 2592 1617 2628 came-

529 2662 623 2697 rae
661 2646 730 2697 ad
776 2651 1019 2696 mortuos
1063 2644 1403 2709 recipiendos
1453 2646 1619 2697 desti-

529 2721 722 2777 natae;
761 2714 874 2768 vid.
902 2716 977 2777 ΙΙ,
1002 2715 1068 2766 67
1095 2715 1279 2780 ibique
1313 2719 1455 2766 nott.
1513 2717 1619 2766 Est

527 2800 654 2836 vero
701 2785 838 2834 satis
883 2800 981 2850 per
1027 2785 1335 2835 universam
1380 2784 1619 2849 antiqui-

528 2858 698 2904 tatem
735 2853 1012 2904 celebrata
1053 2854 1358 2915 sententia,
1407 2859 1617 2904 exstru-

528 2927 648 2972 ctas
685 2922 856 2971 fuisse
898 2923 1237 2987 pyramides,
1285 2923 1504 2987 regibus
1551 2929 1618 2974 ut

529 2994 712 3039 essent
756 2991 1026 3052 sepulcro.
1109 2991 1220 3042 Ubi
1268 2992 1611 3055 potissimum

529 3057 596 3108 de
618 3057 685 3106 iis
709 3057 927 3121 regibus
948 3060 1298 3124 cogitandum
1324 3075 1462 3122 esse,
1482 3077 1614 3126 quo-

529 3142 647 3176 rum
681 3125 839 3175 sedes
873 3128 1114 3193 Memphi
1159 3133 1305 3189 erat,
1359 3131 1450 3178 vix
1497 3146 1611 3180 mo·

527 3211 656 3247 nere
702 3195 926 3254 attinet,·
975 3212 1101 3248 nam
1146 3197 1203 3246 in
1247 3196 1527 3249 Thebaide
1562 3216 1606 3254 s.

525 3266 777 3330 Aegypto
813 3265 1080 3331 superiori
1113 3280 1239 3315 suas
1278 3280 1494 3332 quoque
1532 3284 1613 3319 re-

525 3335 685 3401 gibus
712 3333 884 3385 fuisse
910 3339 1129 3400 cryptas
1153 3335 1422 3385 novimus.
1487 3337 1614 3389 Alia

526 3405 594 3456 de
628 3403 996 3470 pyramidibus
1016 3419 1156 3469 quae
1185 3402 1292 3454 hue
1319 3405 1613 3472 pertinent,

526 3489 669 3524 nunc
704 3479 953 3537 transeo,
998 3474 1055 3524 in
1091 3474 1339 3524 Excursu
1374 3475 1444 3525 ad
1479 3476 1533 3528 b.
1573 3478 1607 3529 l.

524 3542 824 3594 afferenda:
862 3542 927 3593 de
961 3543 1065 3593 hac
1096 3544 1219 3607 ipsa
1253 3543 1485 3608 Cheopis
1516 3562 1612 3611 py-

523 3612 730 3664 ramide
783 3612 1008 3678 eiusque
1049 3613 1158 3662 situ
1197 3615 1252 3662 et
1297 3612 1608 3665 conditione

522 3682 669 3731 infra
704 3680 969 3732 dicemus:
1005 3682 1110 3732 hoo
1141 3680 1261 3731 loeo
1298 3697 1364 3731 ea
1393 3686 1609 3734 tantum

523 3751 893 3815 proferamus,
931 3766 1070 3816 quae
1107 3750 1177 3801 ed
1201 3765 1444 3800 cameras
1482 3754 1607 3803 sub-

523 3823 803 3868 terraneas
863 3819 1020 3870 huius
1074 3818 1370 3885 pyramidis
1430 3835 1475 3870 s.
1537 3814 1607 3870 τὰ

525 3878 642 3936 ὑπὸ
664 3885 773 3950 γῆν
790 3881 1090 3952 οἰκήματα,
1128 3895 1191 3938 ιιι
1212 3890 1413 3939 Noster
1433 3888 1606 3954 loqui-

522 3959 638 4016 tur,
696 3956 987 4019 pertinent.
1070 3957 1239 4007 Aditu
1285 3959 1459 4021 enim,
1514 3961 1607 4024 qui

519 4024 630 4074 iam
666 4024 935 4074 Arabibus
969 4030 1246 4090 patuerat,
1292 4026 1470 4078 denuo
1504 4045 1604 4079 no-

520 4097 637 4142 stra
668 4097 850 4143 aetate
893 4094 1104 4144 recluso
1152 4110 1406 4147 accessus
1448 4102 1604 4162 petet

521 4161 591 4212 ad
628 4162 912 4212 interiores
942 4164 1235 4229 pyramidis
1282 4170 1467 4230 partes
1506 4183 1604 4232 per

520 4230 830 4294 cuniculos,
881 4232 953 4282 ad
1000 4247 1272 4285 cameram
1317 4236 1455 4285 satis
1492 4252 1603 4287 am-

518 4300 663 4365 plam
700 4300 983 4366 ducentes,
1020 4303 1108 4352 cui
1137 4319 1282 4354 nunc
1297 4301 1494 4357 nomefi
1517 4323 1602 4358 re-

517 4370 642 4440 giae
674 4370 939 4436 inditum,
988 4372 1116 4441 quia
1152 4372 1385 4442 Cheopis
1420 4391 1603 4430 sarco·

1713 991 1951 1056 phagum
2004 988 2320 1040 continebat
2367 986 2445 1036 ibi
2488 987 2815 1051 repositum,

1715 1062 2001 1125 ipsumque
2035 1058 2194 1108 huius
2246 1057 2392 1120 regis
2428 1071 2623 1106 nomen
2658 1070 2817 1105 nunc

1716 1131 1989 1180 detectum
2042 1129 2243 1189 fertur,
2297 1125 2623 1192 quibusdam
2671 1124 2817 1189 lapi-

1715 1198 1873 1249 dibus
1902 1197 2158 1256 ineisum3
2185 1203 2399 1261 praeter
2420 1195 2525 1245 hoc
2544 1194 2818 1245 conclave

1715 1268 2047 1335 primarium,
2084 1272 2147 1317 ιιι
2189 1266 2432 1325 videtur,
2478 1264 2625 1315 aliae
2671 1279 2812 1329 quo-

1715 1352 1815 1404 que
1853 1351 2102 1387 camerae
2136 1336 2367 1401 viaeque
2403 1332 2473 1383 ad
2507 1335 2672 1384 imum
2709 1333 2815 1383 du-

1716 1411 1903 1458 centes
1960 1411 2088 1455 sunt
2142 1405 2429 1465 inventae,
2479 1417 2815 1468 quamquam

1715 1476 1880 1526 hodie
1913 1477 2005 1524 vix
2038 1473 2393 1540 permeabiles
2416 1487 2518 1522 nec
2550 1473 2669 1522 sine
2695 1488 2815 1522 ma·

1718 1561 1828 1610 gna
1864 1544 2142 1595 molestia:
2178 1557 2319 1608 quae
2348 1543 2529 1592 omnia
2549 1542 2685 1592 satis
2713 1541 2813 1592 de·

1717 1615 1956 1677 clarant,
2005 1628 2147 1678 quae
2186 1612 2391 1663 fuerint
2436 1602 2505 1659 τὰ
2538 1600 2655 1660 ὑπὸ
2695 1608 2816 1675 γῆν
2853 1629 2859 1633 ·

1721 1679 2033 1746 οἰκήματας
2071 1682 2218 1733 conf.
2244 1680 2550 1731 Prokesch:
2577 1679 2815 1729 Erinne-

1716 1767 1923 1812 mugen
1958 1752 2006 1803 Ι.
2042 1768 2096 1812 p.
2140 1751 2207 1800 75
2252 1765 2391 1814 seq„
2440 1750 2615 1812 Vyse:
2664 1749 2817 1813 Ope·

1710 1818 1928 1867 ratione
1964 1821 2072 1868 etc.
2108 1816 2156 1866 Ι.
2193 1830 2322 1880 pag.
2370 1817 2462 1867 137
2512 1829 2662 1879 seqq.
2701 1817 2815 1866 236

1719 1902 1892 1951 seqq„
1947 1887 2041 1936 ubi
2099 1885 2283 1935 aditus
2334 1884 2603 1934 {sd-hanc
2646 1900 2813 1949 pyra-

1719 1956 1915 2006 midem
1926 1954 2630 2020 imaginerepraeseutatur,
2663 1956 2815 2004 Bun-

1720 2040 1817 2074 sen
1852 2023 1892 2075 1.
1928 2024 1965 2074 1.
1994 2025 2072 2075 ΙΙ.
2108 2041 2160 2089 p.
2200 2023 2317 2074 134.
2356 2023 2457 2072 154
2492 2037 2647 2086 seqq.
2683 2039 2811 2074 cum

1718 2094 1831 2144 tab.
1853 2094 1995 2144 XIII
2011 2131 2025 2155 ,
2057 2092 2236 2143 Raoul
2257 2092 2548 2143 Roehette:
2583 2091 2812 2142 Iournal

1718 2162 1771 2213 d.
1838 2163 1969 2213 Sav.
2032 2163 2187 2212 1841.
2238 2175 2363 2226 pag.
2419 2159 2540 2220 231,
2606 2161 2811 2212 Clarke

1719 2232 1948 2282 Travels
1979 2232 2056 2292 ΙΙ,
2094 2233 2145 2281 2.
2194 2245 2321 2295 pag.
2352 2230 2469 2292 136,
2507 2230 2602 2280 ubi
2637 2231 2811 2281 etiam

1719 2301 1901 2365 imago
1936 2302 2096 2350 huius
2143 2300 2400 2349 introitus
2446 2299 2663 2350 adiecta
2700 2307 2809 2352 est.

1720 2371 1908 2434 Neque
1926 2369 2169 2421 canalem
2198 2370 2346 2419 circa
2372 2369 2673 2433 pyramidis
2698 2386 2813 2420 mo-

1718 2438 1822 2488 lem
1852 2454 1887 2490 a
1918 2439 2134 2505 Cheope
2159 2439 2408 2498 ductum,
2449 2453 2606 2502 quem
2632 2438 2701 2488 ad
2730 2440 2814 2490 fa·

1718 2508 1875 2559 bulas
1909 2508 2054 2558 haud
2100 2508 2263 2573 pauci
2298 2506 2572 2572 relegant,
2609 2508 2812 2571 impro-

1715 2577 1949 2627 babilem
1984 2578 2156 2628 videri
2191 2592 2288 2642 pro
2317 2578 2437 2640 ipsa
2472 2576 2579 2627 loci
2608 2583 2814 2629 natura

1718 2645 2002 2697 admonuit
2030 2648 2367 2710 Russegger:
2415 2646 2579 2696 Reise
2613 2652 2717 2696 etc.
2760 2648 2810 2709 1,

1722 2717 1770 2766 1.
1807 2731 1934 2781 pag.
1978 2717 2072 2767 147
2110 2721 2165 2765 et
2188 2714 2415 2765 Belzoni
2432 2716 2661 2780 Voyage
2696 2721 2807 2768 etc.

1717 2784 1765 2835 1.
1816 2800 1942 2850 pag.
1988 2786 2109 2836 447.
2179 2783 2320 2834 Add.
2366 2784 2591 2834 Russel=
2650 2785 2809 2835 View

1717 2854 1779 2904 of
1810 2855 2030 2904 ancient
2075 2852 2183 2904 and
2230 2853 2452 2904 modern
2502 2855 2705 2919 Egypt.
2747 2870 2806 2921 p.

1718 2923 1819 2974 115
1862 2928 1976 2974 not.
2014 2938 2125 2974 sec.
2163 2920 2296 2973 edit.

1783 2989 1884 3057 τῆς
1929 2984 2043 3041 ἐστι
2100 2986 2363 3055 πανταχῆ
2422 2986 2686 3053 μέτωπον
2731 3019 2807 3030 —

1713 3056 1813 3110 καὶ
1858 3052 2013 3124 ὕψος
2056 3057 2207 3125 ἴσον]
2245 3060 2486 3125 Reposui
2520 3059 2805 3111 meliorum

1717 3130 1874 3181 codd.
1895 3146 1960 3181 ex
1987 3130 2320 3181 auctoritate
2349 3127 2630 3193 πανταχῆ,
2652 3131 2802 3194 quod

1714 3199 1794 3249 ita
1841 3201 2101 3265 scriptum
2138 3200 2368 3250 caeteris
2398 3213 2616 3263 quoque
2662 3198 2802 3249 locis

1712 3269 2043 3320 Herodoteis
2067 3269 2342 3319 invenitur
2362 3274 2417 3319 et
2435 3267 2691 3318 similium
2707 3284 2806 3319 vo-

1713 3353 1836 3388 cum
1871 3340 2142 3402 scriptura
2177 3338 2465 3403 probatur,
2500 3341 2646 3388 teste
2672 3338 2805 3389 Bre-

1713 3407 1838 3458 dov.
1876 3424 1928 3472 p.
1972 3407 2058 3458 91.
2133 3406 2478 3459 Gaisfordius
2514 3422 2635 3457 oum
2674 3406 2803 3458 aliis

1712 3476 1938 3527 dederat
1956 3474 2217 3539 παντακῆ
2255 3476 2400 3527 falsa
2428 3476 2653 3526 Ioniami
2680 3491 2804 3541 spe·

1711 3546 1794 3596 cie
1814 3547 2091 3610 deceptus.
2129 3544 2293 3596 Valet
2315 3550 2497 3595 autem
2515 3543 2801 3608 πανταχῆ,

1710 3620 1963 3668 monente
1990 3616 2057 3665 R.
2080 3615 2305 3666 Jacobs.
2344 3615 2428 3664 De
2462 3628 2662 3664 menss.
2689 3615 2803 3664 He·

1711 3684 1864 3736 rodd.
1899 3700 1954 3749 p.
1982 3684 2066 3746 11,
2104 3684 2246 3733 idern
2275 3683 2386 3733 sere
2414 3682 2559 3748 quod
2587 3674 2797 3746 πάντη,

1706 3753 1744 3803 i.
1786 3769 1834 3803 e.
1874 3769 2076 3818 quaqua
2107 3768 2284 3803 versus
2311 3768 2357 3803 s.
2393 3767 2598 3817 quaqua
2621 3760 2797 3814 parce,

1708 3827 1770 3872 ut
1805 3822 1882 3883 ΙΙ,
1926 3821 2042 3872 168.
2083 3823 2126 3884 Ι,
2168 3822 2286 3872 181.
2359 3822 2464 3871 Est
2492 3821 2662 3886 igitur
2688 3822 2802 3871 He-

1708 3891 1890 3942 rodoti
1945 3890 2078 3941 haee
2130 3890 2433 3941 sententia:
2496 3891 2796 3957 pyramidis,

1707 3975 1836 4025 quae
1870 3960 2126 4025 quadrata
2167 3964 2263 4022 sit,
2307 3960 2525 4021 frontem
2571 3976 2798 4025 quaqua-

1705 4045 1881 4080 versus
1924 4043 2036 4080 esse
2089 4037 2201 4079 oceo
2254 4028 2588 4091 pleon-orm,
2647 4029 2797 4079 latus

1705 4099 1957 4164 quodque
2006 4113 2129 4149 esse
2176 4103 2300 4149 octo
2348 4098 2680 4163 plethrorum
2724 4099 2793 4161 (i.

1706 4182 1754 4217 e.
1795 4168 2228 4232 octingentorum
2275 4167 2492 4231 pedum,
2530 4168 2677 4218 conf.
2715 4167 2794 4230 11,

1706 4236 1836 4301 149)
1870 4238 1928 4287 in
1958 4237 2301 4288 latitudinem
2326 4251 2500 4302 aeque
2530 4241 2696 4301 atque
2735 4237 2795 4286 in

1704 4306 2065 4358 altitudinem.
2138 4295 2247 4357 Sed
2294 4306 2353 4355 in
2397 4305 2485 4356 his
2522 4305 2794 4356 mensuris

1711 4392 1812 4429 nec
1858 4381 2069 4430 veteres
2121 4376 2417 4441 scriptores
2462 4390 2564 4428 nec
2608 4389 2795 4428 recen·
