3109 5092
1187 372 1694 434 EUTERPE.
1740 372 1826 433 H.
1871 381 1959 437 60.

2593 372 2717 437 563

438 551 631 632 τρίτα
677 539 744 613 δ’
786 547 855 624 ἐς
895 542 1073 613 Σάϊν
1110 544 1311 614 πόλιν
1347 549 1430 635 τῇ
1464 542 1794 633 Ἀθηναίῃ
1830 552 2390 633 πανηγυρίζουσι,
2437 550 2719 639 τέταρτα

440 648 514 717 δὲ
545 651 613 727 ἐς
656 643 888 717 Ἡλίου
916 645 1115 717 πόλιν
1152 653 1246 742 τῷ
1290 642 1527 740 Ἡλίῳ,
1586 652 1848 737 πέμπτα
1873 646 1947 716 δὲ
1989 651 2057 727 ἐς
2081 653 2388 719 Βουτοῦν
2413 650 2611 722 πόλιν
2635 658 2718 742 τῇ
2825 660 2829 664 ’

437 759 682 838 Λητοῖ,
734 752 894 819 ἕκτα
939 751 1013 818 δὲ
1059 754 1127 830 ἐς
1168 749 1540 840 Πάπρημιν
1585 750 1785 820 πόλιν
1838 754 1932 844 τῷ
1969 746 2174 839 ’Ἀρειὶ
2252 747 2353 833 Ἐς
2406 757 2532 842 μέν
2581 763 2812 827 υυυ60

436 851 816 941 Βούβαστιν
845 852 1044 924 πόλιν
1074 852 1280 923 ἐπεὰν
1313 860 1711 956 κομίζωνταέ
1729 905 1747 939 ,
1784 859 2047 922 ποιεῦσι
2076 853 2325 923 τοιάδε.

2433 859 2722 927 πλέουσί

435 983 510 1024 τε
551 955 681 1045 γὰρ
722 954 807 1046 δὴ
849 953 984 1045 ἅμα
1028 953 1274 1046 ἄνδρες
1309 959 1612 1044 γυναιξὶ,
1658 959 1772 1026 καὶ
1805 955 2058 1027 πολλόν
2092 984 2155 1025 τι
2192 962 2453 1046 πλῆθος
2485 961 2709 1030 ἑκατέ-

389 1158 397 1165 ·
437 1086 580 1147 ρων
602 1062 677 1128 ἐν
706 1060 946 1148 ἑκάστῃ
973 1058 1153 1149 βάρι.
1214 1064 1291 1129 αί
1309 1063 1435 1149 μέν
1458 1087 1639 1139 τινες
1663 1064 1803 1129 τῶν
1828 1064 2177 1145 γυναικῶν
2198 1060 2490 1151 κρόταλα
2518 1069 2710 1150 ἔχου-

437 1227 517 1272 tet
555 1221 709 1287 inde,
746 1224 1078 1275 Graecorum
1101 1224 1352 1276 Cererem
1376 1225 1524 1276 haud

437 1293 727 1343 convenire
751 1308 916 1358 posse
940 1311 1061 1345 cum
1086 1295 1261 1359 Iside,
1299 1295 1397 1345 sed
1427 1310 1525 1360 po-

434 1362 548 1412 tius
568 1376 689 1412 cum
709 1361 813 1413 hac
835 1364 958 1428 ipsa
976 1363 1096 1426 dea,
1119 1379 1260 1429 quae
1287 1364 1524 1414 omnium

435 1445 632 1496 parens
681 1447 746 1482 ac
789 1436 972 1484 terrae
1015 1433 1320 1499 Aegyptiae
1367 1432 1525 1499 quasi

435 1500 620 1550 nutrix
690 1501 993 1553 habebatur
1017 1539 1031 1566 ,
1104 1502 1247 1553 Rhea
1271 1503 1523 1566 -Nepte-

436 1568 676 1635 Okeame,
721 1585 862 1637 quae
905 1572 1174 1622 Osiridem
1223 1578 1278 1623 et
1322 1572 1524 1622 Isidem

435 1640 700 1704 perperit,
757 1641 1204 1706 quemadmodum
1250 1641 1416 1712 Liber
1469 1646 1524 1691 et

435 1709 636 1759 Libera
670 1711 786 1759 nati
825 1710 1079 1761 dicuntur
1105 1727 1139 1761 a
1162 1711 1358 1761 Cerere
1381 1715 1522 1761 teste

435 1777 695 1829 Cicerone
757 1780 825 1830 de
879 1785 997 1831 nat.
1059 1781 1224 1830 Deor.
1287 1781 1374 1842 11,
1432 1782 1520 1830 24.

434 1846 602 1897 Plura
652 1851 904 1913 exposuit
961 1849 1157 1900 Roeth.
1212 1849 1410 1901 Gesch.
1467 1849 1521 1900 d.

433 1914 642 1967 Philon.
683 1918 727 1967 Ι.
768 1934 821 1983 p.
864 1918 965 1969 129
999 1924 1138 1969 nott.
1175 1934 1229 1983 p.
1269 1921 1370 1970 150
1404 1933 1522 1984 seq.

323 1976 338 1989 ⁰
435 1984 559 2036 coll.
597 2002 650 2050 p.
684 1987 783 2038 168
818 2001 971 2052 seqq.
1008 1987 1337 2040 Wilkinson.
1365 1989 1524 2037 Man-

436 2069 561 2104 ners
593 2059 698 2105 etc.
737 2057 957 2106 second.
986 2071 1089 2107 ser.
1119 2058 1166 2107 I.
1189 2073 1243 2122 p.
1271 2056 1373 2108 312
1404 2071 1519 2123 seq.

436 2121 559 2173 coll.
594 2123 698 2175 366
745 2140 859 2190 seq.
901 2130 957 2175 et
991 2126 1096 2176 111.
1127 2127 1243 2177 tab.
1285 2126 1377 2188 32,
1425 2126 1522 2177 ubi

434 2194 615 2257 imago
650 2192 811 2244 huius
857 2193 993 2245 deae
1028 2196 1207 2259 Nepte
1254 2210 1299 2245 s.
1344 2197 1521 2261 Netpe

436 2262 745 2326 exhibetur,
789 2264 1028 2329 Parthey
1066 2265 1138 2315 ad
1158 2264 1440 2317 Plutarch.
1461 2280 1519 2330 p.

439 2330 554 2382 190.
628 2331 876 2382 Cererem
923 2334 1091 2396 igitur
1137 2334 1280 2400 quod
1319 2335 1522 2387 Noster

436 2414 554 2450 cum
596 2400 743 2452 Iside
777 2402 1026 2465 contulit,
1063 2418 1240 2468 neque
1266 2418 1385 2453 cum
1412 2404 1520 2454 Ne·

433 2474 527 2534 pte
564 2469 697 2532 dea,
751 2471 809 2520 id
846 2473 1037 2538 opinor
1079 2472 1207 2522 inde
1242 2473 1519 2538 explican-

433 2538 560 2588 dum
620 2539 864 2605 adeoque
920 2541 1314 2604 excusandum,
1390 2543 1521 2607 quia

431 2607 628 2658 Graeci
666 2609 736 2659 ad
770 2610 972 2660 Isidem
989 2648 1002 2672 ,
1053 2626 1214 2676 quam
1247 2626 1359 2661 una
1398 2627 1518 2662 cum

435 2677 650 2729 Osiride
683 2680 974 2745 praecipue
998 2679 1199 2730 altam
1225 2695 1321 2745 per
1343 2681 1520 2745 Aegy-

433 2751 585 2810 ptum
613 2748 883 2812 viderant,
902 2748 1131 2799 aliarum
1159 2749 1378 2800 dearum
1406 2750 1520 2799 fere

434 2817 672 2867 omnium
718 2818 828 2867 vim
876 2825 931 2868 et
977 2822 1304 2883 potestatem
1339 2823 1519 2868 trans-

433 2885 576 2935 ferre
602 2886 834 2952 indeque
859 2888 1023 2938 etiam
1060 2903 1180 2937 cum
1209 2887 1403 2938 Cerere
1430 2903 1521 2938 ae-

433 2969 599 3020 quare
634 2955 899 3007 solebant.
945 2956 1031 3007 Cf.
1056 2956 1386 3008 Wilkinsou.
1416 2957 1455 3008 l.
1477 2956 1518 3009 l.

433 3023 481 3074 1.
521 3040 575 3088 p.
608 3023 730 3076 379.
769 3026 845 3075 ῙῙ.
882 3040 937 3089 p.
977 3024 1081 3077 305
1110 3041 1225 3092 seq.

502 3092 663 3156 τρίτα
699 3084 759 3142 δ’
792 3085 847 3151 ἐς
880 3085 1032 3143 Σάϊν
1057 3111 1109 3144 κ.
1139 3111 1187 3146 τ.
1225 3094 1299 3161 L]
1350 3095 1520 3147 Plura

431 3161 500 3213 de
536 3162 621 3213 his
658 3162 771 3214 vid.
810 3162 887 3226 11,
925 3163 1012 3215 62.
1051 3163 1119 3216 63
1156 3165 1287 3230 ibiq.
1327 3171 1469 3218 nott.

833 3334 965 3385 Car.
1004 3335 1123 3386 Lx.

505 3429 601 3492 Ἐς
660 3434 764 3501 μέν
821 3452 930 3485 νυν
975 3429 1296 3503 Βούβαστιν
1350 3430 1522 3487 πόλιν

431 3495 603 3554 ἐπεὰν
658 3503 1026 3570 κομίζωνται]
1089 3504 1521 3570 κομίζεσθαι

429 3574 570 3624 bene
592 3573 825 3625 reddunt
849 3575 1203 3641 interpretes:
1239 3591 1367 3626 nave
1392 3575 1519 3635 vehi,

434 3644 652 3707 deferri.
735 3645 859 3695 Vid.
903 3644 969 3708 -1‚
1008 3645 1106 3695 185
1149 3645 1336 3708 ibique
1380 3647 1519 3695 nott.

433 3712 500 3761 In
536 3727 686 3778 seqq.
728 3712 922 3779 reliqui
957 3710 1190 3763 πλέουσι
1232 3718 1286 3764 et
1318 3710 1522 3762 πλέον·

432 3793 548 3838 τεςε
608 3783 667 3832 in
710 3797 817 3848 quo
868 3781 994 3832 libri
1051 3783 1238 3848 scripti
1296 3796 1523 3832 consen-

434 3850 603 3912 tiunt3
626 3856 856 3902 recentt.
880 3850 1002 3901 edd.
1029 3843 1280 3900 πλώουσι
1300 3856 1355 3901 et
1375 3842 1524 3900 πλώ-

436 3932 614 3976 ουτες.
689 3921 961 3982 Bubastis,
1021 3920 1151 3970 urbs
1198 3924 1261 3969 ut
1305 3920 1521 3971 videtur

434 3987 809 4052 celeberrima,
857 3989 1059 4053 templo
1092 3989 1331 4049 Dianae,
1381 4004 1522 4054 quae

432 4056 719 4123 Aegyptiis
745 4063 974 4109 vocatur
997 4056 1240 4109 Bubastis
1269 4058 1372 4124 (ΙΙ,
1395 4057 1517 4108 137.

433 4124 594 4188 138),
643 4127 877 4192 insignis
922 4131 978 4176 et
1026 4131 1192 4191 caput
1230 4129 1375 4178 nomi
1412 4128 1522 4178 Bu-

432 4196 663 4258 bastici‚
719 4196 905 4248 Sacris
961 4195 1018 4245 in
1069 4194 1223 4245 libris
1288 4196 1516 4263 (Ezech.

431 4264 517 4326 30,
552 4264 642 4327 17)
680 4265 985 4331 appellatur
1013 4264 1233 4320 Pibcset.
1269 4280 1388 4316 cum
1415 4265 1521 4316 Ae-

431 4334 678 4399 gyptium
715 4350 909 4386 nomen
945 4334 1110 4385 fuerit
1144 4334 1386 4399 Fabam,
1439 4335 1521 4385 uti

431 4403 648 4453 videtur
684 4402 1078 4469 Champollioni
1111 4401 1355 4470 l'Egypt.
1394 4418 1522 4456 sous

1626 1223 1665 1276 1.
1691 1224 1856 1291 Phar..
1893 1225 1970 1276 11.
2010 1242 2064 1291 p.
2101 1225 2170 1277 65
2207 1242 2360 1292 seqq.
2421 1229 2601 1294 Atque
2637 1228 2717 1279 ita

1626 1294 1777 1344 urbis
1824 1310 2020 1346 nomen
2078 1295 2337 1360 scriptum
2389 1299 2614 1362 reperiri
2658 1298 2717 1348 in

1628 1362 1870 1428 Copticis
1917 1364 2073 1415 libris
2122 1366 2379 1416 observat
2424 1365 2717 1418 Rossellini

1627 1433 1872 1483 Monuni.
1908 1435 2094 1484 storio.
2134 1433 2214 1486 11.
2249 1450 2303 1499 p.
2336 1436 2406 1486 67
2444 1451 2557 1501 seq.
2628 1436 2719 1485 In—

1627 1501 1770 1552 iuria
1806 1506 1989 1553 autem
2020 1503 2088 1554 R.
2117 1504 2165 1554 1.
2188 1504 2358 1554 Fruin
2394 1503 2507 1569 (De
2532 1506 2719 1555 Mane-

1626 1571 1780 1622 tbon.
1818 1571 2114 1635 Sebennyt.
2152 1588 2280 1638 pag.
2318 1573 2412 1640 63)
2444 1575 2514 1624 ab
2545 1575 2719 1625 Hero-

1629 1639 1757 1691 doto
1783 1641 2065 1692 contendit
2084 1642 2236 1691 urbis
2260 1658 2454 1693 nomen
2480 1649 2537 1693 et
2561 1643 2717 1694 deam

1625 1710 1767 1760 male
1803 1711 2089 1774 confundi,
2130 1727 2249 1761 eum
2286 1714 2424 1763 Bast
2462 1712 2717 1777 (Bascltte

1627 1780 1700 1830 cf.
1743 1779 1813 1830 ad
1848 1779 1936 1843 11-‚
1980 1780 2078 1831 137
2126 1778 2299 1844 nott.)
2342 1797 2539 1832 nomen
2577 1782 2717 1832 divi-

1625 1862 1754 1898 num
1792 1848 1893 1911 sit,
1938 1848 2083 1899 unde
2119 1849 2380 1900 formetur
2408 1865 2606 1901 nomen
2629 1866 2717 1901 ur-

1624 1918 1711 1968 bis
1751 1917 1955 1967 Babast
2011 1918 2071 1979 (i.
2128 1933 2176 1968 e.
2226 1910 2262 1983 ἡ
2308 1916 2410 1984 τῆς
2454 1921 2589 1971 Bast
2633 1935 2712 1970 sc.

1625 1986 1768 2051 urbs)
1825 1985 1912 2036 vel
1959 1986 2215 2051 Boubon,
2279 1981 2713 2055 Βούβαστοςε

1624 2054 1963 2106 Herodotum
1994 2057 2012 2105 i
2058 2056 2163 2105 ’tur
2197 2056 2316 2106 vult
2351 2061 2414 2107 ut
2446 2059 2597 2109 urbis
2635 2058 2715 2108 sic

1625 2125 1792 2175 etiam
1827 2124 1962 2174 deae
2070 2116 2302 2189 ωυύμου
2342 2141 2539 2177 nomen
2586 2127 2714 2177 arti-

1625 2194 1748 2244 culo
1785 2192 2022 2259 praefixo
2060 2194 2295 2245 auxisse.
2348 2195 2480 2260 Ipsa
2502 2196 2714 2248 Graeca
2810 2230 2815 2236 -

1624 2263 1774 2313 urbis
1814 2263 1988 2313 forma
2021 2258 2350 2330 Βούβαστις
2386 2267 2533 2329 apud
2564 2265 2714 2317 Stra-

1624 2333 1754 2383 bon.
1792 2332 1972 2383 XVII.
2009 2349 2065 2397 p.
2090 2332 2195 2384 805
2221 2337 2276 2382 et
2311 2333 2539 2387 Diodor.
2564 2335 2713 2399 XVI,

1622 2401 1688 2452 51
1714 2406 1876 2452 sonat
1898 2392 2195 2468 Βούβαστο
2213 2415 2263 2458 c:
2292 2406 2578 2470 utramque
2607 2405 2715 2455 for-

1622 2485 1765 2520 mam
1802 2470 1990 2521 attulit
2026 2469 2336 2535 Stephanus
2373 2473 2713 2538 Byzantinus

1622 2554 1667 2589 s.
1714 2555 1771 2590 v.
1854 2540 1921 2589 In
1952 2538 2120 2589 Delta
2169 2539 2278 2589 sita
2318 2540 2425 2589 fuit
2468 2543 2599 2593 urbs
2644 2543 2716 2593 ad

1621 2607 1939 2658 orientalem
1984 2608 2257 2658 Pelusiaci
2309 2609 2465 2659 fluvii
2518 2612 2711 2675 ripam,

1620 2692 1656 2727 a
1691 2691 1798 2741 quo
1835 2691 1943 2726 non
1976 2675 2166 2740 procul
2203 2675 2273 2726 ab
2298 2677 2420 2741 ipsa
2456 2679 2592 2730 urbe
2626 2695 2716 2731 ea-

1620 2745 1760 2795 nalis
1799 2744 2076 2794 derivatus
2110 2744 2180 2794 ad
2213 2746 2390 2795 sinum
2417 2748 2709 2799 Arabicum

1620 2829 1793 2880 usque
1817 2814 2080 2878 pertinuit
2099 2813 2198 2878 (11,
2226 2814 2368 2878 158).
2439 2817 2546 2877 Qui
2568 2833 2714 2869 nunc

1622 2883 1928 2949 appellatur
1973 2883 2125 2933 locus
2166 2882 2280 2934 Tell
2292 2884 2521 2936 -Baetah
2565 2886 2626 2950 (i.
2662 2903 2710 2937 e.

1621 2962 1765 3005 vetus
1799 2950 2087 3015 Bubastis),
2124 2967 2167 3002 s.
2205 2952 2298 3002 Tel
2330 2954 2514 3020 Bana,
2552 2957 2609 3006 in
2647 2971 2712 3007 eo

1623 3022 1960 3089 amplissima
1991 3037 2182 3072 recens
2208 3023 2427 3074 detecta
2460 3031 2589 3076 sunt
2625 3042 2714 3076 ae-

1622 3093 1922 3144 dificiorum
1958 3091 2107 3142 illius
2152 3092 2302 3143 urbis
2338 3094 2562 3158 rudera,
2618 3097 2716 3147 mi-

1620 3178 1738 3213 rum
1775 3162 1832 3211 in
1866 3161 2086 3212 modum
2123 3167 2386 3229 congesta
2406 3202 2419 3228 ,
2459 3170 2521 3215 ut
2556 3166 2713 3217 mire·

1622 3233 1730 3295 ris,
1777 3231 1869 3297 qui
1914 3235 2073 3281 tanta
2105 3231 2274 3282 moles
2317 3232 2527 3285 destrui
2564 3241 2617 3285 et
2654 3236 2710 3284 in

1621 3302 1766 3351 hunc
1801 3305 2005 3352 statum
2040 3300 2216 3366 redigi
2250 3305 2510 3365 potuerit.
2570 3304 2711 3353 Con-

1623 3374 1776 3420 stant
1834 3369 1932 3418 illa
1990 3368 2079 3419 vel
2146 3368 2421 3434 lapidibus
2480 3371 2711 3436 syenitis

1624 3436 1865 3502 (Granit)
1900 3437 1991 3488 vel
2024 3437 2289 3487 lateribus
2327 3439 2526 3500 coetis,
2580 3454 2710 3505 qua-

1622 3507 1703 3557 les
1738 3506 2014 3556 a‘Iudaeis
2055 3505 2362 3555 elaboratos
2390 3507 2561 3557 fuisse
2597 3523 2712 3558 cre-

1625 3574 1793 3625 dibile
1838 3574 1902 3624 fit
1942 3574 2139 3638 (Exod.
2178 3573 2234 3634 1,
2275 3574 2382 3639 15).
2462 3576 2547 3627 Ad
2579 3577 2712 3626 Dia·

1624 3658 1727 3693 nae
1769 3647 1952 3693 autem
2006 3641 2266 3706 templum
2326 3658 2392 3692 ea
2437 3645 2712 3708 pertinere

1624 3712 1879 3774 credunt,
1923 3725 2064 3776 quae
2100 3711 2156 3759 in
2203 3711 2395 3761 mediis
2430 3712 2513 3762 his
2556 3715 2712 3765 rude·

1625 3782 1775 3832 ribus
1812 3779 2220 3844 conspiciuntur
2264 3779 2503 3842 aedificii
2532 3782 2713 3848 splen·

1624 3850 1892 3901 didissimi
1928 3847 2209 3913 reliquiae.
2278 3849 2533 3902 Pluribus
2576 3853 2711 3903 haec

1624 3918 1875 3984 exposuit
1913 3917 2111 3969 Ritter.
2146 3917 2443 3970 Erdlmnde
2489 3920 2535 3972 1.
2578 3937 2708 3987 pag.

1622 3989 1727 4040 825
1760 3987 1895 4052 ibiq.
1930 3984 2079 4037 laud.
2140 3986 2320 4037 Malus
2347 3990 2403 4039 in
2434 3992 2706 4056 Descript-

1623 4057 1688 4109 de
1716 4057 1859 4123 l'Eg.
1882 4057 1974 4107 Et.
2001 4055 2241 4107 modern.
2266 4056 2389 4108 livr.
2413 4060 2519 4111 111.
2546 4058 2707 4111 mem.

1622 4143 1679 4193 p.
1717 4126 1819 4178 307
1857 4139 2008 4190 seqq.
2091 4124 2177 4177 Cf.
2229 4128 2394 4178 etiam
2443 4127 2709 4180 Schlicht-

1621 4197 1796 4248 horst.
1841 4195 1881 4246 l.
1930 4193 1966 4245 1.
2005 4209 2131 4260 pag.
2170 4194 2239 4247 79
2273 4211 2390 4264 seq.
2434 4198 2707 4249 Mannert.

1622 4266 1662 4317 l.
1702 4264 1741 4315 l.
1779 4280 1813 4330 p
1890 4301 1904 4315 .
1945 4263 2047 4315 588
2085 4275 2202 4330 seq.

1704 4327 1768 4384 αἱ
1815 4280 1921 4399 :a
1985 4347 2135 4390 τινες
2180 4364 2251 4375 -
2297 4331 2706 4398 κροταλίζουσι]

1624 4403 1778 4455 Haec
1835 4404 1961 4470 ipsa
2009 4407 2067 4453 et
2117 4417 2256 4467 quae
2310 4402 2567 4453 continuo
2629 4417 2710 4453 se-

2145 4482 2281 4547 36*
