3109 5092
423 237 546 297 770

1289 231 1833 294 HERODOTI

425 411 722 501 μετέωρα
772 411 911 476 τῶν
965 405 1348 495 οἰκημάτων
1399 402 1600 475 αὐτοί
1649 433 1720 474 τε
1776 400 2075 495 ὁρέομεν
2135 401 2529 487 διεξιόντες,
2589 404 2716 473 καὶ

426 512 618 584 αὐτοὶ
669 510 1081 602 θεησάμενοι
1136 513 1451 598 λέγομεν·

1527 506 1609 577 τὰ
1663 509 1738 578 δὲ
1790 507 2018 578 αὐτῶν
2086 503 2379 596 ὑπόγαια
2443 505 2714 594 λόγοισι

427 614 981 702 ἐπυνθανόμεθα.
1039 618 1110 683 οἰ
1139 612 1268 702 γὰρ
1312 616 1712 692 ἐπεστεῶτες
1741 618 1878 681 τῶν
1920 618 2320 698 Αἰγυπτίων
2355 608 2715 680 δεικνύναι

426 718 595 789 αὐτοὶ
647 715 961 806 οὐδαμῶς
1004 714 1294 804 ἤθελον,
1350 714 1638 803 φάμενοι
1678 715 1897 803 θήκας
1943 712 2187 785 αὐτόθι
2232 713 2405 784 εἶναι
2449 718 2587 783 τῶν
2634 740 2711 781 τε

425 820 638 913 ἀρχὴν
662 819 783 890 τὸν
824 819 1245 910 λαβύρινθον
1272 823 1512 887 τοῦτον
1551 821 2189 906 οἰκοδομησαμένων
2221 819 2556 906 βασιλέων
2586 818 2711 883 καὶ

426 932 565 995 τῶν
602 930 770 1014 ἰρῶν
804 928 1277 1011 κροκοδείλων.
1348 918 1525 990 οὕτω
1568 927 1706 990 τῶν
1733 921 1858 1010 μὲν
1899 920 2079 989 κάτω
2123 923 2276 1011 πέρι
2318 919 2710 1008 οἰκημάτων

442 1087 742 1169 .φάμενοι
783 1081 974 1153 θήκας
1018 1080 1230 1138 αὐτόθι
1269 1081 1416 1137 εἶναι
1460 1103 1511 1137 κ.

426 1161 587 1227 τ..λ]
625 1153 815 1223 θήκας
849 1159 1124 1208 conditoria
1164 1158 1315 1221 dicit,
1348 1160 1516 1221 sepul-

428 1248 542 1282 cra.
615 1230 744 1279 Vid.
774 1230 850 1289 11,
876 1229 961 1277 67.
1020 1227 1414 1291 Labyrinthum
1433 1243 1516 1276 re·

429 1301 588 1365 gibus
626 1297 954 1363 sepeliundis
991 1295 1322 1346 destinatum
1347 1298 1518 1346 fuisse

428 1370 661 1433 indeque
718 1366 1076 1416 monumentis
1123 1367 1516 1430 Aegyptiorum

428 1436 820 1502 sepulcralibus
843 1435 1235 1485 accensendum
1259 1451 1379 1485 esse
1401 1435 1516 1499 plu-

429 1524 515 1558 res
566 1506 895 1568 retulerunt,
950 1520 1275 1570 quamquam
1326 1509 1516 1554 nostra

430 1582 612 1627 aetate
635 1574 756 1625 -alii
796 1574 953 1624 aliter
988 1579 1317 1624 statuerunt.
1387 1573 1513 1623 Vid.

429 1646 589 1696 modo
636 1645 807 1695 Beck.
855 1642 1185 1708 Weltgesch.
1229 1660 1357 1708 pag.
1394 1645 1513 1704 722,

427 1717 703 1766 Letronne
737 1715 776 1763 l.
801 1712 839 1763 1.
877 1729 1002 1778 pag.
1044 1714 1158 1764 154.
1233 1712 1515 1778 Templum

431 1792 486 1835 et
537 1785 744 1835 curiam
799 1784 970 1832 fuisse
1017 1786 1177 1847 putat
1219 1783 1400 1846 Zoega
1448 1783 1516 1832 de

431 1855 683 1904 obelisco.
722 1867 849 1918 pag.
882 1854 1003 1903 417.
1040 1857 1155 1901 not.
1181 1851 1516 1913 9,*commo-

429 1929 519 1973 tus
580 1924 922 1988 potissimum
984 1921 1269 1971 Strabonis
1335 1921 1517 1970 verbis

430 1993 606 2043 XVII.
650 2009 701 2056 p.
740 1991 835 2040 811
891 2007 934 2040 s.
989 2006 1043 2054 p.
1087 1991 1238 2040 1165.
1294 1991 1423 2041 1135
1460 1995 1516 2039 et

430 2061 596 2111 Plinii
623 2062 697 2111 H.
726 2061 795 2110 N.
817 2059 1069 2120 XXXVI,
1103 2059 1182 2120 13,
1222 2059 1352 2109 illud
1388 2074 1515 2108 vero

432 2131 697 2180 adiiciens
714 2166 727 2190 ,
750 2128 1052 2193 quicunque
1073 2125 1369 2191 labyrinthi
1392 2144 1519 2178 con-

433 2199 576 2248 ditor
635 2198 825 2258 fuerit,
890 2211 1009 2245 eum
1067 2195 1372 2260 sepulcrum
1424 2197 1521 2246 ha-

430 2268 617 2317 buisse
656 2265 828 2315 videri
865 2265 966 2314 sub
1012 2266 1320 2329 pyramide,
1377 2282 1516 2330 quae

432 2335 679 2386 aedificio
719 2340 837 2384 erat
871 2334 1086 2383 adiecta
1122 2335 1261 2399 (vid.
1297 2351 1351 2399 p.
1389 2337 1511 2384 417.

432 2412 548 2456 not.
600 2406 663 2456 10
709 2404 746 2454 1.
793 2403 877 2468 1.).
953 2404 1239 2454 Maunerto
1286 2405 1512 2468 (Geogr.

435 2475 487 2525 d.
526 2476 618 2526 Gr.
671 2489 727 2525 u.
763 2474 951 2524 Roem.
1000 2474 1081 2534 X,
1122 2472 1169 2523 l.
1218 2489 1342 2537 pag.
1383 2474 1512 2536 440)

431 2545 693 2610 palatium
730 2543 876 2593 haud
910 2541 1134 2606 vulgare
1171 2543 1340 2594 fuisse
1369 2543 1517 2593 vide-

431 2619 549 2677 tur,
595 2614 722 2676 „ein
747 2612 1194 2678 Prachtgebaude
1230 2629 1338 2663 von
1375 2629 1516 2678 ganz

433 2685 618 2748 eigner
671 2683 849 2744 Art,“
919 2682 1062 2746 quod
1116 2686 1298 2731 tamen
1359 2698 1516 2748 reges

432 2755 652 2803 minime
696 2752 1021 2812 habitarint,
1080 2767 1200 2801 cum
1245 2751 1521 2816 haudqua-

435 2838 595 2887 quam
633 2825 819 2885 aptum
846 2821 1009 2869 fuerit
1044 2820 1114 2870 ad
1140 2820 1516 2871 habitandum.

435 2892 686 2941 Gatterer
720 2888 757 2938 l.
783 2889 819 2938 1.
842 2904 970 2953 pag.
995 2888 1064 2939 60
1090 2905 1203 2953 seq.
1243 2891 1370 2939 inde
1397 2906 1520 2954 pro·

433 2959 639 3018 fectus,
709 2957 853 3021 quod
908 2957 1278 3020 labyrinthus,
1342 2959 1519 3023 qualis

436 3030 744 3078 exstructus
763 3040 881 3076 esse
898 3032 1166 3088 narratur,
1189 3042 1366 3092 neque
1387 3033 1521 3079 tem-

433 3096 580 3162 plum
617 3110 793 3160 neque
829 3097 981 3159 regia
1008 3111 1182 3161 neque
1214 3096 1519 3161 sepulcrum

433 3165 641 3231 regium
656 3179 774 3215 esse
791 3165 1047 3230 potuerit,
1064 3180 1199 3230 opus
1219 3166 1319 3216 hoc
1340 3165 1519 3231 splen·

434 3235 771 3286 didissimum
792 3234 1136 3285 aedificatum
1156 3250 1276 3286 esse
1296 3237 1518 3286 statuit:

436 3306 666 3371 „primo,
700 3309 762 3354 ut
783 3310 1216 3370 repraesentaret
1235 3321 1354 3355 cum
1380 3305 1519 3356 coeli

433 3376 673 3426 universi
709 3380 824 3425 tum
859 3375 1120 3439 imprimis
1166 3375 1331 3425 etiam
1366 3376 1518 3438 solis,

434 3445 629 3507 lunae,
683 3449 1126 3509 caeterorumque
1179 3444 1517 3510 planetarum

438 3515 678 3564 ordinem
709 3531 775 3565 ac
803 3519 1033 3565 motum:
1075 3514 1286 3576 deinde,
1317 3520 1378 3563 ut
1398 3530 1520 3580 per-

435 3584 732 3648 spiciendis
761 3583 1248 3649 computandisque
1284 3588 1396 3633 tam
1434 3599 1518 3633 so-

433 3653 500 3703 lis
534 3670 694 3718 quam
732 3655 894 3704 lunae
946 3653 1238 3718 eclipsibus
1291 3654 1520 3704 inservi-

435 3729 548 3782 τοι,
603 3723 831 3788 denique
888 3739 954 3773 ac
1009 3724 1252 3787 inprimis
1300 3723 1514 3788 quidem

438 3807 502 3840 eo
550 3791 803 3852 consilio,
853 3795 914 3841 ut
957 3791 1219 3858 astrologi
1259 3793 1518 3857 Aegyptii

438 3875 502 3909 ex
527 3860 1053 3922 constellationibus,
1084 3862 1138 3910 in
1178 3876 1312 3925 quas
1350 3861 1518 3910 horni-

435 3928 521 3977 nis
558 3930 923 3992 cuiuscunque
971 3929 1105 3979 hora
1139 3930 1340 3980 natalis
1385 3932 1516 3980 inci-

437 3996 628 4058 debat,
678 3996 854 4060 qualis
900 3998 1059 4047 huius
1101 3998 1205 4048 vel'
1232 3999 1377 4049 illius
1423 4001 1517 4050 ho-

435 4066 596 4117 minis
645 4081 755 4115 non
785 4067 902 4115 vita
947 4071 1190 4129 tantum,
1238 4067 1335 4118 sed
1372 4085 1516 4119 mors

435 4136 602 4186 etiam
639 4150 704 4184 ac
745 4138 870 4200 post
912 4137 1138 4185 mortem
1177 4152 1293 4186 sors
1330 4138 1518 4188 futura

437 4209 608 4268 esset,
661 4205 975 4269 praedicere
1015 4207 1298 4270 possent.“
1373 4208 1517 4257 Galli

435 4273 585 4325 docti
620 4273 755 4337 (vid.
784 4272 823 4326 1.
859 4273 899 4325 1.
934 4288 1063 4340 pag.
1101 4274 1190 4341 40)
1228 4275 1374 4326 haud
1402 4278 1518 4341 qui-

1617 1089 1738 1137 dem
1776 1093 1979 1153 negant
2017 1091 2071 1136 et
2110 1103 2265 1152 reges
2302 1092 2356 1136 et
2399 1085 2709 1136 crocodilos

1619 1173 1803 1208 sacros
1859 1158 1914 1206 in
1969 1156 2279 1222 labyrintho
2334 1156 2553 1221 sepeliri
2611 1171 2711 1220 po-

1617 1229 1791 1277 tuisse
1826 1227 2069 1291 adeoque
2101 1226 2389 1276 nonnullos
2412 1240 2600 1276 revera
2625 1240 2711 1274 se-

1618 1297 1799 1362 pultos
1849 1296 2047 1356 videri;
2101 1297 2319 1345 minime
2363 1302 2546 1345 tamen
2581 1310 2705 1343 eum

1619 1369 1675 1415 iu
1722 1382 1879 1417 usum
1926 1367 2083 1415 unice
2127 1370 2464 1415 exstructum
2509 1364 2705 1424 videri,

1619 1452 1739 1486 cum
1787 1436 1966 1500 potius
2012 1440 2315 1499 temporum
2361 1434 2592 1483 decursu
2635 1432 2705 1482 ad

1617 1506 1801 1554 varias
1840 1521 1925 1555 res
1975 1504 2092 1553 eius
2138 1520 2269 1554 usus
2318 1503 2563 1554 revocari
2607 1517 2705 1566 po-

1619 1575 1801 1624 tuerit.
1874 1576 2028 1636 Quae
2064 1589 2185 1623 cum
2222 1575 2299 1623 ita
2335 1574 2478 1635 sint,
2518 1573 2708 1637 proba-

1618 1644 1727 1693 bile
1768 1644 1985 1693 videtur
2026 1644 2157 1694 viris
2194 1643 2413 1704 iisdem,
2469 1642 2708 1706 labyrin-

1618 1714 1769 1763 thum
1805 1714 1977 1762 fuisse
1999 1711 2192 1773 locum,
2232 1713 2287 1761 in
2314 1728 2419 1777 quo
2449 1711 2707 1776 Aegyptii

1619 1789 1673 1832 et
1736 1783 2091 1832 convenerint
2149 1787 2204 1831 et
2264 1781 2707 1842 deliberaverint,

1619 1867 1955 1902 communem
2001 1851 2151 1901 illum
2190 1851 2405 1916 quidem
2454 1850 2705 1900 omnibus

1618 1922 1819 1982 nomia,
1858 1922 1952 1986 qui
1988 1920 2189 1985 singuli
2217 1936 2345 1970 suos
2377 1919 2463 1969 hic
2492 1921 2708 1968 invene-

1618 1992 1729 2040 rint
1763 1990 1893 2039 deos
1928 1990 2242 2054 bestiasque
2279 2005 2493 2050 sacras,
2533 1992 2595 2037 ut
2625 1988 2707 2038 la-

1620 2060 1903 2124 byrinthus
1935 2060 2091 2123 quasi
2117 2060 2389 2122 pantheon
2421 2059 2587 2108 fuerit
2606 2060 2709 2107 Ae-

1618 2129 1881 2193 gyptium.
1956 2130 2070 2178 Nec
2106 2129 2265 2178 aliter
2297 2128 2463 2178 ferme
2483 2130 2706 2178 Bunsen

1618 2198 1654 2247 l.
1706 2198 1742 2250 1.
1786 2199 1864 2248 11.
1922 2214 1977 2261 p.
2024 2198 2144 2248 322.
2230 2200 2378 2247 Baur
2439 2197 2704 2261 (Tiibing.

1617 2268 1881 2318 Zeitschr.
1920 2267 1957 2316 f.
1989 2268 2253 2332 Theolog.
2286 2267 2439 2317 1832.
2466 2267 2510 2316 I.
2540 2283 2594 2330 p.
2615 2268 2705 2328 54)

1621 2343 1737 2387 toto
1790 2337 2086 2400 labyrinthi
2130 2336 2378 2386 aedificio
2433 2342 2515 2385 ter
2561 2335 2710 2385 mille

1621 2406 1771 2456 cellis
1810 2407 2076 2456 instructo
2100 2407 2398 2471 Aegyptios
2429 2404 2707 2454 declarare

1618 2475 1859 2525 voluisse
1891 2476 2170 2525 existimat
2198 2476 2550 2539 migrationes
2588 2490 2710 2524 cur-

1621 2559 1821 2609 susque
1865 2545 2173 2594 mortalium
2207 2546 2263 2593 in
2312 2544 2413 2594 hac
2460 2544 2579 2592 vita
2614 2544 2708 2592 ad-

1621 2614 1837 2663 modum
1874 2615 2174 2664 fluctuante
2220 2618 2410 2678 totque
2447 2614 2710 2678 ambages

1621 2683 1926 2735 exhibente.
1983 2684 2314 2735 Graecorum
2347 2683 2708 2746 labyrinthos,

1618 2753 1711 2818 qui
1758 2754 1828 2802 ad
1874 2753 2131 2818 Aegyptii
2185 2751 2482 2816 labyrinthi
2534 2768 2711 2801 exem-

1619 2822 1738 2888 plar
1763 2824 1997 2873 confecti
2026 2823 2294 2883 dicuntur,
2334 2822 2404 2871 ad
2437 2820 2710 2886 sepulcro·

1619 2908 1736 2942 rum
1784 2897 2129 2942 monumenta
2163 2891 2329 2941 refert
2351 2891 2418 2942 O.
2457 2892 2706 2941 Mueller.

1616 2961 1976 3027 Archaeolog.
2013 2965 2064 3024 ἓ.
2099 2961 2185 3024 50,
2219 2963 2269 3011 2.
2317 2960 2581 3026 Equidem
2612 2977 2707 3010 no-

1615 3030 1711 3080 lim
1741 3032 2032 3096 quidquam
2052 3030 2359 3092 decernere,
2382 3046 2708 3095 quamquam

1621 3102 1790 3149 sacris
1826 3102 2006 3165 potius
2043 3101 2203 3150 rebus
2232 3099 2390 3164 (quas
2427 3116 2546 3150 cum
2586 3103 2705 3164 ipsa

1621 3171 1957 3219 astronomia
2007 3170 2147 3235 apud
2198 3171 2503 3236 Aegyptios
2554 3175 2707 3220 arcte

1620 3241 1943 3289 coniunctas
1968 3240 2138 3289 fuisse
2156 3255 2311 3290 nemo
2331 3239 2528 3304 nescit)
2542 3255 2705 3304 quam

1619 3309 1850 3374 publicis
1894 3314 1949 3358 et
1985 3308 2235 3358 civilibus
2271 3310 2506 3372 negotiis
2550 3326 2707 3373 pera-

1619 3380 1811 3443 gendis
1859 3383 2015 3429 tanta
2056 3378 2355 3442 labyrinthi
2402 3378 2569 3429 moles
2618 3395 2706 3429 ex-

1619 3454 1832 3498 structa
1865 3449 2039 3498 fuisse
2073 3448 2307 3498 videtur.

1688 3565 1803 3598 των
1845 3564 1903 3599 τε
1950 3541 2171 3631 ἀρχὴν
2220 3581 2290 3591 --
2326 3545 2704 3615 οἰκοδομησα-

1616 3616 1822 3685 μένων]
1861 3612 2044 3703 ἀρχὴν
2076 3620 2226 3670 valet
2257 3621 2322 3670 ab
2355 3623 2512 3682 ὑιίιίο,
2552 3621 2705 3671 inde·

1621 3702 1724 3770 que
1775 3691 1995 3748 omuino,
2045 3705 2283 3769 pror-⁸118,
2338 3695 2399 3739 ut
2451 3691 2554 3752 IV,
2606 3690 2705 3740 159

1619 3770 1743 3807 οσοι
1790 3750 1973 3824 αρχὴν
2017 3750 2072 3816 ἐς
2107 3751 2213 3823 τὴν
2262 3728 2554 3808 ἀποικίαν
2568 3749 2704 3808 ἄπε-

1620 3818 1932 3892 σταλησανς
1994 3828 2151 3893 plura
2194 3828 2307 3878 vid.
2361 3829 2431 3879 ad
2472 3828 2525 3890 Ι,
2572 3829 2604 3878 9
2649 3834 2705 3880 et

1618 3896 1666 3957 1,
1705 3896 1773 3948 86
1807 3903 1946 3947 nott.
2006 3899 2149 3949 Hinc
2179 3899 2415 3949 Bunsen.
2444 3897 2480 3947 1.
2508 3896 2546 3948 1.
2574 3914 2704 3963 pag.

1617 3965 1960 4087 ῗὲΙῚιῖοᾶᾱίὲτ
1996 3970 2310 4034 „oriyiually
2346 3984 2390 4018 s.
2424 3974 2705 4032 zer-sprung-

1635 4053 1649 4084 ι
1696 4051 1711 4084 ι

1688 4135 1783 4188 καὶ
1807 4138 1921 4189 τῶν
1948 4135 2089 4205 ΐρῶν
2112 4138 2515 4222 κροκοδείλων]
2545 4139 2704 4190 Conf.

1616 4209 2015 4341 }},(1333ibique
2048 4218 2188 4262 nott.
2262 4210 2347 4260 Ad
2377 4203 2527 4276 ἀκοῇ
2557 4210 2703 4260 conf.
