3109 5092
541 362 666 425 866
1337 355 1881 418 EXOURSUS
1927 356 2025 415 IX

540 534 712 588 Thes.
744 534 812 587 L.
847 534 950 584 Gr.
985 531 1071 583 ed.
1102 530 1342 584 Londin.
1374 529 1446 583 T.
1466 530 1563 598 1.).
1628 530 1827 598 Neque
1856 527 1967 599 ipsi
2002 526 2208 580 Graeci
2241 525 2297 577 in
2330 524 2433 576 hoc
2464 525 2712 577 nomine
2746 523 2862 576 sibi

543 625 820 673 constant.
880 616 995 679 Qui
1028 616 1170 669 enim
1198 617 1266 669 ab
1294 614 1581 669 Herodoto
1615 625 1672 668 et
1697 614 2053 682 Theopompo
2084 613 2169 683 (in
2201 609 2438 663 Scholiis
2467 610 2543 661 ad
2573 608 2859 679 Aponon.

541 704 719 757 Rhod.
735 703 831 770 IV,
847 704 979 770 272)
996 702 1198 754 dicitur
1209 700 1532 769 Σέσωστρις,
1558 699 1609 752 is
1632 698 1779 769 apud
1790 698 2093 752 Diodorum
2110 702 2342 750 vocatur
2353 689 2676 763 Σεσόωσις,
2705 691 2861 763 apud

542 789 935 842 Dicaearchum
956 788 1042 858 (in
1057 786 1294 839 Scholiis
1310 786 1376 852 l.)
1400 779 1780 853 Σεσόγχωσιςς
1814 782 1883 835 de
1907 799 2017 853 qua
2041 782 2350 851 scripturae
2374 780 2731 833 diversitate
2756 779 2860 830 iam

541 874 621 925 ita
643 872 910 926 iudicavit
923 870 1336 940 Wesselingius
1363 870 1432 922 ad
1445 870 1675 923 Diodor.
1694 870 1737 936 1,
1753 875 1841 935 53,
1873 874 1935 920 ut
1964 868 2019 919 in
2044 866 2332 919 Herodoto
2364 872 2515 918 certe
2548 864 2704 917 nihil
2742 880 2862 915 mu-

543 959 652 1011 tari
678 958 869 1025 vellet3
905 957 1159 1026 idemque
1182 957 1282 1009 hoc
1303 974 1517 1025 nomen,
1559 954 1721 1025 quale
1753 954 1820 1005 ab
1836 953 2119 1006 Herodoto
2156 951 2431 1022 proditur,
2464 968 2533 1002 ex
2550 949 2862 1018 Aegyptio

543 1043 761 1096 Ramsis
786 1042 1003 1095 nomine
1027 1047 1281 1110 repetere
1314 1040 1555 1110 indeque
1592 1040 1868 1110 explicare
1892 1043 2125 1089 conatus
2163 1044 2267 1089 est.
2324 1035 2408 1088 De
2431 1034 2644 1103 Rouge
2687 1032 2860 1105 (vid.

545 1129 792 1181 Athenee
821 1132 957 1186 1854
986 1130 1173 1184 nr.48.
1202 1145 1255 1196 p.
1273 1125 1440 1193 1128)
1470 1125 1636 1178 huius
1669 1123 1819 1193 regis
1846 1141 2036 1176 nomen
2069 1122 2345 1189 integrum
2374 1121 2432 1173 in
2460 1118 2860 1173 monumentis

545 1212 838 1281 Aegyptiis
877 1212 1140 1280 scriptum
1183 1229 1386 1264 sonare
1417 1209 1537 1262 vult
1569 1212 1889 1265 Ramesesou
1932 1225 1996 1261 ac
2024 1225 2123 1277 per
2152 1206 2531 1276 compendium
2562 1205 2861 1274 scriptum

545 1314 767 1366 quoque
793 1296 1030 1348 inveniri
1050 1297 1234 1361 Seme,
1260 1300 1501 1363 Sesesou,
1531 1312 1565 1346 a
1587 1312 1697 1366 quo
1720 1295 1862 1364 ipso,
1894 1293 2079 1345 addita
2101 1310 2234 1344 voce
2257 1312 2322 1345 ru
2345 1311 2392 1343 s.
2418 1293 2469 1344 η’
2487 1295 2637 1361 (qua
2666 1292 2860 1344 Solen

546 1380 828 1448 designari
864 1380 970 1446 ait)
1005 1386 1182 1432 ortum
1212 1399 1339 1457 esse
1367 1378 1648 1432 concludit
1676 1380 1950 1432 Graecum
1983 1396 2174 1430 nomen
2207 1376 2537 1444 Σέσωστρις.
2596 1375 2854 1428 Osburu

547 1465 581 1517 l.
617 1464 654 1516 l.
688 1468 868 1533 p.430
898 1483 1022 1534 sqq.
1068 1465 1218 1532 regis
1249 1483 1444 1518 nomen
1487 1483 1516 1517 e
1550 1464 1700 1517 notis
1742 1462 2174 1533 hieroglyphicis
2218 1464 2385 1515 affert
2425 1463 2501 1512 ita
2543 1461 2855 1530 scriptum,

549 1556 612 1600 ut
641 1555 804 1601 sonet
836 1551 1086 1616 Ramnes,
1139 1550 1494 1620 eiusdemque
1543 1549 1779 1602 nominis
1827 1550 2013 1602 varias
2062 1548 2327 1618 quasdam
2376 1545 2530 1598 addit
2562 1545 2854 1598 lectiones

550 1634 607 1686 in
637 1634 1001 1687 monumentis
1035 1635 1260 1704 obvias3
1305 1637 1581 1688 Graecum
1612 1651 1837 1701 nomeu,
1872 1632 2034 1705 quale
2065 1632 2348 1685 Diodorus
2379 1639 2547 1701 atque
2576 1629 2856 1683 Herodo-

550 1725 644 1771 tus
676 1719 949 1788 afferunt,
1003 1719 1088 1772 his
1124 1719 1266 1790 ipsis
1301 1720 1384 1772 sic
1413 1719 1674 1772 traditum
1715 1737 1842 1771 esse
1876 1724 2037 1789 putat
2067 1718 2135 1769 ab
2176 1717 2462 1771 inferioris
2493 1716 2725 1769 ordinis
2760 1730 2851 1764 ss-

551 1804 869 1856 cerdotibus
913 1804 1205 1874 Aegyptiis
1251 1805 1369 1857 sive
1420 1806 1487 1857 ab
1543 1804 1977 1874 interpretibus,
2042 1803 2139 1873 qui
2188 1803 2340 1871 regis
2395 1818 2623 1867 nomen,
2696 1796 2853 1869 quod

552 1888 739 1941 addito
781 1887 944 1941 titulo
989 1889 1185 1944 Dilecta·
1224 1909 1257 1943 u
1289 1892 1416 1944 Sole
1461 1888 1645 1942 valeat
1690 1889 2267 1958 ran-me-rois-eotp-ra,
2313 1904 2414 1957 per
2455 1885 2850 1955 compendium

551 1972 925 2026 reddiderint:
966 1975 1252 2045 is-sotp-ra
1290 1975 1411 2028 sive
1451 1983 1784 2044 se-sotp-r03
1828 1974 1958 2026 inde
2004 1990 2195 2025 nomen
2229 1973 2484 2026 Sesostris
2525 1989 2574 2023 s.
2603 1969 2855 2024 smmis

555 2065 732 2110 ortum
763 2075 889 2110 esse
917 2062 1001 2127 (p.
1031 2060 1163 2127 430)
1192 2077 1369 2131 eoque
1401 2060 1618 2113 nomine
1650 2059 1769 2111 sive
1800 2058 1962 2110 titulo
1996 2057 2141 2111 hunc
2180 2075 2361 2125 regem
2390 2074 2493 2126 per
2522 2056 2851 2124 Aegyptum

553 2142 872 2194 inferiorem
911 2142 1089 2195 fuisse
1132 2146 1410 2211 cognitum
1445 2145 1590 2197 idem
1631 2143 1916 2197 contendit
1956 2148 2041 2213 (p.
2075 2144 2235 2210 452),
2281 2160 2401 2194 cum
2446 2141 2502 2193 in
2545 2140 2846 2210 superiore

556 2227 810 2294 Aegypto
847 2226 1066 2280 Ramnes
1089 2224 1149 2294 ¹⁸¹)
1192 2227 1501 2297 appellatus
1546 2228 1736 2281 suerit.
1819 2229 1979 2291 Quae
2029 2244 2155 2280 num
2200 2245 2333 2280 vere
2375 2233 2642 2296 recteque
2696 2224 2849 2277 dicta

560 2309 703 2374 siut,
745 2324 893 2360 nunc
925 2327 1033 2361 nou
1071 2309 1401 2381 disquiram3
1434 2314 1583 2384 quod
1616 2332 1748 2365 vero
1784 2311 2099 2365 Wilkinson
2129 2313 2426 2384 (Manners
2458 2318 2563 2363 etc.
2596 2310 2643 2361 Ι.
2682 2328 2743 2379 p.
2778 2310 2848 2366 68

560 2391 706 2458 not.)
745 2392 995 2461 quaerit,
1047 2411 1174 2448 num
1202 2395 1444 2450 Osiridis
1469 2398 1641 2450 filium
1668 2398 1912 2450 indicare
1952 2397 2134 2466 possit
2162 2396 2460 2463 Sesostris,
2496 2394 2845 2463 eundemque

559 2475 695 2528 adeo
725 2493 826 2546 pro
865 2476 989 2546 ipso
1014 2478 1239 2533 Osiride
1273 2481 1458 2534 haberi
1495 2481 1612 2535 vult
1639 2484 1792 2535 Baur
1818 2482 2194 2553 (Naturrelig.
2225 2482 2279 2533 d.
2313 2480 2653 2533 Alterthums
2686 2479 2764 2547 11,
2792 2482 2841 2534 1.

559 2581 614 2632 p.
649 2561 780 2629 38),
836 2561 891 2614 id
920 2563 1139 2632 quidem
1167 2582 1444 2637 nunquam
1474 2566 1599 2619 mihi
1641 2566 1968 2636 persuaderi
2000 2566 2208 2636 patiar,
2262 2566 2358 2636 qui
2389 2583 2532 2636 quae
2565 2564 2633 2616 de
2669 2561 2843 2616 nomi-

562 2646 683 2714 nis,
742 2646 891 2716 quod
935 2647 1023 2700 hic
1068 2667 1163 2703 rex
1204 2651 1381 2719 gerit,
1447 2653 1661 2704 ratione
1716 2651 1835 2704 sive
1890 2657 2068 2719 etymo
2124 2652 2481 2720 protulerunt
2522 2647 2626 2701 viri
2675 2645 2844 2709 docti,

565 2731 963 2801 Aegyptiorum
1023 2736 1293 2788 sermonis
1345 2737 1703 2806 peritioribus
1751 2735 2066 2805 relinquere
2111 2736 2286 2789 malim
2338 2733 2727 2800 diiudicanda,
2791 2728 2845 2781 id

566 2832 734 2868 unum
765 2824 915 2868 certo
947 2818 1119 2870 statui
1148 2836 1318 2888 posse
1350 2829 1523 2889 ratus,
1555 2820 1827 2873 Herodoti
1858 2821 2230 2874 Sesostridem
2262 2819 2470 2873 nullum
2502 2819 2664 2871 alium
2696 2834 2841 2879 esse,

567 2900 678 2952 nisi
707 2918 856 2969 eum,
905 2919 1065 2970 quem
1110 2903 1232 2972 ipsa
1264 2902 1663 2973 Aegyptiorum
1696 2917 2041 2958 monumenta
2078 2912 2185 2958 tam
2216 2908 2542 2975 frequenter
2583 2902 2843 2956 exhibent

566 2983 753 3035 addito
795 2985 1012 3037 nomine
1047 2988 1281 3053 namsia,
1335 3005 1606 3057 quemque
1650 2991 1883 3042 eundem
1924 2990 2163 3043 decimae
2197 3008 2376 3043 nonae
2418 2988 2716 3057 dynastiae
2756 3004 2839 3039 re-

566 3084 686 3134 gem
717 3066 889 3118 tradit
921 3068 1217 3134 Manetho‚
1270 3076 1333 3123 ut
1361 3088 1533 3140 supra
1570 3072 1824 3127 vidimus.
1891 3075 2071 3129 Cuius
2103 3082 2336 3129 aetatem
2363 3073 2681 3127 accuratius
2714 3088 2841 3124 con-

568 3150 803 3202 stituere
846 3158 1109 3222 certoque
1150 3153 1380 3205 definire
1425 3156 1474 3206 si
1523 3155 1786 3225 velimus,
1852 3159 1953 3211 hoc
1995 3161 2103 3213 erit
2143 3161 2470 3226 tenendum,
2527 3176 2559 3210 a
2599 3157 2840 3210 Diodoro

472 3236 483 3247 '
571 3239 781 3304 septem
822 3242 950 3305 post
979 3236 1281 3292 Moeridem
1316 3239 1773 3306 generationibus
1818 3242 2085 3317 (γενεαῖς)
2131 3244 2275 3298 hunc
2307 3245 2553 3298 Sesoosin
2597 3262 2644 3295 s.
2691 3245 2843 3296 Seso-

568 3321 703 3377 strin
729 3319 864 3390 poni
891 3319 1053 3373 aliter
1076 3328 1242 3392 atque
1273 3323 1340 3374 ab
1369 3324 1688 3393 Herodoto,
1736 3327 1832 3396 qui
1862 3328 2101 3381 Moeridi
2132 3330 2433 3399 proximum
2466 3328 2692 3382 videtur
2735 3324 2841 3379 col-

567 3405 769 3459 locare.
834 3406 1024 3468 Quare
1055 3407 1314 3461 Larcher.
1353 3408 1452 3480 (T.
1474 3408 1599 3462 VII.
1635 3416 1774 3479 p.86
1792 3430 1950 3481 seqq.
1978 3412 2128 3482 576),
2166 3414 2434 3467 Herodoti
2466 3412 2844 3466 auctoritatem

573 3498 834 3558 secutus,
877 3491 1026 3544 intra
1067 3510 1242 3546 annos
1290 3499 1638 3555 1356—1312
1670 3512 1720 3548 a.
1754 3495 1886 3549 Chr.
1919 3515 1974 3548 n.
2017 3498 2175 3567 ponit
2218 3515 2447 3567 regnum
2478 3497 2843 3560 Sesostridis3

575 3595 604 3629 e
636 3576 900 3628 Boeckhii
933 3576 998 3648 (Ι.
1025 3576 1062 3629 l.
1102 3596 1157 3648 p.
1189 3582 1312 3639 679.
1344 3579 1477 3647 775)
1506 3581 1913 3649 computatione
1945 3581 2089 3634 intra
2121 3599 2249 3635 ann.
2284 3586 2629 3642 1411—1345
2658 3599 2711 3634 a.
2744 3579 2842 3632 Ch.

574 3679 629 3712 n.
677 3661 1092 3714 subsistendum
1136 3662 1259 3715 erit.
1329 3664 1558 3716 Bunsen
1592 3664 1629 3716 l.
1674 3664 1710 3717 Ι.
1760 3665 1990 3718 eundem
2023 3683 2291 3735 regnasse
2336 3668 2535 3720 statuit
2574 3683 2755 3737 usque
2782 3661 2843 3715 ad

574 3761 776 3797 annum
814 3751 982 3813 1322,
1025 3763 1133 3817 quo
1165 3747 1535 3816 Menephthah
1581 3749 1727 3803 filius
1770 3751 2136 3819 successerit,
2184 3752 2343 3804 initio
2374 3751 2666 3819 dynastiae
2704 3749 2843 3802 ded-

574 3845 690 3881 mae
736 3847 915 3882 nonae
956 3833 1023 3883 ab
1067 3850 1211 3885 anno
1248 3835 1382 3892 1409
1417 3851 1467 3884 a.
1501 3834 1603 3885 ch.
1651 3853 1706 3886 n.
1755 3834 1939 3888 ducto.
1999 3836 2302 3906 (Brngsch.
2333 3835 2719 3889 Reisebericht
2749 3850 2847 3886 aus

575 3912 814 3981 Aegypt.
847 3934 901 3984 p.
933 3920 1040 3974 244
1056 3918 1246 3987 seqq.)
1273 3918 1488 3970 Ramsis
1521 3918 1575 3968 11
1611 3936 1841 3987 regnum
1874 3921 2049 3972 medio
2079 3921 2300 3974 saeculo
2333 3920 2540 3974 decimo
2572 3906 2769 3991 quinto
2798 3934 2846 3969 a.

578 3994 681 4047 ch.
725 4013 779 4047 ιι.
818 3999 997 4053 fuisse
1041 4001 1215 4070 ponit.
1285 4002 1597 4069 Letronne,
1644 4010 1707 4055 ut
1739 4003 1901 4057 video
1937 4023 2003 4057 ex
2032 4004 2136 4071 iis,
2181 4023 2321 4076 quae
2357 4004 2607 4058 exhibuit
2638 4005 2849 4057 Bruuet

577 4080 644 4132 de
674 4078 867 4133 Presle
910 4083 1150 4137 Examen
1197 4085 1295 4136 des
1341 4087 1630 4153 dynasties
1669 4096 1773 4141 etc.
1812 4108 1867 4159 p.
1909 4094 2029 4157 194,
2076 4091 2202 4143 inde
2248 4093 2316 4143 ab
2360 4108 2505 4143 anno
2538 4094 2675 4149 1569
2721 4095 2845 4140 ante

579 4165 713 4217 Chr.
749 4183 803 4216 n.
837 4165 1207 4221 Sesostridem
1236 4178 1555 4236 regnantem
1590 4181 1871 4243 posuerat.
1950 4174 2245 4228 Sufficiant
2278 4176 2448 4242 haec,
2497 4190 2639 4243 quae
2678 4190 2847 4243 quan-

719 4365 771 4430 *)
813 4366 1022 4416 Ram-ses
1057 4366 1127 4416 ab
1163 4366 1502 4421 Uhlemanno
1540 4372 1711 4437 (Thot
1737 4374 1823 4425 od.
1851 4375 1939 4425 die
1958 4373 2383 4424 wissenschaft.
2414 4374 2466 4424 d.
2495 4372 2594 4423 alt.
2617 4372 2846 4437 Aegypt.

574 4434 768 4496 p.187
800 4422 939 4500 not.)
979 4436 1283 4502 explicatur
1319 4440 1426 4489 Ra·
1407 4457 1566 4505 -ηιαε,
1607 4443 1643 4491 i.
1684 4458 1732 4495 e.
1771 4443 1902 4496 Solis
1930 4444 2086 4508 filius.
