3109 5092
1353 403 1610 465 CLIO.
1657 406 1708 465 I.
1757 415 1841 467 10.
2651 411 2732 474 27

448 573 734 666 δαύλης,
783 576 927 646 ἐπεὶ
964 573 1193 646 ἐδόκεε
1230 572 1373 669 ὥρη
1414 587 1532 671 τῆς
1576 588 1799 670 κοίτης
1846 580 2053 667 εἶναι,
2107 580 2317 672 ἤγαγε
2351 582 2472 654 τὸν
2505 586 2732 674 Γύγεα

444 690 515 765 ἐς
538 679 613 752 τὸ
639 696 918 772 οἴκημα·
966 684 1077 750 καὶ
1113 712 1278 773 μετα
1310 691 1519 756 ταῦτα
1547 683 1792 757 αὐτίκα
1818 692 2042 775 παρῆν
2069 689 2180 756 καὶ
2211 683 2253 777 ἡ
2279 688 2474 778 γυνή.
2538 693 2725 761 ἐσελ-

444 794 711 860 θοῦσαν
763 788 842 858 δὲ
886 789 999 857 καὶ
1041 800 1350 859 τιθεῖσαν
1388 818 1470 860 τα
1520 796 1757 880 εἵματα
1803 792 2074 878 ἐθηεῖτο
2129 787 2165 861 ὁ
2207 792 2448 882 Γύγης.
2515 790 2604 875 ὥς
2653 795 2728 865 δὲ

444 922 613 964 κατα
642 892 868 966 νώτου
911 893 1210 981 ἐγένετο,
1258 892 1488 984 ἰούσης
1522 900 1639 985 τῆς
1673 893 1996 981 γυναικὸς
2026 898 2095 976 ἐς
2127 892 2252 984 τὴν
2283 904 2546 991 κοίτην,
2591 893 2723 969 ὓπ-

446 995 646 1078 εκδύς
681 996 925 1089 ἐχώρεε
956 1001 1102 1081 ἔξω.
1174 1001 1285 1068 καὶ
1329 993 1371 1088 ἡ
1415 997 1593 1088 γυνὴ
1639 1003 1850 1091 ἐπορᾷ
1893 1028 2013 1087 μιν
2060 998 2337 1083 ἐξιόντα.
2414 1009 2728 1090 μαθοῦσα

444 1102 519 1172 δὲ
565 1101 639 1174 τὸ
693 1101 986 1193 ποιηθὲν
1047 1105 1120 1171 ἐκ
1167 1109 1289 1174 τοῦ
1336 1099 1619 1192 ἀνδρὸς,
1690 1100 1844 1173 οὔτε
1893 1100 2239 1191 ἇνέβωσεν
2282 1111 2726 1195 αἰσχυνθεῖσα

442 1204 598 1277 οὔτε
646 1212 833 1291 ἔδοξε
868 1218 1154 1295 μαθεῖν,
1206 1210 1282 1278 ἐν
1316 1204 1450 1302 νόῳ
1493 1213 1738 1295 ἔχουσα
1777 1214 2088 1278 τίσεσθαι
2132 1206 2251 1280 τὸν
2292 1210 2721 1281 Κανδαύλεα.

444 1309 623 1399 παρὰ
672 1310 800 1400 γὰρ
836 1327 1007 1382 τοῖσι
1042 1318 1327 1383 Λυδοῖσι
1347 1366 1365 1395 ,
1429 1310 1673 1399 σχεδὸν
1718 1312 1792 1381 δὲ
1845 1314 1958 1382 καὶ
2012 1310 2195 1403 παρὰ
2243 1330 2414 1385 τοῖσι
2460 1313 2721 1385 ἄλλοισι

439 1415 873 1506 βαρβάροισι,
933 1419 1045 1485 καὶ
1089 1413 1309 1509 ἄνδρα
1347 1412 1650 1505 ὀφθῆναι
1687 1412 1981 1505 γυμνὸν,
2042 1419 2109 1497 ἐς
2147 1417 2477 1508 αἰσχύνην
2512 1419 2718 1508 μεγά-

436 1618 677 1684 111,75),
704 1620 1029 1683 Dionysium
1056 1620 1112 1674 h.
1137 1621 1174 1671 1.
1207 1622 1288 1673 ita
1322 1622 1525 1688 legisse
1608 1637 1743 1671 -.nar
1788 1619 1858 1671 ad
1893 1620 2138 1685 Euripid.
2175 1621 2460 1704 Hippolyt.
2499 1624 2622 1674 462.
2661 1639 2715 1688 p.

432 1691 667 1754 putabat
708 1689 1128 1741 Valckenarius:
1168 1678 1249 1775 ἦν
1302 1681 1526 1773 ἕτοιμος
1630 1692 1751 1741 217.
1790 1687 2004 1755 μαθεῖν
2039 1691 2234 1755 scripsi
2283 1690 2402 1755 (pro
2452 1688 2715 1758 μαθέειν)

432 1756 652 1810 ποιέειν
671 1759 866 1823 ταῦτα,
905 1761 1019 1812 vel:
1049 1756 1268 1811 ποιέειν
1288 1748 1364 1827 ἦν
1382 1754 1522 1812 ἕτοῐ-
1626 1762 1874 1819 meliores
1905 1761 2073 1811 libros
2108 1766 2348 1811 secutus.
2390 1761 2549 1811 Conf.
2588 1763 2717 1812 Bre-

430 1844 555 1886 ιιος.
614 1831 723 1881 Sed
769 1831 907 1881 bene
951 1833 1207 1896 opposuit
1250 1833 1520 1899 Schweig-
1624 1832 1749 1882 dov,
1800 1847 1853 1896 p.
1905 1830 2034 1881 325:
2091 1847 2198 1893 quo
2258 1831 2446 1881 eodem
2495 1835 2718 1882 auctore

429 1900 621 1980 haeus‘.
658 1900 704 1961 Ι,
734 1902 819 1951 70.
853 1902 919 1962 V,
953 1900 1038 1952 31.
1073 1903 1399 1967 Scripsimus
1425 1919 1518 1954 au·
1623 1903 1790 1953 etiam
1840 1918 1962 1966 cap.
2023 1900 2058 1949 9
2113 1899 2304 1950 lubens
2351 1901 2716 1964 reposuissem

427 1976 540 2020 tem
587 1961 835 2035 ἑτοῖμος.
894 1987 1014 2021 cum
1061 1973 1227 2038 vulgo
1274 1973 1519 2024 scribant
1622 1969 1927 2034 διαφυγεῖν
1962 1986 2060 2033 pro
2107 1967 2464 2033 διαφυγέειν,
2515 1971 2622 2020 nisi
2660 1976 2715 2021 et

428 2034 678 2103 ἕτοιμος,
745 2040 842 2091 sed
902 2041 1034 2093 illud
1092 2043 1283 2093 Ionum
1353 2049 1517 2110 atque
1620 2041 1676 2093 h.
1740 2040 1776 2093 l.
1828 2045 1884 2091 et
1938 2040 2063 2090 aliis
2111 2055 2407 2091 consensus
2453 2039 2712 2092 librorum

426 2111 653 2162 Dorum.
716 2111 935 2162 Laudat
988 2114 1086 2162 Cr.
1142 2113 1385 2164 Boeckh.
1447 2115 1518 2165 ad
1622 2112 1893 2173 obstaret,
1950 2116 2234 2176 utramque
2285 2110 2514 2160 formam
2567 2112 2713 2176 apud

425 2180 648 2231 Pindar.
698 2180 1143 2246 Olymp.11,83
1180 2200 1262 2249 sq.
1300 2200 1355 2248 p.
1393 2183 1515 2235 389.
1621 2181 1960 2233 Herodotum
1984 2182 2168 2232 inusu
2198 2181 2371 2232 fuisse
2405 2187 2712 2234 monstran-

427 2250 655 2316 Gregor.
695 2251 939 2302 Corinth.
987 2253 1053 2303 de
1091 2253 1312 2305 dialect.
1356 2270 1411 2318 p.
1449 2256 1511 2305 21
1620 2253 1775 2303 tium.

429 2320 516 2371 ed.
562 2320 839 2374 Schaefer.
915 2323 983 2372 In
1032 2340 1153 2389 sqq.
1209 2324 1280 2375 ad
1327 2339 1515 2375 vocem
1691 2312 1758 2379 ἐς
1793 2312 2076 2386 αἰσχύνην
2123 2313 2372 2385 μεγάλην
2420 2317 2603 2385 φέρει]
2653 2311 2709 2373 ἐς

425 2387 629 2453 κοίτην
665 2391 739 2442 cf.
778 2396 923 2444 nott.
961 2393 1030 2444 ad
1066 2409 1187 2455 cap.
1228 2396 1281 2446 9.
1618 2393 1870 2444 meliores
1907 2392 2031 2442 libri
2063 2392 2318 2453 retinent,
2350 2391 2596 2455 quamvis
2621 2390 2708 2442 vel

497 2449 791 2524 ἕθηειτο“
766 2476 797 2509 o
831 2453 1045 2528 Γύγης]
1084 2453 1314 2519 ἐθηεῖτο
1362 2480 1514 2531 prae·
1619 2466 1736 2514 sine
1776 2462 2081 2514 sententiae
2119 2462 2317 2511 damno
2357 2462 2550 2512 abesse
2584 2478 2708 2526 pos-

423 2530 559 2580 bent
617 2531 896 2582 Mediceus
953 2532 1091 2583 liber
1137 2533 1358 2601 aliique.
1434 2534 1514 2585 Ac
1617 2536 1690 2585 sit
1721 2538 1884 2598 atque
1915 2549 1975 2582 re
2009 2548 2141 2582 vera
2177 2532 2340 2582 absit.
2361 2531 2446 2581 Cf.
2472 2531 2707 2583 Wessel.

424 2599 604 2649 tenuit
678 2601 1242 2667 Schweighaeuserus.
1333 2603 1511 2669 Vulgo
1619 2604 1689 2655 ad
1722 2603 1776 2652 h.
1817 2602 1854 2654 l.
1895 2602 2041 2651 infra
2072 2602 2176 2661 III,
2216 2600 2338 2652 133.
2380 2602 2477 2649 Cr.
2514 2601 2709 2650 laudat

424 2669 641 2735 quidem
715 2661 960 2734 ἔθηῆτο.
1036 2689 1198 2738 quam
1283 2674 1509 2725 formam
1618 2671 1924 2735 Thucydid.
1982 2670 2067 2729 Π,
2117 2672 2183 2722 37
2234 2670 2347 2729 fin„
2397 2669 2493 2718 ubi
2551 2672 2706 2720 Gott-

424 2740 737 2790 mendosam
776 2757 897 2791 esse
942 2744 1128 2794 docuit
1172 2744 1405 2795 Bredov.
1452 2761 1506 2809 p.
1613 2743 1827 2794 leberus
1861 2740 2134 2791 Platonici
2178 2739 2289 2789 loci
2333 2738 2613 2788 admonuit
2650 2740 2707 2789 in

422 2810 494 2861 46
530 2810 596 2860 de
629 2811 792 2861 huius
832 2814 981 2863 verbi
1017 2813 1207 2864 formis
1236 2814 1381 2879 apud
1402 2816 1510 2865 He·
1613 2815 1897 2863 Menexen.
1949 2811 2031 2861 19.
2087 2811 2271 2876 Atque
2310 2810 2378 2858 iis
2410 2807 2574 2868 locis,
2614 2810 2706 2859 ubi

420 2879 670 2930 rodotum
706 2887 962 2932 accurate
999 2884 1304 2949 disputans,
1341 2886 1510 2935 omni-
1613 2884 1770 2934 abest
1821 2880 2188 2946 praepositio,
2244 2873 2442 2942 φέρειν
2493 2883 2577 2928 est
2623 2880 2706 2942 af-

421 2950 526 2999 bus
568 2949 705 3000 locis
750 2951 954 3004 allatis.
1006 2956 1100 3005 Gr.
1151 2955 1217 3005 de
1254 2955 1341 3005 his
1384 2971 1508 3005 oon·
1607 2954 1772 3015 ferre,
1807 2956 2035 3017 manere.
2098 2951 2213 3007 Nec
2250 2948 2411 2999 aliter
2447 2948 2562 2998 fere
2599 2948 2705 2999 hoc

421 3019 529 3068 suli
563 3020 714 3070 iubet
758 3021 1037 3073 Maittaire
1081 3024 1148 3074 de
1192 3024 1411 3075 dialect.
1451 3041 1503 3089 p.
1611 3024 1733 3074 loco
1763 3023 1992 3073 reddere
2028 3019 2183 3071 licet:
2223 3019 2392 3081 „Nam
2427 3019 2571 3082 apud
2593 3020 2702 3083 Ly-

422 3088 524 3141 129
568 3089 653 3139 ed.
707 3090 887 3144 Stura.
935 3094 1110 3146 Koen.
1162 3095 1232 3145 ad
1276 3095 1504 3162 Gregor.
1610 3095 1704 3144 dos
1740 3109 1803 3142 ac
1829 3094 1950 3156 sere
1982 3095 2130 3142 etiam
2157 3090 2299 3153 apud
2330 3098 2562 3140 caeteros
2579 3088 2702 3138 bar-

417 3159 667 3211 Corinth.
744 3162 899 3214 ‚223
934 3164 1020 3215 ed.
1060 3164 1279 3217 Schaef.
1609 3164 1766 3214 baron
1816 3167 1895 3214 vel
1939 3167 2050 3213 viro
2091 3175 2314 3226 maynum
2365 3162 2415 3208 in
2461 3159 2702 3222 probrum

487 3226 763 3286 μαθοῦσα
798 3224 862 3281 δὲ
906 3225 969 3282 τὸ
1008 3227 1263 3298 ποιηθὲν
1298 3223 1365 3282 ἐκ
1402 3233 1505 3283 τοῦ
1605 3237 1846 3287 vertitur.
1896 3248 1940 3281 s.
1986 3246 2209 3295 maymnn
2257 3230 2416 3294 affert
2461 3229 2699 3291 dedecus,

411 3288 651 3365 ἆνδοός]
700 3301 737 3349 ἱ.
787 3318 832 3351 e.
896 3319 1066 3367 „quae
1120 3313 1180 3354 ut
1229 3307 1499 3358 intellexit.
1606 3304 1743 3368 quod
1774 3303 1937 3353 nudus
1973 3302 2325 3363 conspiciatur.
2335 3298 2371 3326 “
2439 3298 2527 3348 Ad
2577 3314 2700 3348 sen

411 3369 539 3430 quid
578 3385 611 3418 a
644 3373 824 3421 marito
873 3380 1033 3423 actm
1077 3381 1226 3427 esset.
1235 3373 1270 3402 “
1344 3374 1500 3436 Quod
1605 3374 1834 3424 tentiam
1894 3372 2000 3422 hoo
2064 3370 2188 3421 loco
2252 3383 2623 3443 expressam
2624 3367 2698 3417 cf.

408 3453 603 3488 moneo
650 3445 872 3506 propter
913 3444 1372 3507 praepositionem
1421 3434 1498 3503 ἔκ,
1604 3460 1744 3501 auae
1782 3444 1965 3507 Gvges
1998 3440 2269 3505 eloquitur
2304 3453 2425 3502 cap.
2463 3437 2545 3486 8.·
2563 3423 2702 3514 ἅμα

408 3522 442 3556 a
477 3509 755 3560 nonnullis
790 3511 929 3562 male
976 3512 1329 3564 intellectam.
1395 3514 1500 3563 Eo·
1604 3506 1667 3562 δὲ
1703 3509 1917 3562 κιθῶνι
1957 3500 2280 3586 ἐκδυομένῳ
2332 3495 2702 3554 συνεκδύεται

408 3576 533 3625 dem
565 3579 726 3629 modo
761 3569 820 3629 ἒιι
854 3582 907 3631 in
935 3584 1230 3646 prooemio,
1263 3582 1356 3631 ubi
1384 3582 1494 3632 vid.
1600 3578 1696 3631 καὶ
1731 3575 1837 3648 τὴν
1872 3574 2018 3628 αἰδῶ
2054 3567 2228 3639 γυνή,
2283 3576 2438 3624 cuius
2481 3577 2699 3623 senten·

341 3645 347 3649 ’
477 3636 609 3695 οὔτε
676 3639 1015 3711 ἆνέβωσεν
1094 3648 1494 3731 αἰσχυνθεισα]
1598 3653 1710 3701 tiae
1757 3667 1789 3700 a
1832 3645 2128 3698 Plutarcho
2191 3645 2360 3708 Nupt.
2407 3644 2695 3705 Praecept.

401 3706 708 3780 ἆνέβωσεν.
750 3725 813 3769 ut
847 3720 892 3775 1,
925 3721 958 3771 8
992 3712 1259 3781 ααβιόσας
1286 3720 1408 3772 coll.
1448 3722 1493 3781 Ι,
1598 3738 1653 3784 ιι.
1693 3720 1793 3771 130
1826 3718 1888 3769 C.
1925 3717 2269 3777 vituperatae
2309 3714 2577 3764 rationem
2603 3712 2696 3763 hic

402 3783 776 3845 68.146.11
814 3789 931 3840 121.
990 3791 1087 3851 VI,
1138 3791 1231 3841 131
1279 3791 1493 3857 (ibique
1599 3790 1758 3854 quasi
1792 3787 1970 3838 reddit
1997 3785 2329 3837 Herodotus.
2372 3785 2488 3835 Nec
2514 3783 2693 3833 minus

398 3853 684 3911 Wesssselm)
731 3858 829 3918 IX,
878 3858 963 3911 53.
1036 3829 1122 3910 D'e
1168 3860 1271 3911 hac
1318 3860 1492 3911 forma
1595 3859 1703 3910 huc
1739 3859 1951 3910 faciunt
1983 3856 2107 3917 loci,
2148 3871 2284 3916 quos
2334 3857 2430 3907 Cr.
2486 3853 2694 3904 adscri-

398 3927 688 3974 contracta
745 3929 925 3978 omnia
976 3930 1201 3986 praebet
1254 3930 1489 3981 Bredov.
1595 3930 1731 3995 psit:
1769 3928 2019 3980 Platonis
2061 3928 2118 3977 in
2147 3928 2228 3977 Re
2261 3925 2412 3991 publ.
2451 3925 2519 3985 V,
2545 3924 2595 3975 3.
2635 3940 2689 3988 p.

396 4008 449 4047 1¹
510 3992 628 4045 195.
676 3996 779 4046 215
821 4002 875 4047 et
932 3998 1184 4050 Dindorf.
1232 4017 1286 4065 p.
1332 4001 1489 4052 VIII.
1596 4002 1700 4050 452
1739 4000 1799 4051 C.
1834 4014 1903 4078 p.
1950 3998 2046 4049 221
2094 3996 2301 4048 Bekka
2352 4027 2424 4035 —
2479 3984 2549 4042 οὗ
2586 4005 2690 4042 πο-

394 4062 617 4113 Laudat
668 4066 763 4114 Cr.
824 4067 1104 4119 Maittaire
1149 4070 1217 4120 de
1269 4068 1487 4121 dialect.
1593 4061 1659 4117 λῦ
1625 4085 1694 4123 τις
1749 4059 1981 4134 χρόνος,
2018 4058 2091 4147 ἒξ
2139 4053 2209 4115 οὗ
2258 4066 2381 4121 τοῖς
2417 4050 2694 4127 Ἕλλησιν

391 4147 448 4190 ιι.
492 4132 597 4183 158
619 4133 706 4185 ed.
735 4135 919 4188 Stnrz.
952 4142 1006 4187 et
1038 4139 1259 4191 Homer.
1286 4138 1487 4190 Odvss.
1593 4128 1657 4186 36
1621 4131 1778 4188 δόκει
1836 4127 2044 4201 αἰσχρα
2102 4128 2252 4184 εἶναι
2320 4128 2416 4182 καὶ
2473 4128 2687 4209 γέλοια,

391 4201 612 4261 1‚378:
660 4194 1091 4267 ἐπιβώσομαι,
1139 4208 1485 4259 ubief.1·3u-
1587 4197 1733 4271 ἅπερ
1798 4205 1908 4255 νῦν
1973 4207 2116 4261 τοῖς
2182 4202 2481 4258 πολλοῖς
2552 4197 2688 4281 τοῦ]

390 4270 565 4321 stath.
606 4288 659 4335 ιι.
711 4272 781 4324 66
834 4290 999 4339 supra
1055 4245 1140 4330 eid.
1188 4277 1361 4329 Basil.
1419 4294 1482 4327 ex
1587 4269 1981 4342 βαρβάρων,
2011 4265 2264 4339 γυανούς
2299 4261 2520 4335 “wlede
2556 4259 2690 4329 0οἆ-

386 4356 501 4404 quo
527 4341 871 4393 phavorinus
908 4361 965 4405 p.
987 4346 1082 4395 701
1113 4347 1211 4398 lin.
1237 4347 1305 4397 38
1328 4363 1479 4410 sequ.
1588 4345 1756 4403 σθαι·
1815 4350 1980 4404 atque
2044 4340 2293 4405 Tlmcyd.
2355 4342 2402 4401 Ι,
2467 4340 2501 4389 6
2560 4353 2684 4388 cum

386 4410 563 4459 -In
611 4426 761 4476 ⁸0qq·
810 4406 973 4473 ἔδοξε
1018 4420 1129 4465 est:
1179 4418 1480 4477 ῃείηιιιὶαυίι,
1585 4416 1835 4475 sclioliis,
1883 4411 2114 4464 Hesiodi
2172 4409 2286 4473 (qui
2339 4408 2551 4459 natalia
2585 4421 2683 4455 nu-

384 4494 448 4529 se
485 4480 774 4532 nesciisse.
780 4481 815 4509 ‘⁴
850 4482 1087 4535 Laudat.
1119 4486 1213 4535 Cr.
1250 4484 1481 4536 Valcke-
1583 4486 1701 4536 dari
1744 4481 1923 4548 vetat)
1954 4471 2111 4545 Ἔργ.
2159 4479 2280 4531 730.
2357 4475 2587 4543 Tyrtaei
2633 4474 2679 4533 I,
