3109 5092
534 334 658 397 524

1402 281 1943 398 {IERODOTI

531 513 836 602 λέγουσι·
898 513 1178 595 τούτους
1222 515 1299 584 δὲ
1336 508 1586 602 ὁμοίως
1623 507 1915 591 ἅπαντες
1962 510 2299 599 σέβονται.
2386 504 2536 580 ὅσοι
2577 509 2657 579 δὲ
2694 515 2827 581 τοῦ

538 618 899 708 Μένδητος
941 624 1249 707 ἔκτηνται
1293 615 1442 707 ἱρὸν
1489 610 1531 704 ἢ
1573 621 1789 704 νομοῦ
1826 621 1948 684 τοῦ
1974 619 2379 702 Μενδησίου
2422 615 2584 700 εἰσὶ,
2627 602 2823 686 οὗτοι

539 724 616 793 δὲ
653 724 870 810 αἰγῶν
900 717 1305 810 ἀπεχόμενοι
1349 719 1448 802 ὄϊς
1488 719 1764 790 θύουσι.

1839 726 2123 809 Θηβαῖοι
2164 715 2291 806 μέν
2316 745 2488 802 νυν,
2528 719 2642 786 καὶ
2668 713 2819 789 ὅσοι

541 824 654 896 διὰ
702 822 984 906 τούτους
1036 822 1205 896 ὀΐων
1256 822 1658 914 ἀπέχονται,
1719 820 1834 893 διὰ
1888 822 2049 893 τάδε
2102 820 2375 908 λέγουσι
2435 815 2555 890 τὸν
2605 820 2824 910 νόμον

536 929 739 1001 τόνδε
795 951 918 1018 σφι
958 934 1244 1017 τεθῆναι
1264 951 1278 967 ·

1351 925 1683 1018 Ἡρακλέα
1726 931 2012 1014 θελῆσαι
2066 926 2334 1006 πάντως
2375 922 2645 995 ἰδέσθαι
2696 922 2824 996 τὸν

541 1041 714 1120 Δία,
760 1030 1018 1102 καὶτὸν
1046 1029 1173 1102 οὐκ
1202 1030 1475 1103 ἐθέλειν
1500 1027 1806 1120 ὀφθῆναι
1834 1024 1956 1099 ὑπ’
1992 1026 2223 1100 αὐτοῦ.
2298 1027 2484 1108 τέλος
2516 1027 2624 1114 δὲ,
2670 1031 2829 1099 ἐπεί

542 1165 614 1206 τε
675 1134 1023 1225 λιπαρέειν
1068 1133 1187 1206 τὸν
1217 1132 1582 1225 Ἡρακλέα,
1638 1131 1758 1204 τὸν
1813 1140 1949 1202 Δία
2003 1130 2555 1223 μηχανήσασθαι,
2623 1131 2825 1221 κριὸν

545 1243 979 1329 ἐκδείραντα,
1055 1238 1473 1328 προέχεσθαί
1524 1266 1597 1307 τε
1659 1234 1786 1326 τὴν
1843 1234 2149 1324 κεφαλῆν
2211 1233 2638 1323 ἀποταμόντα
2696 1242 2825 1306 τοῦ

542 1349 775 1432 κριοῦ,
823 1344 935 1411 καὶ
967 1341 1259 1412 ἐνδύντα
1284 1340 1358 1412 τὸ
1399 1341 1639 1427 νάκος,
1681 1335 1858 1410 οὕτω
1892 1334 1963 1409 οἷ
1985 1337 2241 1409 ἑωυτὸν
2275 1337 2592 1422 ἐπιδέξαι.
2660 1336 2827 1410 Ἀπὸ

539 1545 861 1610 opinentur,
898 1560 1056 1595 nemo
1087 1543 1293 1594 infitias
1325 1544 1506 1607 iverit,
1539 1544 1631 1609 qui

541 1630 681 1682 quae
718 1615 786 1666 de
818 1613 1036 1666 Osiride
1060 1615 1320 1680 Aegyptii
1358 1618 1630 1675 enarrent,

542 1700 681 1751 quae
715 1684 796 1735 illi
832 1685 1091 1735 instituta
1143 1684 1254 1733 sint
1302 1699 1492 1745 sacra,
1550 1699 1630 1733 re-

540 1756 815 1821 putaverit
861 1758 917 1805 et
962 1770 1082 1804 cum
1127 1754 1196 1803 iis
1245 1754 1628 1818 composuerit,

538 1840 679 1889 quae
706 1824 774 1875 de
800 1825 1129 1876 Graecorum
1153 1824 1400 1888 Dionyso
1424 1823 1632 1873 tradita

534 1895 866 1960 accepimus.
938 1894 1016 1945 Ut
1050 1894 1193 1944 enim
1221 1892 1522 1959 Aegyptios
1547 1897 1631 1942 ta-

534 1965 610 2015 lia
632 1980 666 2014 a
684 1963 908 2017 Graecia
935 1963 1217 2028 accepisse
1237 1962 1472 2024 credam,
1492 1977 1628 2012 nun-

537 2048 698 2100 quam
747 2039 942 2085 contra
986 2033 1336 2098 antiquitatis
1386 2033 1630 2082 testimo-

535 2105 684 2153 nium
708 2118 743 2152 a
768 2119 854 2153 me
883 2103 1177 2167 impetrare
1201 2116 1450 2167 possum3
1483 2101 1629 2165 quod

537 2171 681 2222 idem
726 2173 795 2222 de
837 2173 905 2221 iis
945 2187 1160 2238 quoque
1200 2170 1406 2221 dictum
1442 2171 1626 2233 velim,

538 2256 680 2308 quae
710 2256 832 2306 cap.
871 2256 986 2305 seq.
1029 2240 1096 2292 de
1130 2239 1369 2291 Hercule
1403 2255 1630 2290 narran-

538 2316 655 2373 tur,
685 2311 954 2361 immerito
974 2310 1230 2361 dubitata
1256 2325 1289 2359 a
1314 2310 1515 2360 Vatero
1541 2312 1627 2360 in:

538 2380 766 2432 Jahrbb.
797 2381 836 2432 f.
865 2379 1062 2431 Philol.
1089 2395 1146 2430 ιι.
1172 2378 1416 2444 Paedag.
1441 2379 1631 2445 Suppl.

537 2450 717 2502 xV11.
755 2466 809 2515 p.
846 2448 969 2502 351.

613 2542 742 2603 ὅσοι
779 2547 842 2603 δὲ
877 2551 982 2603 τοῦ
1005 2549 1339 2618 Μένδητος]
1378 2551 1637 2602 Mendesii

541 2625 688 2674 nomi
723 2623 870 2674 infra
904 2624 990 2685 11,
1031 2623 1132 2676 166
1167 2621 1229 2672 fit
1275 2622 1508 2683 menti03
1567 2622 1635 2672 de

542 2695 713 2745 sacris
765 2694 1162 2744 Mendesiorum
1216 2691 1363 2742 conf.
1412 2690 1493 2753 11,
1545 2692 1632 2744 46.

545 2764 763 2814 Mendes
806 2763 935 2814 urbs
985 2763 1041 2812 in
1092 2761 1339 2812 inferiori
1387 2762 1633 2826 Aegypto

542 2849 587 2882 8.
608 2833 774 2883 Delta
799 2839 917 2883 erat
950 2833 1075 2894 sita,
1104 2832 1199 2882 ubi
1220 2847 1363 2881 nunc
1384 2831 1634 2880 Ashmun-

550 2904 726 2952 ΤαηαΙι
762 2918 807 2955 8.
848 2901 1325 2966 ΟεΙιηιιιπ-Τίπηαρ.

600 2994 878 3064 Ἡρακλέα
932 3002 1174 3068 θελῆσαι
1234 2995 1462 3061 πάντως
1519 2999 1634 3052 ἰδέ-

546 3072 683 3122 σθαι
729 3088 782 3121 κ.
830 3089 877 3121 τ.
921 3071 994 3137 λ.]
1043 3073 1296 3123 Sufflciat
1340 3074 1631 3133 monuisse,

542 3156 683 3207 quae
708 3141 763 3191 h.
802 3140 840 3191 1.
871 3143 1117 3206 proditur
1156 3141 1369 3204 fabula,
1408 3158 1527 3192 eam
1564 3108 1634 3191 ad

542 3212 785 3262 rationes
821 3211 1077 3277 physicas
1111 3212 1456 3277 siderumque
1491 3226 1634 3261 mea-

541 3286 658 3331 tum
693 3280 869 3331 videri
907 3285 1189 3346 specht-e,
1239 3281 1505 3348 siquidem
1548 3286 1633 3330 ta-

540 3349 618 3402 lia
664 3350 975 3402 istiusmodi
1019 3349 1226 3402 fabulis
1273 3366 1307 3401 a
1355 3351 1632 3401 veteribus

543 3420 825 3472 declarata
875 3421 1046 3471 fuisse
1103 3422 1241 3480 sakis
1291 3425 1376 3471 est
1421 3426 1630 3472 notum.

543 3490 878 3557 cogitabant
929 3492 1076 3542 enim
1119 3487 1408 3542 Herculem
1464 3490 1632 3542 solem

542 3559 846 3622 vernalem,
904 3562 1000 3625 qui
1043 3561 1336 3625 quotannis
1381 3575 1508 3611 vere
1553 3562 1633 3609 in-

544 3636 708 3681 eunte
753 3645 972 3680 cursum
1020 3646 1176 3681 suum
1224 3629 1514 3680 coelestem
1553 3632 1635 3679 in—

543 3702 771 3751 stituere
815 3698 1014 3763 soleat,
1062 3716 1166 3765 quo
1204 3714 1234 3750 e
1268 3704 1416 3749 terra
1451 3699 1634 3749 omnia

544 3770 752 3820 semina
799 3770 856 3819 in
900 3767 1075 3820 altum
1116 3767 1419 3820 educantur
1470 3773 1526 3818 et
1561 3767 1632 3818 ad

544 3839 915 3889 maturitatem
946 3838 1290 3904 perveniant.
1327 3838 1414 3889 Cf.
1434 3838 1631 3889 Crenz.

543 3908 773 3970 Dionys.
801 3923 928 3974 pag.
962 3907 1059 3958 146
1085 3923 1196 3974 seq.
1272 3907 1429 3970 Quod
1454 3907 1632 3972 ipsum

544 3977 600 4025 in
636 3975 770 4026 illud
820 3979 950 4027 anni
1000 3980 1212 4041 tempus
1265 3976 1485 4038 incidit,
1540 3977 1634 4026 ubi

545 4044 628 4095 sol
673 4049 926 4096 versatur
970 4047 1030 4096 in
1074 4047 1262 4098 arietis
1310 4047 1470 4112 signo
1518 4062 1637 4097 coe-

543 4114 700 4178 lesti,
748 4114 890 4179 quod
928 4116 1155 4179 primum
1202 4118 1419 4167 omnino
1464 4117 1636 4167 fertur

544 4184 602 4234 in
630 4183 1026 4248 Aegyptiorum
1071 4186 1335 4249 Zodiaco,
1383 4185 1634 4250 quodque

543 4252 671 4320 hinc
695 4253 860 4304 etiam
891 4269 1097 4305 summo
1116 4253 1266 4304 Iovis
1286 4255 1505 4305 numine
1527 4259 1637 4305 tes

547 4324 756 4374 aeraria
790 4323 1003 4375 ratione
1030 4323 1324 4374 iudicatur.
1382 4324 1518 4374 Inde
1546 4339 1636 4374 ex-

547 4392 860 4459 plicandum
904 4393 1054 4443 Iovis
1099 4389 1309 4456 (Anum,
1372 4393 1465 4459 qui
1513 4392 1636 4444 ideo

1732 1541 2070 1609 appellatur)
2128 1547 2295 1607 capnt
2359 1542 2648 1593 arietinum
2710 1558 2829 1594 una

1733 1628 1855 1664 cnm
1890 1611 2171 1670 cornibus;
2210 1611 2339 1662 inde
2375 1614 2542 1662 etiam
2576 1618 2829 1677 repeten-

1733 1682 1833 1733 dus
1879 1681 2106 1732 interior
2151 1681 2396 1742 fabulae,
2453 1698 2613 1747 quam
2649 1683 2829 1734 Hero-

1733 1752 1895 1803 dotus
1928 1751 2153 1815 profert,
2191 1766 2410 1813 sensum
2448 1752 2505 1801 in
2542 1766 2650 1816 qua
2681 1769 2827 1818 quae

1732 1821 1987 1872 Herculis
2037 1837 2082 1870 s.
2120 1821 2286 1882 Hori,
2336 1836 2477 1886 quae
2513 1821 2663 1872 Iovis
2712 1823 2829 1874 sint

1733 1897 1946 1958 partes,
1983 1888 2358 1954 intelligimus.
2420 1891 2603 1952 Quare
2633 1908 2666 1942 ι
2691 1909 2827 1944 vero

1730 1963 1951 2011 minime
1970 1960 2241 2021 abhorret,
2265 1960 2406 2025 quod
2429 1960 2623 2012 Creuz.
2646 1961 2826 2027 (Sym-

1728 2030 1840 2082 bol.
1855 2031 1936 2081 11.
1949 2046 2003 2094 p.
2020 2028 2142 2080 206.
2154 2029 2258 2080 209
2269 2029 2408 2096 seq.)
2422 2030 2511 2081 hic
2528 2035 2825 2085 temeraria

1730 2102 1945 2152 ratione
1966 2098 2199 2149 indicari
2223 2104 2383 2164 putat
2414 2101 2657 2152 ineuntis
2677 2105 2829 2155 veris

1733 2171 1953 2221 festum.
2029 2169 2172 2230 Quin
2211 2169 2524 2234 anaglypha
2550 2170 2831 2236 Aegyptia

1732 2240 1825 2290 ille
1861 2238 2079 2298 laudat,
2116 2238 2172 2287 in
2210 2239 2407 2303 quibus
2442 2239 2553 2291 tale
2582 2242 2713 2305 quid
2738 2257 2830 2293 ex-

1731 2310 1908 2360 hiberi
1941 2311 2121 2372 putat.
2205 2308 2343 2359 Add.
2391 2307 2607 2361 Emeric
2643 2312 2829 2362 David

1734 2379 1772 2430 l.
1810 2380 1847 2430 l.
1902 2379 1952 2429 I.
1996 2393 2127 2442 pag.
2162 2377 2227 2427 91
2280 2384 2336 2429 et
2372 2379 2522 2429 Baur
2572 2380 2657 2430 in:
2717 2382 2828 2432 Τι’ἰ-

1734 2449 1887 2514 bing.
1918 2447 2234 2497 zeitschrift
2259 2447 2348 2497 fiir
2373 2447 2638 2514 Theolog.
2669 2449 2828 2503 1832.

1737 2519 1785 2569 Ι.
1823 2535 1878 2583 p.
1903 2519 1971 2567 42
2002 2533 2177 2582 seqq„
2198 2518 2264 2568 47
2291 2533 2464 2583 seqq„
2502 2521 2592 2584 qui
2624 2523 2679 2569 et
2709 2521 2831 2584 ipse

1736 2587 1806 2638 ad
1842 2585 2076 2637 siderum
2131 2587 2371 2638 rationes
2409 2587 2552 2639 hanc
2582 2590 2829 2641 fabulam

1736 2672 2002 2709 revocans
2062 2656 2131 2706 de
2186 2656 2329 2707 festo
2386 2658 2621 2723 cogitari
2664 2676 2830 2725 posse

1737 2732 1950 2787 censet,
1991 2725 2135 2791 qnod
2161 2727 2291 2776 anni
2312 2727 2471 2776 initio
2503 2729 2827 2795 celebretur,

1735 2796 2030 2847 accedente
2099 2795 2259 2845 simul
2318 2797 2523 2861 piaculi
2583 2800 2827 2860 notione,

1736 2867 1882 2931 qnod
1912 2865 2098 2916 arietis
2134 2865 2404 2916 sacrificio
2429 2883 2528 2931 pro
2551 2868 2828 2920 hominum

1738 2937 1977 3001 peccatis
2029 2935 2185 2999 quasi
2237 2934 2408 2985 oblati
2454 2952 2517 2988 eo
2564 2943 2828 3003 tempore,

1736 3021 1845 3071 quo
1877 3019 2052 3057 novus
2091 3020 2268 3055 rerum
2299 3005 2430 3056 ordo
2462 3008 2707 3072 incipiat,
2735 3008 2830 3060 de-

1737 3074 1992 3126 claretur.
2074 3074 2139 3124 In
2185 3074 2297 3125 alia
2338 3075 2501 3140 plane
2545 3078 2701 3128 abire
2741 3080 2831 3128 vi-

1737 3145 1896 3195 detur
1930 3144 2105 3196 Raoul
2140 3143 2403 3195 Rochette
2450 3146 2507 3196 in
2543 3148 2641 3208 iis,
2687 3164 2829 3212 quae

1738 3214 1806 3264 de
1839 3213 2075 3264 Hercule
2097 3214 2372 3279 Aegyptio
2405 3215 2629 3267 disserit
2658 3216 2827 3270 Mem.

1706 3284 1804 3348 ,de
1851 3273 2059 3334 l’.Acad
2109 3284 2163 3334 d.
2210 3285 2490 3350 Inscriptt.
2540 3287 2732 3350 XVII,
2770 3291 2826 3340 2.
2880 3291 2885 3296 ’

1735 3368 1865 3432 pag.
1903 3353 2008 3405 303
2046 3367 2194 3419 seqq.

1806 3414 1911 3474 roo
1954 3420 2067 3471 Δία
2124 3415 2594 3488 μηχανήσασθαι,
2658 3417 2829 3486 κριὸν

1733 3523 1805 3532 -
1829 3483 2190 3556 ποοέχεσθαί
2218 3508 2277 3542 τε
2306 3509 2356 3541 κ.
2382 3510 2429 3543 τ.
2460 3493 2534 3556 λ.]
2571 3495 2828 3546 Particu-

1732 3562 1821 3612 lae
1866 3560 2137 3612 defectum
2188 3563 2245 3612 in
2294 3563 2380 3611 his
2427 3567 2586 3612 notat
2621 3564 2823 3615 Matth.

1737 3632 1830 3682 Gr.
1868 3631 1964 3683 Gr.
2001 3647 2054 3695 p.
2098 3629 2250 3684 lm.
2334 3633 2603 3696 Equidem
2648 3633 2829 3686 influi-

1736 3701 1880 3751 tivos
1920 3707 2209 3767 sequentes
2246 3701 2317 3751 ab
2352 3702 2476 3766 ipso
2513 3703 2681 3753 verbo
2718 3718 2825 3768 μη-

1736 3761 2098 3849 χανήσασθαι
2153 3770 2388 3835 pendere
2446 3772 2691 3824 dixerim.
2756 3804 2826 3813 —

1736 3841 1843 3889 Pro
1881 3830 2234 3903 προέχεσθαι
2272 3840 2599 3908 wesseling.
2633 3842 2829 3893 maluit

1737 3907 2123 3987 προσχέσθαι,
2169 3909 2279 3960 sed.
2310 3910 2662 3977 refragantur
2698 3912 2829 3962 libri

1737 3980 1944 4044 scripti.
1951 3969 2197 4035 -νὰκος
2214 3979 2282 4029 de
2304 3980 2494 4031 arietis
2517 3977 2717 4031 vellere
2736 3996 2828 4032 ac-

1738 4048 2045 4112 cipiendum
2070 4062 2210 4112 esse,
2244 4065 2309 4098 ex
2330 4050 2590 4100 Bochart.
2616 4051 2829 4102 monuit

1738 4117 2203 4198 Wesselingiusw
2211 4119 2445 4179 ‚Dicitur
2474 4125 2655 4171 autem
2679 4112 2828 4183 νᾰκη

1739 4192 1794 4236 et
1827 4180 2027 4244 νάκος,
2064 4191 2209 4238 teste
2234 4189 2487 4239 Eustath.
2525 4190 2595 4240 ad
2624 4189 2826 4254 Odyas.

1738 4256 1853 4316 XV,
1874 4256 1993 4309 535.
2016 4271 2141 4321 pag.
2163 4256 2267 4307 560
2290 4257 2504 4308 Basil.“
2538 4260 2626 4311 Cr.
2664 4259 2829 4322 Apol·

1736 4323 1847 4374 lon.
1881 4327 2016 4376 Lex.
2051 4326 2277 4377 Homer.
2365 4327 2521 4379 ,468
2558 4327 2643 4378 ed.
2678 4327 2825 4381 Tell.

1742 4409 1927 4458 νακην
1961 4395 2183 4461 exponit
2228 4343 2357 4460 τὴνΡ
2381 4396 2487 4446 τοῦ
2532 4390 2696 4463 αἰγὸς
2731 4394 2829 4446 δο·
