3109 5092
505 390 589 451 96
1371 390 1916 452 HERODO'PI

494 567 671 655 θεῷ,
717 562 828 630 κᾶὶ
875 559 1278 652 ἐπειρώτεον
1316 560 1390 631 τὸ
1437 560 1951 654 ἐντεταλμένον,
1990 542 2298 652 ἡ”Πυθίη
2341 560 2418 633 ἐν
2460 566 2790 659 ἑξαμέτρῳ

495 665 671 761 τόνῳ
701 669 877 753 λέγει
912 666 1071 737 τάδε
1090 688 1104 702 ·

668 792 823 859 Οἶδα
870 790 923 855 δ’
975 789 1090 879 ἐγώ
1125 791 1384 877 ψάμμου
1427 788 1481 856 τ’
1531 787 1803 878 αριθμὸν
1847 796 1949 859 καὶ
1992 796 2174 881 μέτρα
2220 794 2562 877 θαλάσσης,

664 898 765 961 καὶ
811 902 1026 978 κωφοῦ
1069 902 1344 979 συνίημι,
1385 896 1485 959 καὶ
1530 891 1604 960 οὗ
1649 901 1993 976 φωνεῦντος
2040 893 2267 962 ἀκούω.

654 995 846 1082 Ὀδμή
885 995 950 1081 μ’
1000 1000 1060 1076 ἐς
1095 1002 1319 1084 φρένας
1360 986 1515 1080 ἦλθε
1559 1002 1966 1084 κραταιρίνοιο
2007 997 2269 1083 χελώνης

491 1207 550 1257 in
593 1207 822 1272 temp103
874 1205 941 1257 de
991 1221 1098 1272 quo
1148 1206 1232 1258 St.
1279 1206 1442 1256 Croix
1491 1221 1586 1256 sur

489 1275 569 1327 les
608 1276 872 1342 mysteres
909 1276 962 1326 d.
1001 1277 1307 1341 paganism.
1334 1277 1381 1326 I.
1403 1293 1455 1340 p.
1485 1275 1583 1326 137

491 1362 644 1412 seqq.
684 1346 767 1397 ed.
809 1346 1029 1407 secund.
1067 1346 1212 1394 Hinc
1247 1352 1435 1395 nostro
1460 1345 1583 1395 loco

490 1416 745 1482 Delphici
791 1415 979 1479 templi
1026 1415 1278 1464 intimum
1321 1414 1458 1464 illud
1498 1431 1586 1464 sa-

492 1485 727 1535 crarium
779 1485 1082 1550 intelligere
1123 1485 1280 1547 licet,
1324 1483 1469 1550 quod
1504 1486 1585 1534 in-

490 1555 743 1615 trabant,
791 1555 885 1619 qui
921 1554 1201 1604 oraculum
1249 1554 1584 1604 sciscitaturi

492 1630 668 1674 erant.
705 1624 865 1673 Conf.
902 1623 949 1686 1,
999 1624 1067 1675 65
1116 1624 1300 1689 ibique
1346 1628 1485 1673 nott.
1529 1628 1586 1674 et

489 1693 730 1744 Pansan.
780 1693 934 1756 VIII,
986 1694 1037 1757 6,
1087 1695 1120 1744 2
1176 1691 1291 1758 (ubi
1335 1690 1585 1758 μέγαρον

490 1755 826 1829 Διονύσου).
901 1764 1016 1814 Nec
1063 1763 1223 1813 aliter
1256 1762 1463 1813 Herod.
1504 1762 1582 1824 11,

493 1834 611 1883 141.
670 1833 787 1884 143.
837 1832 956 1884 169.
1010 1833 1129 1883 176.
1184 1833 1261 1897 V,
1307 1833 1394 1884 92.
1451 1831 1584 1894 VII,

492 1903 613 1955 140.
666 1903 805 1963 141.,
852 1918 1080 1967 quorum
1146 1902 1392 1953 locorum
1445 1903 1584 1952 bene

487 1972 734 2022 meminit
768 1971 1012 2035 Ulrichs,
1051 1974 1118 2022 de
1153 1972 1257 2022 hac
1304 1987 1438 2022 voce
1473 1988 1583 2022 mo-

487 2058 622 2092 nens
644 2043 726 2091 in:
752 2043 952 2092 Reisen
977 2043 1033 2091 in
1057 2041 1455 2093 Griechenland
1472 2047 1579 2092 etc.

488 2112 536 2161 I.
579 2129 633 2175 p.
674 2111 760 2161 79.
798 2110 887 2161 96.

558 2188 594 2260 ἡ
632 2194 836 2261 Πυθίη
882 2227 955 2237 —-
998 2195 1143 2261 λέγει
1190 2190 1349 2261 τάδε]
1394 2196 1581 2247 citant

490 2266 595 2316 hoc
634 2267 914 2316 oraculum
940 2266 1209 2316 Aristides
1247 2267 1323 2316 11.
1363 2283 1416 2330 p.
1457 2266 1578 2316 377.

487 2336 691 2385 Euseb.
746 2337 1004 2401 Praepur.
1069 2337 1285 2401 Evang.
1346 2336 1422 2398 V,
1489 2334 1577 2385 34.

490 2406 688 2455 Suidns
738 2420 783 2455 s.
836 2422 889 2456 v.
942 2404 1213 2469 Κροῖσος.
1288 2405 1582 2454 Inventum

489 2490 703 2540 quoque
739 2479 825 2525 est
854 2475 1136 2526 oraculum
1174 2474 1277 2524 hoc
1305 2476 1363 2525 in
1397 2474 1581 2539 lapide

487 2560 815 2603 mar-morem
861 2544 1005 2595 unde
1050 2546 1109 2594 in
1144 2544 1425 2611 Inscriptt.
1464 2559 1581 2594 cor-

487 2630 589 2679 pus
627 2614 816 2664 retulit
848 2614 1093 2665 Boeckh.
1134 2615 1180 2677 1,
1218 2614 1269 2666 3.
1305 2629 1431 2680 pag.
1472 2614 1578 2666 847

487 2684 612 2734 coll.
656 2685 803 2734 Rose
831 2684 1115 2749 Inscriptt.
1150 2684 1243 2735 Gr.
1279 2699 1407 2749 pag.
1451 2684 1577 2735 416.

487 2754 647 2817 Quod
682 2755 755 2804 ad
789 2769 1005 2803 versum
1039 2755 1270 2819 primum
1298 2761 1353 2803 et
1386 2768 1578 2803 secun-

487 2822 614 2873 dum
650 2825 878 2885 attinet,
915 2823 1198 2875 Gr.'addit
1233 2823 1454 2872 oracula
1494 2823 1577 2872 Si-

487 2892 697 2956 byllina
742 2893 898 2942 VIII.
960 2909 1016 2957 p.
1078 2892 1181 2942 749
1228 2907 1339 2956 seq.
1401 2892 1573 2956 (vers.

487 2962 610 3011 361.
653 2960 797 3025 373).
858 2961 944 3010 ed.
1004 2961 1126 3010 Gal.
1180 2965 1237 3009 et
1295 2953 1579 3027 Σιβύλλης

484 3022 652 3093 λόγος
703 3023 777 3078 ιδ’
815 3029 899 3080 ed.
942 3030 1073 3079 Mai.
1114 3029 1185 3079 sd
1221 3029 1359 3079 calc.
1397 3044 1451 3093 p.
1484 3029 1569 3080 53.

487 3114 569 3149 vs.
613 3100 730 3150 125.
771 3098 887 3150 135.
927 3097 1105 3160 Alios,
1152 3099 1245 3163 qui
1280 3097 1576 3148 secundum

484 3184 704 3219 versum
756 3167 1013 3227 afferunt,
1072 3167 1262 3218 laudat
1307 3167 1575 3218 Valcken.

483 3238 555 3288 ad
582 3239 831 3289 Ammon.
870 3236 938 3286 de
978 3236 1149 3288 differ.
1180 3238 1410 3288 vocabb.
1446 3253 1575 3305 pag.

488 3308 609 3359 170.
674 3307 759 3358 Ad
795 3307 959 3357 verba
996 3297 1057 3356 ἐν
1101 3296 1381 3370 ἑξαμέτρῳ
1425 3300 1575 3373 τόνῳ

484 3378 730 3429 conferre
788 3376 919 3427 licet
972 3376 1252 3427 Plutarch.
1306 3377 1573 3427 Themist.

483 3450 594 3511 26.,
630 3448 727 3497 ubi
762 3447 818 3496 iu
863 3447 966 3496 hac
1023 3446 1298 3497 locutione
1343 3445 1575 3511 simplex

483 3515 704 3568 dativus
749 3510 987 3583 (μέτρῳ)
1025 3517 1280 3580 occurrit,
1317 3518 1403 3566 cui
1427 3516 1575 3566 haud

481 3588 729 3706 22¹3,ssss
754 3587 1575 3721 §5⁶⁰2‘310?⁰{¹³2¹1¹12²5fer¹3.⁸⁸333³

817 3692 831 3718 ‚
1554 3686 1574 3695 -

482 3741 587 3790 que
625 3726 850 3789 probat,
890 3725 1256 3789 Herodotum,
1289 3726 1383 3792 qni
1416 3741 1575 3791 prae·

482 3795 810 3859 positionem
866 3793 1064 3845 addere
1132 3811 1345 3861 semper
1412 3796 1570 3858 solet,

481 3863 714 3913 laudans
765 3864 823 3924 1,
871 3864 957 3913 62.
1021 3863 1139 3914 174.
1207 3866 1280 3928 V,
1331 3865 1418 3916 60.
1478 3864 1567 3916 61.

481 3933 641 3983 Conf.
679 3934 846 3982 etiam
894 3933 959 3982 G.
1005 3933 1304 3984 Hermann.
1350 3934 1421 3984 ad
1456 3936 1568 3985 Eu-

480 4002 641 4066 ripid.
681 4000 1046 4052 Andromach.
1087 4003 1209 4055 489.

554 4080 706 4136 Οἶδα
730 4079 787 4136 δ’
829 4077 933 4150 ἐγὼ
958 4079 1197 4152 ’ψάμμου
1222 4079 1271 4138 τ’
1309 4080 1570 4153 ἀριθμὸν

477 4173 530 4207 κ.
568 4172 614 4205 τ.
654 4155 726 4221 λ.]
776 4157 881 4219 „In
927 4158 1270 4223 proverbium
1305 4159 1416 4208 fere
1455 4172 1570 4207 ces·

479 4231 670 4277 serunt
706 4226 859 4288 haec,
896 4228 1052 4278 cuius
1087 4228 1287 4278 similia
1322 4232 1567 4277 veterum

481 4297 628 4346 dicte
664 4296 810 4347 haud
837 4312 1014 4362 pauca
1049 4299 1408 4362 reperiuntur.
1437 4295 1563 4346 Vid.

478 4366 695 4417 Iacobs.
756 4366 811 4415 in
867 4367 1047 4418 Lectt.
1105 4367 1297 4418 Stobb.
1353 4380 1479 4431 pag.
1529 4366 1566 4415 6

476 4450 592 4501 seq.
625 4437 784 4489 not.“
820 4437 906 4491 Cr.
943 4437 1051 4487 Pro
1080 4428 1319 4502 ψάμμου
1358 4436 1415 4484 iu
1444 4448 1563 4485 ora-

1690 1204 1831 1257 culis
1877 1204 2160 1272 Sibyllinis
2204 1211 2389 1257 exstat
2437 1196 2690 1269 ’ψάμμων
2726 1208 2783 1253 et

1689 1291 1814 1328 mox
1850 1274 2104 1341 ξυνίημι.

1760 1358 1857 1411 καὶ
1896 1359 2104 1425 κωφοῦ
2138 1362 2388 1427 συνίημι,
2426 1355 2522 1409 καὶ
2555 1349 2623 1409 οὗ
2662 1374 2780 1423 φω-

1690 1430 1926 1488 νεῦντος
1952 1424 2171 1497 ἄκου’ω]
2212 1432 2508 1497 Gregorius
2530 1427 2777 1479 Corinth.

1689 1500 1780 1563 (de
1825 1499 2044 1551 dialect.
2093 1501 2214 1554 Ion.
2265 1504 2319 1565 §-
2373 1502 2453 1553 14.
2501 1514 2628 1564 pag.
2675 1498 2780 1549 396

1687 1568 1935 1632 Schaef.)
1971 1571 2175 1635 aliique
2196 1569 2554 1637 ‚grammatici
2590 1583 2624 1617 a
2653 1566 2780 1617 Val-

1689 1639 1848 1690 cken.
1887 1640 1925 1689 l.
1963 1640 2001 1690 1.
2046 1641 2204 1690 citati
2249 1646 2305 1690 et
2352 1655 2533 1690 orscc.
2580 1637 2776 1713 Sibyll.

1688 1709 1971 1759 exhibente
2025 1706 2121 1759 καὶ
2177 1702 2245 1759 οὐ
2293 1707 2667 1764 λαλέοντος
2717 1721 2780 1755 α-

1685 1770 1868 1839 κούως
1922 1779 2068 1844 quod
2116 1778 2365 1845 quamvis
2413 1777 2778 1830 Valckenario

1686 1846 1921 1911 placeat,
1962 1850 2183 1899 minime
2217 1854 2401 1899 tamen
2442 1846 2780 1897 Herodoteo-

1685 1932 1804 1966 rum
1852 1918 2112 1968 librorum
2168 1918 2390 1969 lectioni
2446 1917 2779 1967 substituen-

1685 1986 1813 2036 dum
1858 2003 2160 2038 censemus.
2231 1987 2422 2038 Fluxit
2461 1987 2605 2036 enim
2643 1984 2777 2035 illud

1687 2072 1754 2106 ex
1803 2059 2279 2122 grammaticorum
2330 2059 2780 2121 interpretamen-

1684 2131 1763 2188 to,
1794 2132 1858 2176 ut
1893 2128 2095 2178 dudum
2123 2128 2333 2178 monuit
2355 2125 2773 2189 wesselingius.

1685 2195 1771 2245 Ad
1812 2213 2004 2247 vocem
2037 2190 2235 2261 κωφὸς
2279 2196 2456 2259 (cuius
2503 2195 2777 2260 explicen-

1685 2265 1787 2315 dae
1829 2281 1999 2317 causa
2045 2268 2181 2318 haec
2225 2265 2417 2316 addita
2463 2266 2614 2328 sunt)
2661 2263 2773 2313 vid.

1685 2340 1825 2385 nott.
1875 2336 1946 2385 ad
1990 2337 2036 2399 1,
2084 2337 2170 2388 34.
2231 2337 2317 2386 De
2355 2334 2599 2398 genitivo
2639 2332 2776 2396 (κω-

1685 2401 1862 2469 φοῦ),
1911 2407 2005 2470 qui
2047 2406 2229 2456 verbis
2278 2419 2534 2454 sensuum
2581 2403 2775 2452 adiici-

1681 2478 1795 2591 tur8,
1845 2473 2055 2525 consul.
2107 2474 2379 2525 Kuehner.
2431 2474 2527 2524 Gr.
2580 2474 2675 2523 Gr.
2718 2476 2773 2535 ξ.

1684 2542 1752 2593 52
1795 2578 1808 2603 ,
1847 2558 1896 2594 e.

1743 2619 1923 2693 Ὀδμή
1949 2619 2011 2694 μ’
2046 2619 2103 2686 ἐς
2127 2625 2342 2692 φρένας
2375 2615 2521 2693 ἦλθε
2544 2642 2776 2691 κραται·

1682 2695 1868 2761 ρι’νοιο
1909 2690 2178 2764 χελώνης]
2230 2699 2352 2749 Uno
2392 2700 2448 2747 in
2493 2696 2636 2746 libro
2685 2713 2773 2747 ex-

1682 2771 1795 2816 stat
1834 2758 1981 2832 ὀδμὴ
2020 2759 2077 2815 δ’
2109 2760 2166 2824 ἔς
2196 2783 2324 2831 φρ.,
2358 2767 2504 2833 quod
2539 2766 2772 2817 Valcke-

1679 2838 1835 2886 nario
1870 2837 2174 2902 profectum
2205 2837 2495 2888 videbatur
2518 2836 2591 2886 ab
2633 2837 2773 2886 eius-

1680 2907 1826 2955 modi
1864 2906 2113 2969 librario‚
2152 2907 2242 2957 cui
2275 2912 2432 2957 vetus
2472 2912 2634 2970 atque
2657 2907 2772 2955 Ho-

1680 2976 1882 3025 merica
1918 2976 2133 3027 dicendi
2167 2977 2309 3026 ratio
2358 2976 2524 3026 fuerit
2557 2976 2768 3039 ignota.

1679 3043 1895 3095 Aeschl.
1935 3046 2122 3111 Suppl.
2158 3046 2288 3098 384:
2339 3039 2521 3112 φόβος
2556 3038 2617 3107 μ’
2658 3037 2771 3108 ἔχει

1679 3109 1909 3197 φρξνας.
1938 3116 2092 3166 Pers.
2115 3115 2244 3167 161:
2281 3115 2385 3165 καί
2415 3129 2491 3180 με
2524 3110 2771 3179 καρδίαν

1675 3195 1911 3247 αμυσσει
1978 3185 2239 3249 φροντίς.
2311 3186 2420 3236 Pro
2480 3181 2771 3247 κραταιρί-

1679 3266 1825 3316 νοιο,
1865 3254 2010 3318 quod
2058 3271 2086 3305 e
2134 3253 2448 3305 melioribus
2487 3253 2642 3302 libris
2680 3252 2770 3302 de-

1677 3322 1875 3385 dimus,
1916 3322 2012 3373 alii
2048 3317 2473 3389 κραταιρήνοιο,
2512 3322 2608 3372 alii
2633 3337 2766 3384 κρα-

1677 3384 1831 3456 τειρὴ
1857 3384 2124 3455 οἷα,τιιιιιε
2149 3385 2598 3458 κραταιρἆνοιο,
2622 3391 2768 3456 quod

1675 3461 1835 3511 valde
1887 3463 2045 3513 nobis
2105 3463 2335 3525 arridet,
2398 3462 2652 3527 quoniam
2710 3462 2767 3509 in

1676 3532 1804 3581 aliis
1829 3532 2138 3582 huiusmodi
2174 3531 2457 3584 vocabulis
2490 3529 2765 3580 litei-ulem

1677 3601 1719 3666 ὅ
1748 3601 2078 3666 duplicatam
2103 3602 2418 3668 plerumque
2439 3600 2765 3650 invenimus.

1675 3673 1802 3722 Vid.
1842 3676 2041 3722 notatt.
2080 3672 2152 3722 ad
2191 3674 2408 3723 Ctesiee
2442 3670 2684 3721 Persice.
2711 3672 2763 3732 §-

1675 3741 1760 3793 53.
1806 3756 1932 3807 pag.
1974 3741 2092 3792 198.
2137 3742 2255 3794 199.
2295 3740 2563 3791 Herodoti
2601 3740 2766 3788 inter-

1674 3815 1851 3875 pretes
1880 3811 2110 3861 laudant
2133 3803 2489 3877 λιθόρἆνος,
2527 3809 2672 3874 quod
2696 3806 2765 3857 de

1672 3880 1949 3930 testudine
2004 3880 2140 3930 dixit
2200 3879 2560 3944 Empedocles
2620 3876 2763 3943 apud

1671 3948 1949 4002 Plutarch.
1994 3950 2274 4014 Symposs.
2326 3949 2373 4009 Ι,
2420 3951 2473 3997 2.
2529 3949 2581 3998 5.
2632 3962 2759 4012 pag.

1671 4017 1792 4082 618,
1834 4018 1901 4068 de
1938 4018 2053 4068 orb.
2091 4019 2147 4067 in
2184 4019 2291 4069 fac.
2332 4018 2447 4068 lun.
2500 4016 2582 4067 14.
2633 4031 2760 4081 pag.

1670 4088 1774 4138 927
1838 4089 1903 4138 F.
1960 4087 2308 4153 (Empedocl.
2364 4087 2618 4151 fragmm.
2673 4085 2758 4135 ed.

1671 4158 1853 4209 Sturz.
1893 4173 2018 4223 pag.
2040 4155 2190 4220 608).
2229 4158 2315 4209 Cr.
2354 4155 2511 4206 addit
2535 4157 2761 4205 Homer.

1667 4228 1741 4277 H.
1779 4228 1835 4277 in
1875 4228 2108 4277 Mercur.
2145 4227 2215 4279 48
2246 4227 2378 4291 ibiq.
2415 4226 2589 4290 Ilgcn.
2630 4239 2760 4289 pag.

1669 4296 1789 4347 370.
1830 4297 1895 4347 In
1935 4296 2338 4362 significatione
2373 4300 2607 4359 utraque
2651 4308 2761 4344 vox

1667 4366 1844 4416 minus
1881 4366 2088 4428 differt3
2136 4366 2210 4416 ad
2252 4367 2432 4416 duram
2463 4361 2760 4414 testudinis

1660 4438 1840 4498 pellem
1870 4450 1916 4487 s.
1954 4437 2142 4487 coriam
2175 4437 2426 4487 refertur.
