3109 5092
521 333 645 393 736

1390 335 1929 398 HERODO'PI

519 507 632 574 καὶ
672 503 803 593 γὰρ
829 496 1031 587 αὗτος
1050 503 1388 596 Ἰάδμονος
1419 512 1718 596 ἐγένετο,
1762 506 1851 590 ὥς
1894 513 2147 591 διέδεξε
2178 514 2339 599 τῇδε
2368 506 2493 578 οὐκ
2524 506 2763 597 ἥκιστα
2784 529 2801 543 ·

519 612 670 678 ἐπεί
693 637 763 678 τε
793 608 923 698 γάρ
950 611 1268 692 πολλάκις
1296 613 1776 702 κηρυσσόντων
1804 618 2103 702 Δελφῶν
2132 616 2205 681 ἐκ
2234 619 2694 700 θεοπροπίου,
2727 608 2805 691 ὃς

520 713 833 802 βούλοιτο
881 712 1126 803 ποινὴν
1173 722 1288 803 τῆς
1329 715 1652 787 Αἰσώπου
1698 723 1915 805 ψυχῆς
1971 713 2369 792 ἀνελέσθαι,
2428 715 2625 794 ἄλλος
2668 715 2803 802 μὲν

519 814 745 896 οὐδεὶς
775 817 990 906 ἐφάνη
1009 870 1025 898 ,
1047 816 1387 906 Ἰάδμονος
1424 820 1498 888 δὲ
1527 817 1767 899 παιδὸς
1795 837 1982 900 παῖς,
2020 817 2220 900 ἄλλος
2244 816 2525 906 Ἰάδμων
2544 871 2562 902 ,
2606 816 2797 886 ἀνεί-

391 928 704 990 135λετο·
765 917 942 989 οὕτω
997 924 1107 989 καὶ
1148 932 1456 1002 Αἴσωπος
1498 920 1834 1010 Ἰάδμονος
1875 925 2162 1010 ἐγένετο.

2238 918 2555 1001 Ῥοδῶπις
2610 921 2685 989 δὲ
2730 925 2799 999 ἐς

527 1035 874 1111 Αἴγυπτον
912 1022 1223 1111 ἀπίκετο,
1272 1025 1562 1102 Ξάνθεω
1602 1031 1724 1094 τοῦ
1751 1035 2020 1114 Σαμίου
2061 1034 2490 1116 κομίσαντος·
2548 1021 2790 1092 ἀπικο-

516 1233 724 1292 ptorem
746 1242 985 1291 unquam
1005 1227 1173 1276 fuisse
1187 1229 1433 1293 negavit:
1459 1227 1605 1293 quod

517 1298 585 1346 ab
626 1296 894 1345 Herodoti
941 1296 1076 1358 fide,
1129 1298 1238 1347 alia
1271 1303 1335 1347 ut
1370 1304 1603 1358 taceam,

517 1365 677 1415 valde
722 1366 955 1415 alienum
997 1366 1238 1416 videtur:
1289 1383 1322 1416 a
1368 1383 1474 1432 qua
1516 1383 1603 1417 ea-

518 1437 640 1485 dem
676 1435 835 1484 valde
871 1441 1239 1498 recesserunt,
1281 1437 1372 1500 qui
1399 1438 1603 1501 Aesopi

515 1519 711 1555 nomen
761 1519 980 1568 prorsus
1025 1505 1210 1555 fictum
1262 1521 1383 1555 esse
1419 1505 1603 1554 volue-

515 1579 667 1623 runt:
709 1574 774 1623 de
798 1590 901 1639 quo
927 1590 1066 1639 quae
1087 1575 1360 1637 feruntur,
1397 1591 1461 1625 ea
1490 1576 1603 1624 fere

518 1643 700 1693 omnia
745 1644 819 1693 ad
863 1644 1079 1694 fabulas
1135 1644 1378 1709 relegare
1431 1660 1603 1709 nuper

514 1713 691 1763 voluit
725 1713 979 1763 Weleker
1019 1713 1233 1777 (Rhein.
1261 1715 1403 1763 Mus.
1448 1713 1600 1764 1839.

514 1783 611 1832 VI.
659 1797 786 1848 pag.
834 1783 936 1834 366
978 1784 1096 1832 sive
1133 1783 1327 1833 Kleine
1374 1783 1601 1833 Schrift.

519 1853 595 1902 11.
639 1867 766 1917 pag.
808 1852 911 1902 228
954 1851 1137 1919 seqq.)
1174 1852 1463 1902 admodum
1502 1852 1601 1901 ini-

517 1938 621 1988 que
657 1922 722 1971 de
759 1922 1039 1971 Herodoto
1075 1922 1226 1987 vulgi
1267 1927 1480 1970 tantum
1517 1922 1601 1970 sa-

519 2009 683 2053 mam,
722 1996 783 2041 ut
814 1992 1085 2056 opinatur,
1125 1996 1312 2041 secuto
1351 1990 1601 2040 iudicans

518 2077 835 2126 omnemque
872 2062 1243 2125 quaestionem
1281 2060 1442 2110 valde
1478 2076 1604 2109 cou-

517 2132 762 2180 turbans.
852 2132 1023 2192 Quem
1081 2130 1246 2180 nihilo
1301 2131 1477 2179 minus
1522 2145 1604 2178 se-

516 2205 675 2249 cutus
701 2205 785 2249 est
809 2199 1099 2263 VVagener,
1148 2199 1237 2263 qui
1270 2199 1338 2249 de
1366 2200 1602 2263 Aesopo,

517 2284 674 2333 quem
713 2269 870 2332 plane
899 2268 1146 2317 fictitium
1174 2284 1295 2318 esse
1330 2268 1605 2318 hominem

517 2338 699 2402 ponit,
751 2337 806 2386 in
852 2338 1147 2387 Academia
1183 2337 1406 2402 Belgica
1444 2354 1604 2402 expo-

518 2407 652 2456 suit:
704 2406 816 2457 vid.
856 2405 1147 2457 l‘lnstitut.
1196 2407 1258 2456 11
1294 2406 1480 2468 (1853)
1520 2424 1605 2458 nr.

516 2477 637 2527 211.
692 2492 818 2541 pag.
870 2477 956 2526 89.

518 2562 674 2597 cessu
693 2546 828 2595 haec
844 2548 1106 2596 tractavit
1124 2546 1360 2597 Zuendel
1384 2547 1602 2608 (Rhein.

516 2617 659 2668 Mus.
698 2617 763 2678 V,
814 2616 863 2666 3.
912 2633 1037 2683 pag.
1083 2620 1184 2667 422
1237 2632 1390 2680 seqq.
1439 2616 1604 2680 inpri-

517 2703 639 2806 ¹325.
656 2688 940 2820 ἳίῗέςξῗέ.
966 2684 1603 2821 Ξῐέἒρῃῗῖῑῃῖἶηὲἓὲ-

514 2826 670 2876 bulas
719 2842 746 2875 e
797 2826 974 2891 Libya
1021 2832 1187 2890 atque
1240 2826 1491 2890 Aegypto
1544 2825 1601 2873 in

515 2895 796 2944 Graeciam
834 2894 1044 2945 delatas
1081 2894 1362 2945 scriberet.

585 2992 678 3045 καὶ
720 2989 823 3060 γὰρ
859 2985 1027 3053 οὗτος
1045 2987 1339 3060 Ἰάδμονος
1359 2986 1597 3062 ἐγένετο]

514 3065 551 3115 i.
604 3082 648 3116 e.
701 3083 812 3114 nam
859 3075 910 3114 et
949 3066 1386 3116 hicce.Iadmom's
1425 3082 1602 3115 servus

508 3136 626 3196 fuit,
663 3134 892 3184 ladmoni
908 3136 1096 3184 serviit.
1153 3134 1237 3184 Ad
1272 3134 1599 3184 locutionem

513 3204 715 3254 similia
735 3204 1002 3268 quaedam
1026 3220 1055 3253 e
1084 3204 1467 3266 Demosthene,
1494 3205 1599 3267 Ly·

517 3274 629 3335 sia,
678 3273 803 3324 allis
848 3275 956 3323 iam
1008 3273 1195 3322 attulit
1235 3272 1595 3323 Valckenaer.

514 3344 808 3409 attigitque
855 3344 1021 3393 etiam
1057 3343 1323 3393 Matthiae
1369 3342 1462 3393 Gr.
1503 3343 1596 3392 Gr.

513 3418 564 3477 §-
584 3414 705 3467 315.
779 3415 859 3465 Ao
882 3412 1012 3464 licet
1034 3412 1121 3463 vel
1158 3429 1222 3462 ex
1254 3412 1599 3463 antecedenti

513 3477 828 3541 σύνδουλος
863 3488 1040 3534 mente
1077 3482 1163 3532 hic
1181 3488 1427 3547 repetere
1464 3478 1600 3529 δοῦ-

514 3552 631 3611 λος.
669 3582 739 3591 -
772 3552 858 3604 Ad
894 3547 1103 3614 διέδεξε
1141 3553 1288 3602 conf.
1337 3556 1475 3600 nott.
1527 3550 1599 3599 ad

514 3623 580 3685 V,
618 3624 734 3675 124.
812 3624 965 3684 Quae
1002 3623 1259 3673 continuo
1299 3624 1601 3686 sequuntur

513 3692 708 3754 verba,
773 3694 853 3742 ita
904 3692 1243 3742 offenderunt
1301 3688 1597 3740 Heroldum

516 3761 802 3825 (Emendd.
850 3761 1092 3812 Herodd.
1129 3762 1191 3812 P.
1232 3761 1277 3810 1.
1314 3775 1443 3824 pag.
1485 3759 1593 3821 11),

512 3836 578 3880 ut
623 3830 870 3881 voculam
913 3824 1018 3895 γὰρ
1066 3847 1132 3881 ex
1174 3828 1598 3893 interpolatione

516 3904 690 3949 ortam
716 3899 983 3950 iudicaret
1017 3905 1182 3965 atque
1206 3899 1398 3950 deinde
1434 3899 1597 3948 etiam

515 3959 645 4016 ἐπεί
661 3982 717 4017 τε
743 3970 811 4020 ab
840 3970 908 4018 iis
932 3968 1202 4019 adiectum
1236 3973 1472 4033 putaret,
1501 3968 1595 4032 qui

513 4037 690 4086 locum
731 4036 873 4087 male
910 4038 1273 4087 intellexerint
1309 4037 1599 4102 apodosin-

514 4121 618 4170 que
655 4120 688 4154 a
726 4120 857 4155 voce
888 4120 1036 4154 ουτω
1063 4107 1383 4171 inceperint.
1459 4106 1595 4155 Mihi

511 4179 761 4225 neutrum
786 4175 1073 4239 probatur·
1096 4190 1326 4240 namque
1348 4174 1595 4225 voculam

511 4237 618 4309 γὰρ
678 4242 764 4292 vel
826 4243 894 4294 ob
949 4243 1332 4294 antecedentia
1382 4236 1596 4304 διέδεξε

511 4310 647 4379 τῇδε
685 4311 778 4376 (cf.
822 4317 960 4363 nott.
992 4311 1060 4362 ad
1091 4313 1167 4374 11,
1209 4314 1328 4378 116)
1363 4314 1596 4363 maxime

511 4381 767 4432 tuendam
803 4399 997 4433 censeo
1034 4397 1209 4447 neque
1232 4381 1594 4432 abiiciendum

1053 2477 1166 2527 Nec
1218 2476 1438 2526 meliore
1487 2493 1607 2527 suc-

1707 1219 1836 1278 ἐπεί
1864 1242 1951 1291 τε,
2008 1228 2078 1277 ad
2117 1228 2263 1292 quod
2306 1229 2583 1305 pertinent
2626 1226 2800 1276 verba

1703 1290 1874 1354 ἄλλος
1908 1292 2011 1378 μὲν
2035 1288 2229 1354 οὐδεὶς
2261 1288 2476 1376 ἐφάνη,
2517 1298 2595 1345 ita
2623 1301 2685 1345 ut
2715 1312 2799 1345 se·

1706 1368 1929 1433 quentia
1956 1359 2251 1430 Ἰάδμονος
2282 1395 2353 1402 -
2385 1334 2636 1414 ἀνείλετο
2666 1380 2801 1429 apo-

1706 1438 1861 1488 dosin
1892 1438 2262 1496 constituant3
2296 1438 2351 1485 in
2378 1451 2485 1501 qua
2511 1441 2799 1486 structura

1701 1509 1796 1556 vix
1832 1505 2133 1571 particulae
2162 1499 2266 1569 μὲν
2302 1513 2356 1555 et
2382 1498 2445 1554 δὲ
2468 1521 2797 1571 quemquam

1706 1577 1974 1627 offendere
2010 1580 2287 1640 poterunt.

1775 1694 1838 1736 ος
1880 1671 2144 1758 βούλοιτο
2192 1669 2406 1758 ποινὴν
2463 1676 2565 1743 τῆς
2614 1668 2797 1727 Αἰσώ-

1704 1763 1819 1799 που
1853 1745 2045 1811 ψυχῆς
2080 1740 2404 1813 ἀνελέσθαι]
2441 1747 2479 1797 i.
2516 1762 2564 1797 e.
2601 1748 2651 1797 si
2682 1748 2799 1812 quie

1698 1833 1911 1882 poenam
1945 1825 2180 1878 repetere
2214 1819 2359 1866 vellet
2391 1818 2566 1866 caedis
2599 1816 2800 1877 Aesopi

1706 1905 1749 1937 s.
1788 1887 2003 1936 caedis
1983 1902 2035 1934 m
2064 1886 2268 1948 Aesopo
2296 1889 2613 1944 commane,
2652 1899 2795 1949 quae

1704 1955 1893 2008 eadem
1930 1955 2011 2004 sic
2045 1957 2313 2019 expressit
2358 1955 2687 2005 Plutarchus
2726 1955 2793 2004 de

1704 2042 1811 2077 ser.
1845 2040 1990 2075 num.
2030 2024 2261 2075 vindict.
2300 2040 2427 2089 pag.
2458 2023 2645 2075 556F.
2674 2039 2790 2088 seq.

1706 2108 1846 2145 mats
1880 2089 2201 2173 περιΐοντες
2232 2121 2300 2130 —
2350 2088 2672 2170 κηρύσσειν
2697 2089 2795 2140 καὶ

1705 2165 1896 2215 καλειν
1939 2159 2029 2214 ἀεὶ
2083 2155 2184 2211 τὸν
2237 2159 2589 2243 βουλόμενον
2639 2153 2792 2242 νπὲρ

1706 2226 1972 2284 Αἰσώπου
2001 2230 2173 2296 δίκην
2194 2229 2388 2299 λαβεῖν
2413 2221 2545 2296 παρ’
2577 2223 2792 2281 αὐτῶν.

1705 2306 1953 2367 Namque
1979 2301 2206 2366 Delphi,
2256 2308 2317 2352 ut
2363 2302 2504 2353 idem
2542 2302 2793 2367 pluribus

1706 2379 1923 2435 narrat,
1959 2373 2233 2436 Aesopum
2269 2388 2302 2421 a
2328 2371 2528 2422 Croeso
2565 2372 2794 2422 missum

1709 2459 1738 2493 e
1769 2457 1900 2506 rupe
1934 2444 2221 2506 Hyampea
2263 2442 2386 2490 urbi
2417 2441 2602 2491 vicina
2638 2455 2793 2506 prae·

1709 2513 2022 2576 cipitarunt.
2050 2511 2252 2561 Indein
2266 2511 2537 2562 chronicis
2556 2510 2785 2562 Graecis

1704 2596 1874 2646 nuper
1898 2583 2101 2631 Romae
2134 2581 2370 2631 inventis
2406 2586 2465 2630 et
2495 2580 2792 2645 publicatis

1704 2657 1830 2717 post
1868 2652 2213 2701 Pisistratum
2237 2652 2570 2700 Athenarum
2608 2654 2794 2728 tyran:

1704 2736 1831 2770 num
1867 2727 2319 2770 commemoratur
2370 2716 2637 2776 Αἴσωπος
2674 2709 2792 2768 ὑπὸ

1703 2787 1946 2853 Δελφῶν
2000 2787 2467 2852 κατεκρημνίσθη
2541 2787 2789 2852 (Annali.

1705 2858 1810 2909 dell
1850 2859 2096 2910 institut.
2129 2857 2438 2922 archeolog.
2475 2857 2627 2909 1853.
2662 2873 2789 2923 pag.

1701 2929 1813 2992 88).
1884 2928 2139 2977 Pluribus
2175 2943 2389 2992 quoque
2412 2943 2625 2977 omnem
2649 2928 2791 2977 hanc

1702 2998 2066 3046 narrationem
2088 2997 2277 3046 retulit
2301 3002 2494 3047 auctor
2517 2998 2669 3046 vitae
2688 2997 2791 3046 Ae-

1702 3066 1823 3131 sopi
1870 3067 1939 3115 ab
1978 3067 2106 3117 Ant.
2146 3066 2563 3116 Westermanuo
2607 3067 2789 3116 editae

1703 3151 1825 3200 cap.
1866 3137 1953 3185 21.
1990 3150 2116 3200 pag.
2141 3137 2368 3186 52—57.
2440 3137 2563 3197 Qua
2590 3134 2659 3185 de
2687 3136 2790 3185 Ae-

1702 3206 1821 3270 sopi
1859 3204 2027 3255 caede
2061 3206 2233 3254 iratus
2256 3204 2454 3286 Apollo
2492 3205 2787 3255 sterilitate

1700 3278 1877 3324 terrae
1898 3273 2181 3338 omnisque
2200 3276 2415 3339 generis
2436 3274 2638 3324 morbis
2660 3273 2789 3324 Del-

1699 3344 1835 3408 phos
1890 3343 2135 3407 puniisse
2183 3344 2356 3393 sertur
2406 3344 2788 3422 oraculumque

1701 3413 1827 3463 dein
1863 3412 2128 3474 edidisse,
2175 3418 2236 3466 ut
2273 3404 2501 3478 Aesopi,
2551 3413 2646 3479 qui
2682 3413 2786 3477 ipsi

1700 3483 2012 3532 carissimus
2041 3482 2225 3542 fuerit,
2262 3498 2448 3533 manes
2472 3483 2784 3548 placarent3

1699 3520 2786 3672 2312‘23334?ssss2⁸⁸?1‘b‘..23¹¹2¹;32

1698 3690 1949 3741 dicuntur
1967 3689 2184 3755 Delphi.
2257 3691 2412 3752 Quae
2436 3697 2695 3755 quantum
2718 3689 2787 3739 ad

1698 3759 2036 3810 Herodotum
2108 3759 2489 3809 illustrandum
2558 3760 2785 3819 saciant,

1700 3845 1856 3879 nemo
1894 3845 2002 3879 non
2028 3829 2205 3888 viden
2242 3829 2310 3878 ad
2349 3828 2567 3879 fabulas
2602 3835 2784 3879 tamen

1700 3914 2051 3964 quaecunque
2100 3903 2155 3950 et
2203 3899 2531 3949 Plutarchus
2581 3905 2635 3949 et
2692 3898 2785 3947 alii

1701 3970 1790 4032 (ut
1807 3967 1989 4018 Schol.
2015 3967 2083 4017 ad
2103 3968 2453 4032 Aristophan.
2467 3968 2633 4033 Vesp.
2651 3967 2789 4019 144ss

1697 4037 1838 4102 seq.)
1875 4037 1961 4086 vel
1998 4037 2216 4088 brevius
2252 4036 2339 4086 vel
2374 4038 2649 4103 copiosius
2686 4036 2787 4087 hac

1698 4106 1766 4155 de
1789 4121 1847 4155 re
1869 4105 2171 4169 retulerint,
2197 4111 2457 4156 revocata
2482 4106 2600 4157 vult
2615 4108 2785 4158 Grau·

1697 4181 1800 4226 ert.
1833 4176 1889 4223 in
1920 4175 2051 4225 diss.
2088 4174 2234 4226 laud.
2275 4191 2403 4240 pag.
2424 4177 2492 4227 55
2527 4192 2679 4241 seqq.
2718 4177 2785 4226 62

1697 4259 1812 4309 seq.
1898 4245 1985 4294 Tu
2032 4245 2179 4297 conf.
2230 4245 2396 4294 etiam
2444 4245 2691 4296 Schultz.
2746 4244 2786 4296 l.

1695 4312 1844 4364 laud.
1879 4329 2006 4378 pag.
2047 4316 2135 4366 25.
2173 4313 2241 4366 38
2280 4319 2335 4364 et
2368 4313 2646 4366 Welcker.
2682 4314 2720 4366 l.
2747 4314 2784 4363 l.

1697 4399 1823 4449 pag.
1862 4382 1960 4434 231
2003 4398 2157 4449 seqq.
