3109 5092
1267 362 1521 427 CLIO.
1568 367 1619 427 Ι.
1665 374 1752 433 66.

2523 374 2641 436 145

273 549 340 602 32
357 565 468 605 ται
494 535 818 626 μεγάλως.
876 532 985 608 οἷα
1014 538 1088 608 δὲ
1132 544 1209 609 ἔν
1235 567 1307 609 τε
1346 541 1530 631 χαίρῃ
1560 538 1789 634 ἀγαθῇ
1817 545 1930 612 καὶ
1960 543 2215 633 πλήθει·
2236 545 2361 617 οὐκ
2388 545 2642 637 ὀλίγων

355 638 632 730 ἀνδρῶν
649 693 668 726 ,
697 637 829 710 ἀνά
855 669 927 710 τε
958 647 1251 733 ἔδραμον
1277 640 1519 714 αὐτίκα
1548 647 1661 714 καὶ
1692 643 2198 736 εὐθηνήθησαν.
2256 655 2369 722 καὶ
2397 652 2483 742 δή
2515 678 2638 742 σφι

353 741 580 814 οὐκέτι
621 741 876 835 ἀπέχρα
915 741 1201 835 ἡσυχίην
1243 745 1466 834 ἄγειν,
1510 747 1683 819 ἀλλὰ
1724 752 2355 841 καταφρονήσαντες
2399 753 2637 846 'Aemi-⁸

356 852 500 918 δων
538 851 895 937 κρέσσονες
938 848 1144 935 εἶναι,
1189 852 1775 941 ἐχρηστηριάζοντο
1816 855 1890 922 έν
1930 863 2263 942 Δελφοῖσι
2306 861 2417 928 ἐπὶ
2457 859 2637 948 πάσῃ

353 956 434 1042 τῇ
467 949 818 1040 Ἀρκάδων
843 952 1047 1041 χώρῃ.
1094 948 1136 1041 ἡ
1165 954 1241 1022 δὲ
1271 962 1509 1043 Πυθίη
1537 978 1663 1043 σφι
1689 960 1816 1047 χρᾷ
1843 954 2004 1024 τάδε
2025 977 2040 991 ·

350 1141 567 1200 θύουσι
611 1142 757 1201 καθ’
796 1146 1032 1202 ἕκαστον
1065 1142 1328 1203 ἐνιαυτὸν
1363 1144 1441 1211 ὡς

351 1218 505 1285 θεῷς
556 1221 701 1286 quod
739 1221 1012 1271 affirmant
1052 1224 1292 1274 Pausan.
1332 1222 1438 1283 111,

354 1291 440 1341 16.
478 1292 529 1353 §-
564 1293 616 1354 5,
654 1290 751 1341 alii
785 1291 1079 1356 scriptores
1108 1308 1138 1342 e
1160 1290 1439 1357 Leopoldo

350 1360 422 1409 ad
460 1359 516 1411 h.
557 1360 597 1410 l.
634 1360 865 1411 laudati.

422 1421 518 1476 οἷα
566 1424 629 1479 δὲ
675 1424 737 1479 ἔν
786 1444 844 1477 τε
880 1421 1035 1494 χώρῃ
1083 1418 1281 1494 ἀγαθῇ
1343 1424 1440 1477 καὶ

348 1491 566 1562 πλήθεϊ
607 1490 714 1548 οὐκ
763 1490 968 1561 ὀλίγων
1013 1487 1273 1561 ἀνδρῶν,
1331 1489 1444 1547 ἀνά

344 1581 404 1616 τε
467 1562 721 1630 ἔδραμον
767 1558 973 1615 αὐτίκα
1026 1561 1121 1615 καὶ
1183 1556 1439 1632 εὐθηνή-

344 1635 566 1703 θησαν]
605 1652 787 1702 „queem
814 1651 936 1685 vero
959 1644 1106 1685 terra
1139 1646 1274 1687 esset
1307 1636 1439 1687 bona

232 1738 238 1744 ·
286 1744 324 1761 ,-
341 1707 437 1756 vieo
478 1722 758 1771 paucorum
822 1706 1093 1755 ineolumem
1140 1707 1438 1770 frequentia

200 1810 231 1835 ,·
286 1812 293 1818 «
342 1776 635 1831 laboraret,
677 1776 846 1821 statim
887 1777 1044 1821 evecti
1086 1779 1202 1820 sunt
1234 1771 1435 1834 opibus·

340 1858 437 1907 que
466 1840 663 1893 aucti.“
735 1840 1005 1889 Herodoti
1041 1841 1217 1891 oratio
1261 1841 1309 1890 si
1345 1841 1434 1891 cui

342 1908 577 1976 abrupta
626 1913 684 1959 et
727 1908 990 1975 impedita
1040 1907 1319 1974 videatur,
1382 1911 1430 1959 is

338 1980 619 2045 suppleat:
667 1971 764 2027 οἷα
799 1973 864 2028 δὲ
899 1968 1061 2036 ὄντες
1093 1975 1163 2098 ΞΒ.
1201 1975 1430 2029 οἰκοῦν-

337 2051 450 2114 τες)
501 2043 564 2099 ἔν
623 2062 681 2097 τε
736 2040 892 2115 χώρῃ
936 2044 1034 2098 καὶ
1132 2064 1166 2097 ν
1212 2041 1432 2113 πλήθεϊ

338 2111 448 2169 οὐκ
480 2110 690 2183 ὀλίγων
732 2133 784 2167 κ.
819 2132 868 2167 τ.
904 2117 952 2167 λ.
1025 2118 1166 2169 Nam
1200 2134 1427 2184 praepo-

337 2179 564 2238 sitiossv
600 2203 706 2252 quo
742 2187 920 2238 minus
973 2189 1139 2238 etiam
1177 2188 1248 2238 ad
1283 2180 1433 2253 πλή-.

335 2257 437 2307 θεῖ
478 2258 774 2320 referatur,
827 2255 963 2315 nihil
1010 2258 1213 2308 obstat.
1283 2258 1424 2309 Vide

336 2342 478 2393 quae
515 2327 750 2377 diximus
793 2326 865 2376 ad
914 2326 1194 2379 Plutarch.
1230 2327 1424 2392 Pyrrh.

315 2415 387 2464 p.
449 2397 551 2449 178
612 2413 727 2462 seq.
786 2402 842 2446 et
908 2411 1049 2461 quae
1101 2399 1310 2447 monuit
1362 2397 1424 2447 C.

334 2468 513 2518 Beier.
541 2467 598 2516 in
631 2481 861 2517 censura
895 2467 1105 2517 inserta
1139 2467 1427 2517 annalibus

334 2535 679 2602 philologieis
698 2535 879 2587 Iahnii
901 2535 1049 2598 1827,
1071 2536 1149 2598 11,
1181 2537 1229 2587 1.
1257 2553 1312 2602 p.
1339 2537 1426 2587 22.

333 2609 419 2658 De
481 2599 577 2655 οἷα
636 2602 700 2655 δὲ
767 2605 1222 2670 subsequentibus
1280 2606 1431 2671 geui-

332 2677 467 2726 tivis
502 2675 927 2741 consequentiae
956 2676 1267 2726 notavimus
1298 2690 1430 2725 non-

335 2744 487 2796 nulla
516 2745 587 2795 ad
620 2745 812 2810 Pyrrh.
852 2760 904 2809 p.
950 2745 1067 2796 176.
1134 2745 1291 2795 Conf.
1323 2746 1432 2794 He-

333 2816 452 2866 rod.
493 2814 545 2877 1,
583 2816 671 2865 61.
718 2816 839 2865 111.
879 2812 997 2864 189.
1049 2815 1134 2877 11,
1177 2816 1265 2865 28.
1310 2814 1425 2866 175.

333 2885 452 2947 111,
489 2887 543 2934 4.
578 2884 683 2946 IV,
717 2884 836 2935 130.
877 2882 999 2934 coll.
1039 2884 1092 2945 I,
1130 2884 1218 2935 86.
1294 2884 1430 2934 Ora-

330 2954 502 3004 tionis
543 2953 880 3003 abundantia
906 2953 961 3002 in
996 2954 1177 3004 verbis
1213 2946 1432 3017 πλήθεϊ

334 3013 443 3073 οὔκ
475 3015 683 3087 ὀλίγων
706 3013 937 3086 ἀνδρῶν
958 3038 1116 3073 nemo
1154 3024 1300 3088 apud
1319 3024 1427 3074 He·

333 3093 587 3144 rodotum
632 3091 963 3154 offendetur,
1011 3108 1112 3143 uec
1158 3109 1293 3158 opus
1341 3097 1427 3143 est

333 3168 577 3213 statuere
600 3162 1103 3227 transpositionem,
1142 3162 1356 3228 qualem
1391 3177 1425 3211 a

332 3233 562 3297 Stegero
598 3234 933 3297 propositam
966 3231 1154 3282 video:
1190 3227 1287 3281 καὶ
1316 3221 1424 3281 οὐκ

332 3293 532 3366 ὀλίγον
590 3300 821 3366 πλῆθος
891 3291 1125 3363 ἀνδρῶν
1185 3296 1423 3366 ἔχοντες.

332 3372 505 3422 Immo
549 3368 778 3436 πλῆθος
829 3370 1132 3435 explicatur
1166 3371 1423 3437 genitivis

330 3441 585 3492 adiectis.
606 3468 673 3477 —
709 3440 946 3491 Verbum
980 3430 1333 3504 ἀναδραμεῖν
1357 3439 1426 3489 de

328 3512 538 3577 plantis
565 3510 854 3576 herbisque
878 3510 1094 3575 proprie
1129 3510 1305 3561 locum
1333 3509 1425 3559 ha-

327 3582 451 3643 het,
491 3585 555 3630 ut
590 3581 737 3631 infra
768 3580 933 3641 VIII,
972 3580 1040 3631 55
1079 3568 1261 3644 ω’ρεον
1296 3577 1425 3645 βλα-

330 3643 469 3701 στὸν
506 3641 567 3699 ἐκ
599 3648 705 3700 τοῦ
742 3645 1026 3713 στελέχεος
1049 3639 1190 3699 ὅσον
1224 3664 1280 3699 τε
1312 3652 1421 3713 πη-

327 3721 538 3785 χυαῖον
582 3710 1252 3783 ἀναδεδραμηκότα.
1330 3718 1423 3769 Sic

328 3790 555 3841 Homer.
589 3789 676 3839 Ili.
714 3788 931 3853 XVIII,
966 3788 1062 3841 56:
1101 3779 1133 3838 ὀ
1170 3778 1227 3837 δ’
1267 3778 1423 3836 ἀνέ-

328 3856 604 3923 δραμεν
649 3853 804 3923 ἔρνεϊ
848 3850 1000 3920 ἴσος,
1066 3858 1159 3908 ubi
1203 3856 1426 3908 Scholia

326 3928 569 3979 reddunt
614 3943 711 3993 per
754 3918 1011 3991 ηὐξήθη.
1108 3927 1193 3978 Of.
1258 3927 1423 3977 etiam

333 3998 537 4063 Odyss.
576 3999 644 4060 V,
680 3999 813 4048 412:
860 3987 1022 4059 λισσὴ
1060 3987 1120 4045 δ’
1171 3987 1423 4046 ἀναδέ-

326 4065 547 4130 δρομε
584 4061 780 4132 πέτρη.
829 4066 976 4117 Hine
1002 4067 1330 4117 transfertur
1354 4065 1425 4116 ad

326 4141 556 4202 gentes,
603 4152 745 4202 quae
788 4135 1097 4200 plantarum
1146 4136 1217 4186 ad
1250 4136 1425 4186 instar

324 4208 525 4272 opibus
573 4211 830 4257 creseunt
876 4210 933 4256 et
978 4211 1266 4272 augentur.
1339 4206 1426 4255 In-

326 4277 419 4327 fra
464 4277 599 4339 VII,
653 4276 752 4328 156
800 4275 865 4326 de
909 4276 1304 4355 Syracusanis:
1365 4268 1429 4323 αἴ

325 4340 393 4395 δὲ
446 4345 773 4409 παραυτίκα
818 4336 952 4394 ἄνα
1008 4337 1061 4395 τ’
1117 4340 1427 4408 ἔδραμον

324 4410 425 4465 καὶ
462 4410 825 4481 ἔβλαστον.
896 4415 1128 4467 Diodor.
1162 4414 1331 4467 Sicul.
1358 4415 1424 4477 V,

436 4518 776 4561 nssuonow.
823 4518 871 4558 1.

1544 1156 1610 1206 12
1647 1155 1779 1221 ibiq.
1805 1155 2037 1208 Wessel.
2091 1158 2176 1210 Gr.
2199 1159 2353 1209 addit
2377 1157 2634 1210 Eustath.

1543 1223 1615 1274 ad
1641 1224 1842 1290 Odyss.
1873 1225 1969 1289 VI,
2001 1226 2117 1278 167.
2138 1243 2191 1292 p.
2217 1228 2339 1279 256.
2362 1228 2429 1280 35
2459 1228 2633 1279 Basil.

1541 1293 1628 1343 Ad
1663 1295 1889 1345 verbum
1923 1287 2232 1361 εὐθηνεῖν,
2281 1298 2338 1348 in
2379 1314 2487 1363 quo
2523 1313 2634 1348 ma-

1541 1363 1686 1413 xime
1721 1364 1949 1414 florendi
1984 1381 2049 1415 ac
2086 1366 2307 1432 vigendi
2343 1368 2489 1417 inest
2527 1368 2633 1430 vis,

1544 1433 1693 1484 conf.
1728 1433 1804 1497 H,
1840 1433 1937 1497 91,
1985 1435 2081 1485 ubi
2125 1434 2315 1487 itidem
2351 1436 2418 1487 de
2454 1441 2634 1487 terrae

1541 1504 1916 1568 Aegyptiacae
1961 1504 2334 1556 foecunditate
2381 1511 2438 1556 et
2484 1506 2634 1557 ferti-

1540 1572 1700 1623 litate
1735 1572 1955 1623 dicitur.
2016 1575 2106 1624 Cr.
2136 1575 2429 1639 adscripsit
2451 1574 2632 1626 locum

1537 1637 1704 1693 Dion.
1723 1641 2005 1707 Chrysost.
2034 1642 2190 1694 Orat.
2213 1643 2409 1694 XLIV.
2434 1659 2490 1708 p.
2507 1643 2628 1694 197.

1539 1711 1626 1761 Tu
1677 1711 1788 1761 vid.
1837 1711 2055 1758 Iacobs.
2097 1713 2167 1758 ad
2201 1712 2416 1761 Aelian.
2454 1712 2523 1762 N.
2561 1712 2628 1762 A.

1536 1775 1641 1838 IV,
1677 1776 1764 1827 39.
1827 1775 2071 1827 Lobeek.
2118 1778 2188 1828 ad
2235 1777 2527 1843 Phrynich.
2574 1796 2629 1844 p.

1533 1844 1670 1896 466..
1708 1844 1940 1896 Jahrbh.
1979 1845 2017 1895 f.
2052 1846 2252 1898 Philol.
2291 1862 2346 1897 u.
2384 1847 2628 1913 Paedag.

1543 1913 1692 1965 1831.
1724 1916 1771 1965 I.
1810 1930 1938 1980 pag.
1973 1915 2063 1966 40.

1602 2011 1698 2065 καὶ
1760 2009 1834 2080 δή
1895 2030 2035 2079 σφιν
2089 2008 2281 2068 οὐκέτι
2340 2009 2630 2087 ἀπέχρα]

1530 2085 1680 2149 Huc,
1718 2086 1908 2149 crede,
1946 2087 2182 2149 faciunt,
2221 2104 2362 2153 quae
2397 2089 2454 2138 iu
2490 2089 2631 2140 Bek-

1527 2154 1646 2204 keri
1681 2156 1923 2207 Anecdd.
1972 2156 2017 2207 1.
2106 2195 2118 2208 .
2159 2157 2289 2221 439,
2330 2159 2399 2210 20
2441 2158 2629 2237 legun-

1526 2229 1642 2274 tur:
1689 2216 1985 2295 ἅποχρᾷν·
2048 2173 2336 2293 ἐξαρκεῖν·
2385 2219 2628 2290 Ἡροδο-

1528 2306 1657 2355 tos-3
1700 2299 1779 2344 et:
1817 2286 2075 2360 ἄπόχρη’
2121 2288 2361 2362 ἐξαρκεῖ.
2403 2298 2528 2349 coll.
2566 2314 2622 2363 p.

1517 2362 1617 2443 531,
1647 2362 1752 2439 ,312
1788 2354 2084 2446 ἀποχρᾷν·
2126 2357 2234 2416 οὐκ
2268 2358 2622 2433 ἀποχρῆναι·

1531 2430 1832 2495 Ηροδοτος
1871 2450 2094 2502 πρωτφ.
2165 2436 2410 2486 Aliorum
2449 2452 2626 2502 gram-

1530 2502 1850 2552 maticorum
1906 2504 2057 2554 locos
2107 2505 2343 2569 ⁴praebet
2385 2505 2620 2556 BredOV.

1530 2587 1584 2636 p.
1629 2570 1751 2621 380.
1826 2572 1913 2622 Tu
1960 2573 2107 2623 conf.
2155 2574 2320 2623 etiam
2362 2575 2623 2624 Nostrum

1530 2640 1627 2697 VI,
1655 2638 1786 2689 -137,
1821 2640 1947 2703 VII,
1991 2642 2105 2691 148.
2141 2642 2247 2705 IX,
2288 2641 2354 2692 79
2392 2649 2448 2693 et
2482 2644 2625 2693 Pau-

1535 2725 1658 2761 san.
1696 2709 1791 2770 IV,
1832 2711 1917 2761 25.
1959 2714 2010 2775 g.
2045 2712 2093 2763 1.

1602 2805 1742 2863 ἀλλὰ
1771 2804 2312 2878 καταφρονήσαντες
2341 2802 2625 2876 Ἀρκοὶδων

1528 2881 1833 2947 κρέσσονες
1878 2876 2048 2951 εἶναι]
2095 2882 2254 2933 Conf.
2293 2888 2435 2933 nott.
2467 2883 2538 2933 ad
2573 2883 2620 2946 1,

1528 2953 1616 3017 59,
1654 2954 1749 3003 ubi
1781 2954 1890 3003 iam
1924 2953 2030 3004 hoc
2055 2951 2300 3017 exemplo
2333 2952 2488 3003 verbi
2522 2968 2623 3003 κα-

1526 3026 1848 3088 ταφρονεῖν
1893 3024 1978 3074 usi
2023 3037 2239 3087 sumus,
2301 3026 2365 3073 ut
2411 3023 2467 3072 in
2513 3038 2622 3089 quo

1526 3093 1854 3145 existimandi
1896 3093 2048 3144 notio
2095 3108 2205 3142 non
2248 3107 2472 3157 prorsus
2529 3109 2623 3144 va-

1526 3178 1654 3214 care
1706 3162 1960 3213 videatur
2021 3170 2293 3214 contemtus
2349 3161 2624 3227 signifiea-

1525 3233 1698 3284 tione.
1779 3233 2038 3283 Proxima
2093 3232 2267 3283 verba
2321 3222 2415 3280 ἐπὶ
2465 3223 2621 3298 πάσῃ

1517 3293 1804 3366 Ἀρκάδων
1830 3294 1985 3369 χώρῃ
2008 3303 2146 3353 bene
2174 3301 2397 3366 exponit
2420 3301 2620 3350 Matth.

1527 3374 1578 3434 §-
1617 3370 1720 3423 585
1761 3370 1853 3421 fin.
1890 3387 1944 3436 p.
1982 3370 2134 3423 1166.
2209 3372 2315 3420 Est
2350 3370 2491 3419 enim
2530 3360 2622 3418 ἐπὶ

1521 3449 1764 3504 propter,
1812 3440 1902 3504 ob,
1952 3441 2042 3501 de,
2086 3440 2399 3489 accuratius
2436 3442 2621 3487 tamen

1524 3510 1705 3561 locum
1741 3508 2054 3574 inspicienti
2089 3512 2198 3557 est:
2250 3509 2343 3570 „in
2382 3507 2478 3556 der
2511 3505 2620 3555 Ab·

1525 3580 1678 3643 siche,
1731 3593 1865 3644 qam:
1919 3577 2186 3628 Arkadien
2239 3591 2301 3625 zu
2344 3573 2623 3627 erobern.“

1527 3648 1820 3699 Oraculum
1837 3684 1850 3709 ,
1914 3645 2057 3711 quod
2103 3645 2377 3710 sequitur,
2443 3645 2618 3695 citant

1524 3717 1834 3769 Pausanias
1870 3716 2034 3777 VIII,
2077 3715 2101 3765 1
2152 3714 2352 3779 aliique
2394 3730 2430 3764 a
2462 3715 2617 3765 Wes-

1528 3787 1761 3853 selingio
1809 3785 1880 3835 ad
1936 3785 1991 3836 h.
2041 3783 2079 3835 1.
2125 3782 2365 3844 laudati3
2422 3784 2619 3848 quibus

1526 3856 1654 3907 add.
1694 3855 1859 3906 Diod.
1907 3856 1963 3905 in
1997 3856 2283 3919 Excerptt.
2320 3856 2371 3915 ξ.
2411 3853 2479 3905 32
2527 3852 2618 3917 (Τ.

1525 3928 1601 3978 11.
1624 3943 1679 3992 p.
1696 3926 1763 3976 27
1786 3926 1930 3976 Νον.
1957 3925 2064 3974 seri
2103 3927 2172 3974 tt.
2198 3922 2323 3974 coll.
2342 3923 2427 3974 ed.
2442 3923 2622 3989 Mai.),

1525 3997 1623 4047 ubi
1669 4000 1850 4047 exstat
1888 3985 2051 4058 Ἀρκα
2092 3992 2153 4062 ίᾳ
2201 3998 2259 4044 et
2292 3985 2457 4041 δώσω
2509 4004 2622 4043 σοι

1531 4062 1797 4129 Τεγέαν
1855 4062 1974 4129 (pro
2029 4077 2119 4112 τοι
2174 4057 2430 4127 Τεγέην).
2500 4061 2619 4112 Pri-

1526 4151 1673 4186 mum
1708 4134 1915 4186 oraculi
1948 4148 2166 4185 versum
2192 4133 2392 4182 Latine
2423 4132 2506 4181 sie
2526 4145 2616 4181 ex-

1525 4206 1680 4256 hibet
1747 4205 1988 4254 incertus
2048 4206 2243 4252 auctor
2306 4201 2375 4252 de
2427 4200 2615 4265 figuris

1525 4292 1609 4326 vs.
1645 4277 1678 4326 5
1716 4272 1883 4337 (conf.
1922 4274 2139 4337 Sauppe
2166 4270 2404 4337 Epistol.
2439 4270 2614 4319 critic.

1526 4362 1580 4410 p.
1631 4344 1777 4409 159):
1834 4342 2114 4393 Arcadiam
2137 4343 2299 4403 pem,
2340 4342 2616 4389 inmensum

1521 4412 1682 4479 petits,
1717 4414 1858 4464 haud
1886 4412 2100 4464 tribuam
2131 4410 2283 4461 istud.
