3109 5092
1147 379 1651 440 EUTERPE.
1700 382 1782 441 H.
1830 391 1951 443 110.
2567 376 2691 437 667

420 580 542 643 (²⁷19
579 550 759 639 παρὰ
788 559 1252 641 Βαβυλωνίων
1276 559 1536 641 ἔμαθον
1566 560 1636 623 οἰ
1650 551 1990 642 Ἕλληνες.

419 646 615 736 οὗτος
656 660 907 744 μοῦνος
935 655 1306 743 Αἰγύπτιος
1335 663 1702 747 Αἰθιοπίης
1740 649 1933 748 ἦρξε,
1994 656 2392 747 μνημόσυνα
2434 655 2510 725 δὲ
2553 659 2686 725 ἐλί-

418 786 580 831 πετο
612 757 741 847 πρὸ
769 764 892 828 τοῦ
909 755 1345 848 Ἡφαιστείου
1373 757 1782 850 ἀνδριάντας
1811 768 2158 846 λιθίνους,
2202 759 2327 831 δύο
2352 759 2478 849 μὲν
2502 759 2688 849 τριή-

416 964 555 1029 ting.
593 961 712 1015 Gel.
740 962 912 1013 Anzz.
943 962 1093 1015 1840.
1121 977 1176 1027 p.
1203 965 1368 1027 2027,
1409 967 1503 1032 qui

416 1033 484 1083 de
518 1032 799 1099 horologio
842 1031 1009 1083 solari
1055 1030 1237 1083 πόλον
1279 1033 1369 1085 hic
1414 1051 1501 1086 ac-

416 1103 521 1167 cipi
557 1118 719 1167 posse
752 1106 937 1167 negat.
1005 1104 1088 1154 De
1119 1117 1359 1169 ymmone
1389 1106 1499 1156 vid.

416 1173 581 1223 etiam
628 1173 721 1224 Fr.
758 1172 1005 1238 Woepke
1041 1173 1097 1224 iu
1131 1174 1379 1238 Disquis.
1418 1191 1503 1226 ar-

416 1240 623 1293 chaeol.
677 1241 843 1291 math.
900 1243 1048 1293 circa
1106 1242 1309 1293 solaria
1361 1249 1498 1295 vett.

413 1310 677 1377 (Berolin.
707 1308 866 1376 1847)
935 1349 949 1362 .
983 1314 1034 1362 2.
1070 1317 1186 1363 not.
1221 1317 1276 1363 et
1298 1314 1502 1379 Finger

414 1381 516 1432 1.1.
542 1397 595 1446 p.
620 1382 688 1431 22
714 1396 831 1446 seq.
895 1328 1056 1433 {laec
1090 1383 1261 1448 igitur
1293 1383 1340 1434 si
1373 1401 1502 1435 vere

416 1450 697 1516 disputata
742 1455 896 1514 sunt,
949 1451 1094 1501 haud
1139 1452 1376 1516 mireris,
1431 1455 1500 1504 ab

415 1520 695 1570 Herodoto
728 1535 824 1571 cur
848 1523 1033 1570 statim
1072 1522 1264 1572 addita
1295 1523 1501 1574 fuerint

414 1588 579 1670 haec:
613 1583 724 1639 'itai
763 1582 834 1638 τὰ
880 1582 1143 1640 δυώδεκα
1186 1588 1356 1655 μέρεα
1400 1591 1503 1658 τῆς

414 1657 644 1723 ημὲρης.
717 1661 800 1709 De
827 1651 1028 1721 πόλος,
1067 1675 1173 1726 quo
1208 1663 1391 1712 coelum
1417 1663 1501 1713 in—

415 1728 589 1795 deque
618 1728 1035 1779 instrumentum
1069 1729 1207 1780 coeli
1227 1731 1299 1781 ad
1325 1733 1502 1782 instar

414 1798 748 1849 elaboratum
796 1798 1097 1861 indicatur,
1155 1799 1253 1849 Gr.
1292 1802 1503 1853 confert

413 1870 685 1918 Letronne
729 1868 922 1919 Journ.
974 1868 1026 1919 d.
1081 1868 1313 1921 SavanS.
1368 1872 1501 1921 1817

413 1936 674 1988 Βόοοπὼ.
727 1954 780 2002 p.
818 1937 949 2001 739,
1000 1942 1056 1988 et
1092 1941 1501 1990 annotationem

412 2022 564 2057 snam
603 2007 672 2058 ad
707 2007 951 2060 Ciceron.
994 2008 1062 2058 de
1095 2014 1214 2062 nat.
1250 2010 1396 2061 deor.
1423 2010 1501 2073 11,

413 2076 499 2128 3⁴1.
537 2092 665 2143 pag.
705 2077 827 2131 347.

811 2250 943 2302 Cu».
978 2250 1092 2301 CX.

481 2337 652 2410 οὗτος
697 2351 915 2416 μοῦνος
951 2343 1261 2418 Αἰγύπτιος
1296 2346 1496 2401 Αἰθιο-

411 2420 548 2486 πίης
584 2409 741 2489 ἦρξε]
778 2423 966 2474 Refert
989 2438 1202 2489 quoque
1220 2422 1495 2472 Diodorus

413 2492 467 2552 Ι,
507 2493 602 2555 55,
654 2493 881 2558 primam
916 2494 1059 2557 regis
1098 2492 1495 2557 expeditionem

413 2561 582 2612 fuisse
623 2562 680 2611 in
716 2562 1041 2627 AethiopeS,
1088 2577 1223 2628 qnos
1259 2561 1495 2612 debella-

410 2636 497 2681 tos
517 2630 587 2681 ad
609 2632 848 2697 vectigal
870 2632 1209 2696 pendendum
1229 2633 1489 2695 coegerit.

409 2700 519 2752 Ubi
550 2701 658 2750 iam
698 2701 1093 2765 Wesselingius
1131 2701 1371 2751 eiusdem
1407 2716 1491 2751 ar-

409 2772 652 2833 gumenti
689 2770 838 2823 locos
879 2771 1164 2823 Strabonis
1211 2770 1386 2837 (XVI.
1431 2786 1487 2834 p.

409 2838 512 2891 769
558 2844 614 2889 et
647 2841 823 2891 XVII.
861 2858 915 2907 p.
955 2839 1079 2904 790)
1123 2844 1290 2905 atque
1328 2838 1491 2891 Plinii

410 2907 512 2971 (Η.
545 2909 615 2959 N.
651 2910 748 2973 VI,
784 2910 871 2973 29,
906 2909 1015 2975 35).
1038 2909 1324 2960 indicavit.
1397 2909 1494 2960 At-

408 2993 512 3043 que
556 2978 846 3030 etiamnum
892 2981 948 3030 in
990 2978 1312 3045 anaglyphis
1358 2981 1491 3028 tem-

404 3048 614 3112 plorum
665 3050 1117 3116 amplissimorum
1170 3048 1383 3099 Nubiae
1435 3053 1490 3099 et

406 3133 602 3169 nomen
636 3120 781 3185 regia
814 3120 1048 3170 inveniri
1090 3118 1283 3170 volunt
1319 3122 1374 3169 et
1412 3118 1490 3183 ip-

408 3202 498 3237 sas
553 3188 668 3239 eiua
731 3204 817 3240 res
866 3192 1306 3256 repraesentatas
1364 3204 1489 3238 con·

408 3254 542 3321 epici
561 3295 574 3318 ,
610 3272 822 3323 pugnae
846 3259 963 3310 scil.
981 3274 1109 3310 cum
1133 3258 1488 3323 Aethiopibus

406 3327 723 3377 commissas
757 3331 813 3377 et
847 3329 1110 3378 victorias
1133 3327 1200 3378 de
1228 3328 1377 3380 hisce
1409 3344 1490 3378 re-

405 3398 681 3459 portatas,
734 3396 1033 3462 triumphos
1080 3397 1336 3459 victoria,
1401 3397 1488 3447 cui

407 3463 613 3514 tributa
648 3478 683 3513 a
718 3465 879 3515 victis
919 3465 1299 3529 praebeantur.
1369 3466 1488 3515 Sin-

407 3532 537 3597 gula
573 3532 800 3597 protulit
833 3534 1066 3583 Heeren.
1107 3533 1277 3583 Ideen
1312 3533 1395 3593 11,
1433 3536 1485 3585 2.

405 3618 532 3668 pag.
562 3602 683 3654 318.
705 3602 824 3664 320,
861 3604 954 3668 qui
981 3602 1085 3653 hoc
1113 3603 1278 3653 etiam
1314 3600 1487 3665 addit,

404 3688 513 3792 {¹33¹
538 3670 1487 3804 offissffte‘l-ssssssdissmsssffss'ssssffiss‘

403 3814 517 3862 tam
554 3811 741 3862 fuisse.
790 3811 1075 3862 Per-tinent
1109 3809 1216 3860 hnc
1237 3809 1484 3873 inprimis

402 3896 469 3932 ea
516 3885 887 3943 monumenta,
946 3894 1088 3946 quae
1140 3878 1488 3929 inveniuntur

401 3949 523 4001 loco
563 3966 644 4013 ee,
681 3950 770 4001 cui
804 3964 948 4000 nunc
967 3963 1162 3999 nomen
1187 3947 1484 4012 Ibsambul,

403 4023 658 4069 accurate
701 4018 975 4083 descripta
1035 4021 1091 4069 et
1134 4016 1408 4067 illustrata
1452 4034 1487 4068 a

401 4087 664 4137 Rosellin.
699 4088 849 4139 Mon.
891 4092 1024 4138 stor.
1068 4086 1186 4148 111,
1220 4089 1271 4137 2.
1324 4102 1378 4150 p.
1416 4086 1485 4137 85

400 4171 553 4275 3532·
570 4195 584 4219 ‘
599 4156 687 4275 αἶ’
716 4154 1485 4290 ἓὲἷῖῗὲρῗὲἒέρίἓῖἷέἑέξέἒὲ

400 4310 600 4414 ἓὲῗιῗΐέ
621 4292 1483 4430 ίὲἓὲὲῗιῑέἕε,ᾘίῗὶοῗζ“ῖῖἕῑ

397 4432 731 4503 roglyphicis
778 4438 834 4487 et
867 4448 1063 4487 nomen
1096 4433 1240 4501 regis
1282 4436 1338 4483 et
1364 4431 1481 4485 lau·

1606 966 1701 1017 dea
1738 966 1856 1018 eiua
1890 966 2160 1026 continet3
2208 964 2282 1015 cf.
2318 961 2451 1012 ibid.
2500 977 2555 1026 p.
2593 963 2689 1014 114

1604 1052 1721 1103 aeq.
1774 1036 1873 1086 178
1916 1051 2068 1101 seqq.
2140 1036 2256 1085 Nec
2305 1032 2474 1082 mirae
2518 1031 2691 1082 videri

1604 1107 1803 1157 debent
1843 1106 2232 1171 Aegyptiorum
2279 1117 2466 1165 regum
2512 1102 2689 1152 incur-

1603 1177 1785 1227 siones
1822 1176 1878 1225 in
1913 1174 2289 1239 Aethiopiam,
2327 1187 2448 1221 cum
2487 1170 2575 1222 vel
2610 1186 2690 1222 re·

1603 1245 1832 1296 centiori
1879 1249 2060 1295 aetate
2102 1243 2243 1293 idem
2290 1241 2495 1292 sactum
2542 1242 2615 1291 ait
2654 1257 2689 1291 a

1602 1315 1810 1366 vicario
1848 1313 2084 1379 Aegypti
2128 1328 2282 1377 rege,
2343 1311 2464 1375 qui,
2514 1310 2687 1375 ipsius

1603 1384 1841 1450 Aegypti
1891 1384 2119 1449 imperio
2165 1381 2302 1433 satis
2351 1380 2688 1444 confirmato,

1604 1456 1789 1504 statim
1824 1452 1994 1504 filium
2032 1467 2187 1503 suum
2223 1465 2344 1501 cum
2381 1450 2554 1515 copiis
2587 1452 2688 1501 Ae-

1602 1524 1864 1589 thiopiam
1883 1537 2073 1574 versus
2101 1520 2267 1582 misit,
2303 1534 2411 1583 quo
2439 1535 2556 1570 eam
2583 1523 2688 1570 ter-

1601 1610 1720 1644 ram
1756 1593 1951 1645 ditioni
1994 1607 2127 1643 suae
2175 1590 2457 1640 adiiceret.
2527 1589 2687 1642 Conf.

1603 1665 1838 1715 Heeren.
1875 1662 1913 1712 l.
1952 1661 1989 1712 l.
2027 1661 2104 1721 ΙΙ,
2145 1660 2193 1713 1.
2231 1675 2286 1724 p.
2322 1658 2428 1709 430
2462 1673 2579 1724 neq.

1603 1818 1636 1851 .
1673 1747 1827 1850 ’ἑήιμ
1829 1799 1847 1867 ]
1868 1745 2012 1850 “1333
2041 1720 2386 1850 &tif-{³32⁰
2425 1720 2689 1862 zm?

1643 1839 1654 1851 ο
1726 1841 1736 1850 ι
1811 1839 1822 1850 ι
2377 1834 2390 1859 ,
2667 1828 2687 1837 “

1604 1871 1724 1921 dem
1769 1871 2044 1934 suspicor,
2087 1870 2146 1918 in
2191 1862 2503 1937 memoriam
2549 1867 2687 1931 peri-

1603 1940 1738 2003 culi,
1775 1938 1921 2005 quod
1962 1954 2055 1988 rex
2093 1936 2387 2001 effugerat,
2435 1936 2511 1998 11,
2562 1937 2682 1987 107.

1602 2011 1719 2061 Nec
1772 2008 1935 2060 aliter
1989 2009 2158 2058 refert
2218 2005 2444 2057 Diodor.
2500 2006 2547 2068 1,
2593 2007 2680 2057 57.

1601 2081 1726 2130 Huc
1762 2079 1925 2128 etiam
1964 2078 2201 2128 fortasse
2244 2075 2518 2141 pertinent
2554 2073 2685 2141 lapi-

1603 2149 1698 2200 des
1734 2148 1984 2214 ingentes
2029 2147 2100 2197 ad
2148 2145 2381 2196 Vulcani
2425 2145 2684 2210 templum

1603 2234 1637 2268 a
1671 2218 1904 2281 captivis
1941 2217 2108 2269 tracti
2132 2213 2229 2281 (11,
2263 2214 2404 2281 108),
2442 2229 2563 2264 cum
2582 2229 2683 2277 μο-

1600 2285 1878 2345 νολίθους
1912 2287 2083 2338 fuisse
2110 2290 2325 2336 statuae
2357 2300 2424 2335 ex
2453 2285 2684 2336 Diodori

1598 2358 1913 2408 testimonio
1958 2360 2167 2422 pateat.
2208 2383 2277 2392 —
2318 2356 2510 2418 „Duos
2556 2371 2683 2406 cou-

1597 2427 1801 2478 aimilee
1849 2425 2092 2478 colossos
2142 2442 2207 2476 ex
2255 2429 2413 2489 parte
2464 2428 2677 2475 trunca·

1596 2502 1683 2548 tos
1699 2535 1712 2558 ,
1753 2512 1817 2547 ex
1840 2496 2021 2561 lapide
2045 2496 2316 2561 Aegyptio
2339 2493 2503 2544 rubro
2524 2494 2680 2555 (Gra-

1597 2566 1692 2631 m't)
1736 2571 1866 2616 ante
1922 2566 2184 2629 palatium
2234 2578 2402 2629 prope
2453 2563 2680 2614 Karnak

1595 2636 1831 2700 positos,
1867 2633 2207 2700 longitudine
2234 2632 2431 2697 viginti
2467 2647 2563 2681 eex
2587 2647 2679 2695 pe·

1596 2705 1720 2755 dum
1759 2703 2097 2754 offenderunt
2133 2699 2549 2761 Franco-Galli,
2586 2701 2677 2766 qui

1592 2773 1754 2823 iidem
1793 2788 1862 2823 ex
1905 2777 2092 2824 nostro
2138 2771 2259 2822 loco
2306 2770 2674 2821 coniecturam

1594 2844 1888 2905 duxerunt,
1934 2842 2012 2892 ibi
2060 2856 2273 2908 quoque
2322 2840 2543 2890 heroum
2577 2844 2676 2890 aut

1592 2929 1778 2977 regum
1822 2913 1880 2962 in
1916 2912 2137 2962 deorum
2191 2912 2422 2962 formam
2468 2909 2674 2960 efficto·

1592 2998 1711 3033 rum
1728 2983 1995 3047 imagines
2014 2982 2245 3044 cogitari
2268 2980 2483 3030 debere.
2545 2978 2670 3031 vid.

1589 3053 1867 3118 Descript.
1906 3052 1973 3103 de
2006 3051 2150 3115 l'Eg.
2187 3050 2296 3102 vol.
2320 3049 2399 3102 11.
2421 3066 2547 3115 pag.
2568 3050 2672 3100 217

1591 3121 1745 3188 seq.“
1784 3123 1872 3175 Gr.
1944 3121 2048 3172 His
2079 3120 2250 3183 adde,
2289 3134 2429 3186 quae
2464 3119 2672 3185 profert

1589 3191 1849 3244 Roaellin.
1888 3190 1925 3241 l.
1963 3190 1998 3244 1.
2037 3206 2162 3256 pag.
2201 3191 2307 3241 254
2341 3203 2456 3255 seq.
2525 3190 2674 3239 Duo·

1589 3277 1707 3312 rum
1763 3262 1905 3312 enim
1957 3260 2322 3320 colonorum,
2382 3258 2475 3325 qui
2528 3257 2584 3308 h.
2633 3258 2668 3306 Ι.

1590 3335 2104 3391 commemorantur,
2157 3328 2388 3379 alterum
2436 3329 2673 3391 prostra-

1588 3404 1703 3451 tum
1734 3399 1945 3450 invenit
1994 3399 2217 3463 eiusque
2245 3394 2502 3460 reliquias
2524 3393 2673 3443 humi

1589 3469 1860 3527 iacentea;
1929 3466 2158 3516 alterum
2208 3480 2336 3515 vero
2380 3463 2670 3526 integrum,

1590 3540 1817 3602 excepto
1860 3534 2041 3599 capite
2088 3533 2368 3593 mutilate,
2416 3531 2512 3581 aed
2561 3546 2673 3581 aer·

1587 3610 1721 3654 vata
1780 3604 2165 3668 inscriptione,
2227 3616 2367 3666 quae
2418 3601 2670 3651 Rameem

1588 3672 1996 3736 (Sesostridem)
2034 3671 2122 3721 hic
2151 3669 2547 3734 repraesentari
2581 3669 2670 3721 de·

1590 3742 1782 3793 clarat.
1843 3740 2021 3791 Alium
2057 3739 2358 3803 colossum,
2391 3742 2519 3789 ante
2542 3738 2670 3789 Vul-

1589 3812 1711 3862 cani
1724 3809 1980 3875 templum
1994 3808 2401 3874 Memphiticum
2412 3812 2669 3871 erectum,

1588 3896 1732 3932 nunc
1775 3895 1906 3929 vero
1952 3879 2098 3929 humi
2157 3883 2513 3942 prostratum,
2576 3880 2669 3944 qui

1586 3950 1729 4000 idem
1771 3948 1915 3999 hunc
1968 3947 2667 3999 Sesostridem-Rameaaem

1587 4022 1958 4084 repraesentat
1975 4055 1989 4079 ,
2044 4032 2214 4082 nuper
2268 4016 2557 4081 descripsit
2601 4033 2668 4069 ac

1587 4088 1886 4139 delineavit
1918 4086 1964 4138 Ι.
1984 4086 2214 4137 Bonomi
2231 4087 2316 4136 int
2353 4087 2670 4138 Transactt.

1588 4158 1651 4208 of
1692 4158 1784 4208 the
1841 4172 1954 4222 reg.
2020 4169 2132 4206 soc.
2179 4154 2241 4206 of
2280 4155 2486 4207 literat.
2533 4154 2667 4219 (aec.

1586 4224 1723 4289 ser.)
1790 4226 1868 4277 ΙΙ.
1930 4241 2059 4290 pag.
2118 4224 2220 4275 297
2280 4240 2433 4290 seqq.
2525 4225 2664 4277 Add.

1584 4295 1860 4360 Brugacli:
1888 4293 2297 4345 Reiseberichte
2319 4309 2420 4344 aua
2431 4293 2667 4358 Aegypt.

1583 4379 1711 4429 pag.
1759 4363 1826 4415 62
1873 4378 1985 4429 aeq.
2066 4362 2413 4413 Coloseorum
2458 4377 2670 4413 mensu-

1582 4448 1700 4497 rae,
1737 4448 1874 4501 quaa
1893 4431 2065 4483 tradit
2094 4431 2437 4494 Herodotus,
2474 4430 2546 4480 ad
2574 4447 2668 4483 no·

2099 552 2426 635 Βασιλεὺς
2451 553 2577 641 μὲν
2604 551 2688 642 δὴ
2713 560 2829 621 110
