3109 5092
1117 335 1620 394 EUTERPE.
1666 336 1751 395 ΙΙ.
1802 344 1921 397 128.

2533 334 2655 396 723

369 504 451 576 οὐ
495 506 710 595 κάρτα
735 508 1023 575 θέλουσι
1063 508 1422 594 Αἰγύπτιοι
1466 505 1896 597 οὖνομάζειν,
1937 505 2107 577 ἀλλὰ
2138 509 2249 576 καὶ
2287 505 2405 588 τὰς
2434 535 2651 597 πυρα-

365 713 661 771 vexarunt,
711 713 772 757 ut
808 708 1082 758 noluerint
1118 710 1324 774 posteri
1358 725 1459 759 no-

365 779 513 827 mina
553 793 735 827 eorum
773 793 990 828 servare
1027 784 1082 828 et
1116 780 1456 843 posteritatis

368 849 659 897 memoriae
705 849 940 899 tradere.
1025 849 1104 898 Ac
1149 849 1455 899 Larcherus

365 917 491 966 inde
537 916 780 983 colligit,
830 917 897 967 de
941 919 1285 982 pyramidum
1331 934 1456 968 con-

369 985 658 1048 ditor-ibae,
694 992 758 1037 ut
794 989 900 1036 iam
939 985 1151 1037 Plinius
1189 993 1348 1038 notat
1381 989 1450 1039 Η.

366 1056 436 1107 N.
473 1057 763 1118 XXXVII,
806 1058 897 1118 12,
951 1072 1142 1122 pamm
1180 1062 1450 1120 constare,

366 1140 486 1174 cnm
523 1126 619 1175 alii
657 1126 817 1175 aliter
850 1128 1085 1191 prodant
1120 1142 1298 1178 rerum
1324 1128 1457 1176 scri-

365 1200 566 1259 ptores.
658 1195 833 1258 Quod,
861 1211 989 1246 vero
1031 1198 1213 1262 Zoega
1267 1197 1458 1246 scribit

367 1265 435 1314 de
482 1264 736 1315 obelisco.
785 1281 838 1329 p.
886 1266 990 1318 293
1026 1270 1177 1329 001.,
1230 1267 1458 1316 Diodori

365 1335 541 1383 locum
576 1336 851 1400 attingens
889 1335 944 1396 Ι,
975 1336 1067 1384 72:
1112 1336 1206 1397 „in
1242 1336 1456 1386 11111101·-

367 1419 485 1453 sum
533 1420 670 1470 quae
718 1405 862 1469 apud
907 1405 1244 1455 Herodotum
1297 1405 1457 1455 alios-

368 1489 469 1538 que
507 1471 761 1538 leguntur
795 1474 862 1523 de
897 1475 1158 1524 infamiae
1194 1481 1328 1525 nota
1363 1475 1460 1524 ha·

366 1558 482 1591 rum
541 1543 879 1608 pyramidum
948 1544 1322 1594 conditoribus
1377 1546 1457 1593 in-

365 1617 515 1673 usta,
554 1628 661 1662 non
690 1613 824 1662 satis
861 1614 1116 1663 videntur
1152 1613 1454 1676 credibilia,

365 1681 676 1731 advertenti
709 1687 795 1731 tot
830 1682 967 1731 alias
1016 1684 1324 1747 pyramides
1365 1699 1455 1732 ex-

367 1757 513 1800 stare
537 1752 592 1800 in
614 1753 884 1816 Aegypto,
924 1752 978 1800 in
1011 1753 1207 1816 quibus
1229 1751 1455 1801 nonnul-

364 1821 451 1870 lae
490 1821 755 1885 praefatis
797 1819 906 1869 illis
955 1837 1063 1870 non
1098 1822 1268 1871 multo
1306 1836 1455 1885 repe-

365 1893 577 1940 riuntur
613 1890 918 1950 minores;“
975 1890 1031 1938 id
1079 1891 1295 1954 quidem
1345 1905 1454 1939 non

367 1960 511 2009 omni
534 1973 599 2008 ex
633 1964 788 2024 parte
812 1964 962 2007 recte
989 1974 1224 2024 vereque
1247 1960 1451 2009 dictum

364 2029 539 2078 videri
586 2029 672 2078 vel
722 2044 787 2078 ea
831 2034 1134 2078 1000011010
1176 2033 1451 2093 poterunt,

366 2114 506 2165 quae
545 2114 609 2147 ex
644 2099 779 2162 ipsis
814 2082 1175 2148 monumentis
1207 2099 1274 2148 ad
1312 2114 1453 2148 com·

364 2167 698 2232 probandam
752 2167 1021 2217 Herodoti
1085 2169 1452 2218 narrationem

365 2238 531 2287 ducta
568 2238 625 2285 in
659 2235 1109 2288 antecedentibus
1149 2237 1450 2288 attulimus.

363 2308 487 2356 Hoc
525 2311 704 2356 autem
733 2308 853 2357 loco
877 2308 1172 2371 praeterire
1203 2308 1453 2357 nolumus

365 2376 621 2427 Heerenii
668 2378 991 2426 sententiam
1039 2376 1227 2439 (Ideen
1271 2377 1358 2437 11,
1396 2379 1448 2428 2.

365 2462 417 2511 p.
455 2445 604 2512 118),
654 2447 740 2495 cui
777 2445 938 2496 valde
976 2445 1267 2495 verisimile
1301 2446 1452 2495 vide-

366 2522 479 2578 tur,
537 2516 874 2581 pyramidum
925 2515 1235 2566 conditores
1288 2516 1453 2580 perti-

365 2600 492 2634 nere
529 2584 598 2634 ad
636 2600 754 2634 eam
790 2600 976 2650 regum
1017 2585 1263 2649 stirpem,
1314 2599 1449 2649 quos

366 2654 572 2717 Hyksos
594 2652 652 2716 (i.
674 2668 721 2704 e.
747 2669 901 2720 reges
924 2654 1262 2720 pastoritios)
1286 2653 1451 2718 vulgo

365 2729 594 2783 vocant,
641 2738 835 2774 exosos
870 2722 991 2773 illos
1028 2724 1244 2789 quidem
1276 2724 1452 2788 Aegy-

364 2793 493 2857 ptiis
546 2797 710 2856 atque
753 2794 987 2854 invisos,
1033 2809 1152 2843 cum
1190 2793 1447 2858 populum

363 2860 523 2911 valde
559 2862 810 2911 vexarint
860 2863 1199 2928 pessimeque
1247 2867 1450 2912 tracta-

365 2932 493 2980 rint.
567 2930 741 2995 Aliam
783 2932 974 2982 deinde
1023 2934 1278 2996 proponit
1324 2946 1449 2981 con-

365 3002 627 3050 iecturam
662 3002 804 3051 idem
826 3002 1125 3052 Heerenius
1158 3001 1216 3066 (l.
1258 3001 1291 3051 1.
1320 3017 1448 3066 pag.

367 3070 626 3121 118.198
662 3086 815 3137 seqq.
856 3071 979 3121 coll.
1016 3071 1090 3133 11,
1138 3071 1180 3122 1.
1221 3086 1274 3136 p.
1302 3071 1447 3132 405),

366 3155 472 3204 qua
507 3141 815 3204 pyramides
853 3141 922 3191 ab
949 3110 1282 3206 Aethiopicis
1313 3140 1451 3206 regi-

365 3209 492 3271 1100,
542 3211 634 3274 qui
678 3225 775 3275 per
825 3210 1044 3276 aliquod
1089 3215 1301 3275 tempus
1348 3211 1451 3259 Ae-

364 3278 519 3342 gypti
554 3294 778 3342 regnum
813 3281 1106 3341 tenuerint,
1141 3284 1451 3330 exstructae

365 3351 649 3410 putentur,
708 3363 830 3397 00111
878 3349 935 3395 10
977 3349 1100 3411 ipsa
1134 3349 1320 3399 Mero'e
1364 3349 1452 3397 iti-

365 3414 484 3463 dem
506 3415 851 3465 inveniantur
871 3418 1200 3480 pyramides,
1231 3418 1299 3467 ad
1322 3433 1452 3482 qua-

365 3498 481 3532 rum
509 3484 782 3548 exemplar
804 3486 1106 3549 Aegyptiae
1132 3486 1335 3535 fuerint
1365 3501 1450 3534 ae-

365 3551 635 3602 dificatae.
720 3554 800 3602 Ac
845 3557 1028 3602 monet
1081 3570 1296 3618 quoque
1336 3556 1452 3603 Rit-

364 3627 464 3671 ter.
507 3620 822 3683 (Erdkunde
861 3622 904 3670 Ι.
946 3638 1070 3687 pag.
1112 3622 1266 3685 540),
1306 3622 1450 3686 apud

363 3691 655 3755 Aethiopes
701 3691 862 3740 initia
903 3692 1111 3740 formae
1145 3691 1452 3756 pyramida-

364 3760 430 3810 lis
480 3761 711 3826 indeque
756 3762 930 3825 ipsam
968 3761 1307 3825 pyramidum
1351 3760 1454 3810 ori-

363 3832 542 3894 ginem
595 3845 716 3880 esse
752 3831 1135 3895 quaerendam.
1211 3828 1316 3879 Sed
1357 3828 1455 3877 ali-

363 3906 447 3948 ter
490 3898 627 3948 haec
676 3915 733 3949 se
784 3900 984 3949 habere
1037 3899 1453 3964 pyramidesque

363 3968 713 4031 Aethiopicas
749 3969 1065 4034 AegyptiiS,
1122 3968 1190 4018 ad
1227 3982 1452 4033 quarum

363 4035 634 4101 exemplar
680 4043 1029 4087 constructae
1084 4044 1240 4100 sunt,
1293 4036 1455 4101 longe

335 4106 647 4158 .inferiores
687 4121 808 4156 esse
843 4107 953 4156 iam
980 4121 1143 4170 supra
1177 4108 1246 4157 ad
1281 4105 1357 4168 11,
1386 4105 1453 4154 29

361 4175 683 4224 monuimus.
767 4175 961 4240 Itaque
1018 4176 1191 4241 magis
1249 4174 1456 4239 placuit

361 4244 496 4293 viris
544 4243 720 4293 doctis
770 4243 943 4294 altera
989 4245 1291 4306 sententia,
1349 4258 1457 4307 qua

363 4313 461 4362 bos
501 4328 658 4377 reges
684 4313 1075 4378 Aegyptiorum
1115 4329 1308 4364 exosos
1346 4327 1456 4362 non

361 4380 499 4431 alios
534 4382 706 4432 fuisse
743 4383 1116 4433 existimemus
1141 4387 1309 4448 atque
1344 4395 1455 4443 eos,

1561 711 1653 776 qui
1688 713 1955 759 vocantur
1977 699 2219 772 ’Τκσώς,
2259 709 2295 759 1.
2328 723 2377 759 0.
2406 705 2654 774 βασιλεῖς

1561 775 1843 843 ποιμένες,
1885 783 1946 828 111
1970 778 2361 843 interpretatur
2385 778 2649 842 Iosephus

1558 849 1679 898 loco
1715 849 1972 914 primario
2010 863 2077 899 ex
2112 848 2458 897 Manethonis
2496 847 2649 898 libris

1559 920 1724 969 ducto
1760 923 1936 968 contr.
1974 918 2172 983 Apion.
2208 917 2253 980 1,
2300 918 2390 980 14,
2429 917 2519 966 vel
2554 932 2649 981 po-

1558 989 1667 1037 tius
1716 997 1976 1051 pastorum
2046 1003 2220 1052 reyes,
2290 991 2351 1037 ut
2383 986 2649 1050 ‚explicat

1555 1057 1761 1109 Roetbe
1813 1057 2137 1108 Geschicbte
2176 1056 2229 1105 d.
2267 1056 2484 1106 abendl.
2520 1057 2648 1106 Phi-

1558 1127 1768 1191 losoph.
1808 1127 1854 1176 1.
1893 1143 1947 1191 p.
1986 1132 2019 1177 4
2056 1131 2226 1185 οο11.;
2276 1128 2345 1176 ad
2386 1126 2484 1175 hos
2520 1141 2645 1175 1010

1559 1197 1778 1246 eosdem
1808 1212 1873 1246 ea
1902 1210 2116 1262 quoque
2142 1196 2411 1261 pertinere
2435 1195 2645 1256 volunt,

1560 1281 1700 1331 quae
1729 1281 1853 1316 mox
1887 1266 2031 1330 apud
2069 1265 2405 1315 Herodotum
2436 1265 2501 1314 de
2533 1265 2650 1314 Plei-

1558 1337 1698 1385 litiae
1735 1342 1986 1401 pastore,
2035 1335 2189 1384 euius
2233 1335 2406 1400 ipsius
2457 1349 2652 1383 nomen

1559 1407 1664 1455 huc
1704 1409 1944 1487 spectet,
1997 1404 2307 1455 traduntur.
2394 1405 2469 1453 At
2517 1419 2648 1453 vero

1558 1474 1745 1540 11111101
1772 1466 2004 1536 Τκσώς,
2041 1474 2436 1538 (1111100001111,
2462 1472 2649 1537 quales

1562 1545 1765 1594 fuerint
1800 1545 1848 1593 si
1876 1557 2135 1609 quaeras,
2175 1542 2336 1593 valde
2362 1542 2463 1592 1100
2495 1542 2562 1591 (10
2589 1557 2649 1592 10

1560 1614 1922 1678 disceptatum
1948 1627 2067 1663 esse
2092 1616 2286 1661 nostra
2307 1611 2647 1676 potissimum

1559 1689 1743 1733 aetate
1778 1698 1936 1732 nemo
1972 1682 2082 1731 fere
2113 1683 2358 1745 ignorat:
2394 1696 2532 1744 quae
2556 1682 2649 1745 qui

1559 1766 1890 1816 cognoscere
1927 1751 2109 1800 omnia
2143 1750 2353 1814 cupiat,
2401 1750 2447 1798 is
2484 1749 2648 1799 adeat

1556 1821 1707 1870 Beck
1740 1819 1973 1884 Aligem.
1997 1818 2333 1883 Weltgesch.
2366 1819 2412 1868 Ι.
2441 1833 2495 1883 p.
2523 1819 2645 1879 296,

1558 1890 1808 1939 01011001.
1867 1889 2191 1938 0010010011.
2253 1887 2542 1938 Herodott.
2588 1903 2645 1951 p.

1560 1959 1659 2010 189
1705 1974 1857 2023 seqq.
1917 1962 1973 2007 et
2020 1957 2308 2023 praecipue
2351 1958 2418 2006 A.
2464 1956 2644 2006 Koch:

1555 2030 1637 2078 De
1675 2029 1895 2093 regibus
1924 2027 2238 2092 pastoribus
2264 2026 2355 2092 qui
2390 2026 2649 2077 dicuntur

1555 2098 1777 2162 Hyksos
1795 2097 2073 2163 Marburg.
2104 2096 2256 2159 1844,
2284 2098 2376 2161 qui
2401 2101 2645 2146 veterum

1555 2167 1881 2231 scriptorum
1910 2167 2223 2216 testimonia
2261 2180 2432 2231 aeque
2466 2180 2533 2215 ac
2566 2180 2648 2213 re-

1554 2237 1815 2287 centioris
1852 2236 2051 2286 aetatis
2086 2235 2325 2286 virorum
2363 2234 2645 2284 doctorum

1555 2307 1858 2357 sententias
1905 2306 2174 2367 exhibuit,
2239 2320 2373 2370 quas
2426 2305 2646 2354 easdem

1555 2377 1719 2426 etiam
1756 2391 1955 2441 magna
1990 2391 2055 2425 ex
2082 2379 2237 2439 parte
2267 2374 2547 2440 proposuit
2581 2388 2647 2423 ac

1553 2445 1869 2510 disquisivit
1892 2446 2067 2494 Kurz:
2116 2444 2440 2494 Geschicbte
2464 2444 2516 2493 d.
2549 2442 2645 2492 alt.

1552 2515 1771 2565 Bundes
1811 2514 1886 2564 ΙΙ.
1927 2530 1979 2577 p.
2021 2514 2120 2563 172
2152 2529 2304 2577 seqq.
2377 2512 2645 2581 Equidem

1552 2588 1613 2633 ut
1650 2584 1863 2632 mittam
1900 2599 1992 2644 ea,
2031 2597 2170 2645 quae
2206 2582 2274 2631 ad
2301 2581 2517 2631 Veteris
2542 2582 2646 2630 Te-

1552 2652 1813 2702 stamenti
1847 2651 2132 2700 historiam
2167 2651 2351 2715 potius
2386 2665 2545 2713 quam
2573 2649 2643 2698 ad

1550 2721 1888 2772 Herodotum
1924 2721 2196 2784 pertinere
2230 2719 2492 2780 arbitror,
2537 2717 2641 2768 hoc

1552 2793 1682 2855 ipso·
1720 2789 2030 2839 Herodoteo
2089 2788 2211 2837 loco
2260 2793 2323 2838 ut
2370 2787 2644 2838 Israelitas

1549 2858 1784 2924 intelligi
1842 2859 2084 2919 credam,
2143 2873 2285 2922 quae
2335 2858 2643 2921 Hengsten-

1551 2929 1727 2994 bergii
1764 2933 1848 2978 est
1877 2927 2165 2983 sententia
2186 2926 2508 2988 ((1.Β1101101
2529 2927 2643 2975 Mo-

1552 3000 1628 3049 sis
1668 3015 1721 3063 p.
1754 2997 1879 3062 264)
1921 2998 1991 3048 ad
2019 2996 2301 3048 Israelitas
2335 2996 2641 3058 referentis,

1552 3084 1692 3135 quae
1746 3067 1813 3118 de
1862 3073 2026 3134 gente
2084 3066 2181 3115 illa
2227 3066 2344 3116 sive
2402 3066 2640 3131 regibus,

1554 3139 1751 3204 quibus
1804 3154 2000 3189 nomen
2049 3127 2290 3200 Γκσώς,
2351 3137 2643 3185 memoriae

1553 3208 1770 3273 prodita
1820 3213 1976 3270 sunt,
2037 3205 2092 3255 id
2142 3220 2177 3255 a
2220 3221 2305 3255 me
2354 3205 2644 3269 impetrare

1554 3293 1784 3342 nequeo.
1869 3278 1949 3327 Ac
1994 3275 2185 3325 merito
2231 3273 2472 3324 oblocuti
2517 3276 2644 3322 sunt

1553 3346 2058 3411 HengstenbergiO.
2091 3342 2390 3392 Bertheau.
2414 3343 2523 3390 Zur
2542 3340 2644 3389 Ge-

1555 3415 1799 3466 schicbte
1848 3415 1900 3464 d.
1941 3411 2182 3462 Israelit.
2221 3426 2275 3474 p.
2318 3410 2421 3460 228
2468 3423 2640 3472 0000.,

1553 3483 1846 3533 Hoffmann
1898 3482 1981 3530 in:
2043 3479 2275 3530 Studien
2333 3493 2386 3526 11.
2438 3476 2641 3526 Kritik.

1558 3551 1828 3603 1839.11.
1868 3566 1921 3614 p.
1961 3549 2064 3599 413
2110 3562 2292 3610 seqq,
2341 3545 2564 3596 Kural.
2602 3544 2639 3594 l.

1553 3638 1609 3685 p.
1652 3620 1754 3669 186
1785 3633 1969 3683 seqq„
2005 3615 2117 3666 alii.
2192 3615 2306 3666 Nec
2352 3615 2526 3679 magis
2575 3614 2642 3664 de

1553 3688 1791 3753 Scythica
1827 3691 1989 3752 gente
2019 3685 2106 3734 1110
2133 3684 2482 3748 cogitandum
2521 3697 2642 3732 esse

1554 3757 1796 3818 videtur,
1857 3757 1924 3806 de
1980 3769 2086 3819 qua
2135 3754 2320 3818 utique
2378 3752 2642 3818 cogitavit

1555 3826 1819 3877 Rosellini
1856 3826 2098 3874 Monum.
2138 3822 2409 3872 storic.1.
2448 3838 2502 3886 p.
2541 3822 2639 3873 167

1556 3911 1707 3960 seqq.
1740 3894 2033 3961 praecipue
2074 3892 2170 3942 176
2206 3906 2320 3973 seq.
2371 3905 2436 3941 ac
2480 3890 2642 3956 longe

1559 3970 1722 4015 antea
1775 3964 1931 4014 Saint
1979 3961 2183 4011 Martin
2239 3963 2296 4009 in
2344 3959 2640 4025 Biograpb.

1556 4032 1900 4084 Universelle
1950 4032 2068 4080 XL.
2117 4047 2171 4095 p.
2224 4028 2354 4091 139,
2406 4030 2645 4094 itemque

1556 4118 1729 4166 nuper
1781 4102 2004 4152 00111101
2051 4100 2117 4149 (10
2160 4099 2308 4149 Lisle
2356 4099 2413 4148 in
2447 4098 2643 4150 Annal.

1560 4173 1655 4221 des
1678 4173 1891 4236 Voyag.
1929 4170 2080 4222 1847.
2105 4169 2256 4220 Juin.
2286 4183 2343 4232 p.
2359 4166 2483 4230 313,
2508 4168 2644 4218 alios

1559 4246 1621 4291 ut
1656 4247 1888 4291 taceam.
1926 4238 2114 4289 Malim
2147 4238 2217 4288 ad
2244 4252 2338 4288 eos
2366 4237 2645 4300 accedere,

1560 4311 1653 4376 qui
1687 4303 1903 4366 “Τκσώς
1943 4308 2067 4358 11100
2106 4308 2224 4358 sive
2270 4321 2426 4371 reges
2464 4311 2647 4369 pasto-

1559 4379 1713 4429 ritios
1765 4377 1944 4428 nullos
1997 4376 2135 4426 alios
2194 4390 2314 4424 esse
2377 4378 2645 4436 statuunt,

2096 4454 2229 4519 46*
2301 4469 2315 4484 ’·
