3109 5092
501 344 624 405 fflffl

1363 350 1899 412 HERODOTI

503 551 616 592 ναι
646 521 824 592 κάτω
845 527 910 603 ἐς
937 522 1055 593 τὸν
1074 530 1144 593 οῖ
1155 521 1473 613 Ἕλληνες
1494 522 1701 613 ἀΐδην
1726 532 2068 613 νομίζουσι
2097 524 2294 610 εἶναι,
2316 522 2585 594 κάκεῖθι
2604 547 2776 612 συγ-

506 626 830 715 κυβεύειν
868 633 950 717 τῇ
987 627 1296 717 Δήμητρι
1318 651 1332 665 ·
1389 632 1500 697 καὶ
1540 628 1621 697 τὰ
1647 629 1774 717 μὲν
1800 634 2001 699 νικᾶν
2027 622 2275 717 αὐτὴν,
2312 628 2399 698 ’τὰ
2429 630 2505 699 δὲ
2534 631 2774 699 ἑσσοῦ-

849 831 980 882 Car.
1016 832 1244 884 CXXII.

575 927 804 984 κάκεῖθι
826 926 1128 1001 συγκυβευε
1134 951 1192 983 ιν
1214 932 1284 1000 τῆ
1305 926 1430 999 Δήιι
1440 934 1587 1000 ητρι]

508 997 738 1054 κάκειθι
775 1004 900 1055 libri
919 1005 1111 1070 scripti
1135 1006 1412 1069 praebent,
1438 1022 1591 1055 exce-

507 1077 617 1141 ptis
638 1075 867 1137 duobuS,
905 1092 935 1124 e
964 1075 1158 1140 quibus
1180 1071 1591 1139 Schweighaeu-

508 1160 661 1197 serus
697 1160 808 1194 una
842 1161 960 1195 cum
1000 1144 1270 1195 Borheck.
1310 1150 1364 1193 et
1396 1144 1593 1195 Schae-

508 1216 624 1265 fero
675 1214 846 1264 edidit
886 1209 981 1262 καὶ
1025 1212 1211 1275 κεῖθι,
1259 1214 1401 1277 quod
1447 1213 1589 1263 idem

509 1284 658 1333 «ledit
705 1283 980 1336 Gaisford.
1066 1283 1174 1334 Sed
1227 1283 1353 1332 olim
1402 1283 1592 1348 vulga-

508 1359 625 1402 tum
673 1358 728 1401 et
769 1352 1028 1402 librorum
1075 1352 1453 1434 plerorumque
1498 1369 1591 1402 au-

508 1422 765 1471 ctoritate
781 1422 1066 1486 probatum
1089 1415 1318 1470 κᾶκεῖθι
1345 1426 1491 1472 recte
1509 1438 1591 1472 re-

507 1491 729 1541 vocavit
749 1491 1005 1552 Bekker„
1029 1506 1189 1555 quem
1210 1496 1438 1540 recentt.
1465 1491 1587 1541 edd.

508 1561 680 1611 secuti
710 1564 865 1619 sunt,
915 1561 963 1609 si
1001 1561 1218 1625 quidem
1250 1561 1451 1610 Noster
1482 1576 1591 1610 non

511 1630 687 1695 magis
730 1628 889 1680 κεῖθι
933 1629 1137 1680 dixisse
1179 1630 1454 1695 putandus
1505 1635 1590 1679 est

510 1705 673 1765 atque
710 1702 902 1755 κεῖνος
937 1700 1033 1766 (de
1068 1715 1173 1765 quo
1204 1698 1315 1749 vid.
1355 1698 1589 1749 BredOV.

507 1786 636 1836 pag.
681 1769 820 1834 119),
856 1769 986 1819 licet
1022 1771 1195 1820 crasis
1232 1769 1336 1818 hoc
1362 1768 1480 1820 loco
1498 1769 1594 1818 ob-

507 1841 600 1891 via
635 1840 812 1891 rarius
856 1840 1002 1904 apud
1045 1841 1305 1891 Nostrum
1358 1839 1593 1904 reperia—

509 1916 624 1970 tur3
658 1909 803 1961 conf.
855 1909 1109 1960 Dindorf.
1157 1909 1409 1974 Prolegg.
1461 1924 1590 1973 pag.

508 1982 610 2031 XI.
646 1979 880 2030 BredOV.
919 1996 1046 2044 pag.
1070 1979 1190 2030 201.
1261 1978 1593 2037 Athenaeus,

509 2050 603 2115 qui
632 2049 775 2099 hunc
808 2038 1074 2099 Herodoti
1093 2048 1271 2099 locum
1299 2048 1456 2098 affert
1491 2048 1590 2097 IX.

509 2135 637 2184 pag.
673 2119 779 2168 410
819 2119 883 2168 E.
923 2118 1040 2168 sive
1088 2133 1213 2183 pag.
1253 2119 1357 2168 520
1391 2117 1590 2178 Schw„

508 2188 675 2238 habet
724 2178 904 2236 κάκεῖ.
999 2187 1082 2237 Ad
1141 2188 1366 2237 formam
1418 2154 1591 2235 dativi

509 2250 769 2320 Δήμητρι
805 2256 950 2305 conf.
988 2256 1217 2306 eundem
1261 2256 1494 2306 Bredov,
1533 2272 1589 2321 p.

508 2329 629 2377 255.
720 2324 838 2373 Iam
886 2325 1030 2390 quod
1081 2324 1151 2374 ad
1213 2330 1588 2389 argumentum

508 2395 617 2446 loci
631 2394 858 2456 attinet,
898 2395 1156 2445 cuborum
1186 2394 1393 2455 lusum,
1429 2410 1587 2459 quem

508 2465 598 2515 hic
643 2464 1053 2528 Rhampsinitus
1100 2479 1222 2515 cum
1272 2464 1465 2514 Cerere
1511 2463 1593 2513 lu-

509 2535 647 2585 sisse
682 2534 909 2596 dicitur,
950 2550 1058 2583 non
1090 2533 1479 2599 infrequentem
1511 2533 1593 2583 fu-

507 2605 620 2655 isse
666 2620 761 2669 per
797 2605 1105 2669 Aegyptum
1151 2604 1272 2668 ipsa
1315 2608 1590 2654 testantur

508 2678 874 2735 monumenta,
901 2673 1065 2724 talem
1077 2673 1263 2723 ludum
1282 2674 1376 2739 qni
1398 2679 1587 2737 agunt,

508 2744 847 2794 exhibentia:
887 2743 1017 2808 quid
1053 2742 1196 2808 qnod
1233 2744 1410 2808 ipsum
1446 2743 1590 2794 hunc

506 2830 686 2879 regem
725 2814 804 2863 sic
837 2812 1110 2862 ludentem
1141 2814 1502 2876 conspicimus
1531 2813 1588 2860 in

507 2883 806 2947 parietibus
851 2882 1042 2945 palatii
1097 2882 1166 2931 ab
1212 2882 1333 2946 ipso
1382 2882 1585 2932 Thebis

507 2952 770 3000 exstructi
795 2954 1257 3013 repraesentatum
1288 2950 1432 3015 apud
1454 2949 1588 3000 Wil-

506 3019 721 3068 kinson.
761 3020 1017 3068 Manners
1055 3025 1161 3069 etc.
1198 3019 1275 3069 11.
1313 3034 1440 3084 pag.
1482 3020 1587 3070 420

507 3102 658 3151 seqq.
701 3087 749 3138 Ι.
784 3101 908 3151 pag.
952 3088 1033 3148 14,
1074 3092 1135 3137 ut
1172 3102 1304 3137 sane
1325 3104 1407 3149 ea,
1448 3103 1589 3153 quae

505 3157 559 3207 h.
598 3156 635 3206 l.
686 3156 752 3207 de
797 3155 1175 3220 Rhampsinito
1218 3172 1338 3205 cum
1394 3158 1589 3207 Cerere

506 3225 726 3276 ludente
800 3224 1116 3287 traduntur,
1196 3226 1589 3291 Aegyptiorum

507 3295 751 3361 adeoque
793 3294 964 3359 ipsius
1021 3295 1166 3360 regis
1212 3295 1348 3345 mori
1391 3311 1586 3346 conve-

504 3367 717 3416 nienter
757 3364 889 3415 ficta
936 3380 1056 3417 esse
1102 3363 1415 3427 videantur,
1462 3380 1584 3415 cum

505 3435 669 3486 altius
700 3435 829 3502 quid
865 3434 969 3485 hac
1006 3433 1192 3485 fabula
1226 3436 1465 3499 spectari
1494 3450 1586 3484 ne-

503 3522 591 3556 mo
628 3521 735 3555 non
771 3504 977 3556 videat.
1048 3503 1260 3555 Similia
1297 3506 1436 3554 enim
1472 3506 1585 3554 fere

503 3581 792 3625 narrantur
827 3574 972 3639 apud
1008 3573 1355 3624 Plutarchum
1403 3574 1469 3623 de
1505 3574 1582 3626 Is.

505 3650 559 3695 et
598 3645 798 3695 Osirid.
835 3661 955 3709 cap.
997 3645 1078 3695 12.
1116 3659 1242 3708 pag.
1267 3645 1369 3695 355
1401 3642 1583 3707 (quem

503 3714 681 3764 locum
726 3714 832 3763 iam
881 3728 1044 3778 supra
1091 3714 1160 3763 ad
1204 3713 1278 3775 11,
1327 3714 1360 3762 4
1399 3712 1584 3775 attigi-

504 3799 652 3844 mus,
700 3783 796 3833 ubi
830 3782 940 3833 vid.
976 3782 1142 3847 nott.)
1178 3782 1244 3831 de
1293 3781 1583 3841 MercuriO,

504 3852 596 3916 qui
634 3867 754 3902 cum
794 3852 952 3901 Luna
1001 3851 1104 3901 dea
1148 3843 1402 3915 (Σελήνη
1452 3851 1584 3901 dici-

503 3920 615 3985 tur)
680 3919 870 3970 ludens
937 3916 1170 3980 (παίξας
1221 3917 1438 3981 πέττια)
1502 3934 1583 3969 se-

503 3989 896 4054 ptuagesimam
932 3989 1194 4053 cuiusque
1229 3989 1338 4039 diei
1373 3991 1582 4052 partem

503 4057 697 4108 fecerit
741 4057 946 4107 lucrum
994 4061 1050 4106 et
1098 4072 1163 4106 ex
1211 4057 1296 4106 his
1346 4058 1583 4123 quinque

505 4126 620 4177 dies
657 4126 1001 4175 constituerit
1034 4125 1275 4189 integros
1293 4142 1437 4176 anno
1469 4125 1585 4190 (qui

504 4201 620 4248 tum
649 4192 751 4245 360
768 4193 956 4244 diebus
981 4194 1248 4258 constitit)
1273 4195 1582 4256 addendos;

501 4266 602 4316 hos
649 4279 777 4313 vero
827 4262 940 4312 dies
991 4262 1341 4314 intercalares
1373 4265 1481 4314 dici
1513 4264 1584 4313 si-

501 4333 719 4399 mulque
755 4330 966 4382 natales
997 4331 1232 4397 quinque
1257 4331 1476 4382 deorum
1499 4348 1583 4382 ce-

500 4403 703 4455 lebrari
732 4417 898 4467 supra
932 4401 1040 4451 iam
1078 4400 1329 4451 diximus.
1386 4401 1582 4465 Itaque

1689 798 1836 848 haud
1880 813 2025 847 vana
2068 797 2286 847 videtur
2325 799 2593 863 suspicio,
2638 798 2785 847 hanc

1693 883 1904 918 omnem
1941 867 2007 917 de
2045 865 2425 931 Rhampsinito
2464 867 2534 917 ad
2570 867 2781 917 inferos

1693 937 2054 987 descendente
2094 942 2149 987 et
2180 953 2300 987 cum
2332 938 2527 987 Cerere
2559 937 2783 987 ludente

1693 1006 1935 1057 fabulam
1956 1011 2205 1070 spectare
2220 1006 2289 1056 ad
2305 1023 2434 1070 rem,
2456 1023 2617 1072 quam
2638 1023 2785 1057 nunc

1694 1082 1912 1137 vocant,
1951 1075 2335 1139 calendariam,
2370 1092 2511 1142 quae
2546 1077 2645 1126 sub
2678 1076 2785 1125 hoc

1692 1162 1823 1211 rege
1868 1145 2297 1196 emendationem
2356 1147 2627 1212 quandam
2674 1162 2787 1195 me·

1688 1216 1985 1281 lioremque
2010 1216 2453 1265 constitutionem
2486 1217 2781 1279 acceperit,

1692 1286 1937 1350 adeoque
1979 1285 2050 1334 ad
2096 1284 2385 1335 Phoenicis
2429 1284 2639 1349 cyclum
2679 1285 2782 1351 (de

1691 1371 1797 1420 quo
1834 1356 1909 1405 cf.
1933 1359 2073 1404 nott.
2101 1354 2170 1404 ad
2202 1352 2276 1417 11,
2315 1355 2409 1413 73)
2443 1370 2588 1405 anno
2618 1356 2779 1416 1275,

1691 1440 1797 1490 quo
1845 1425 2100 1490 regnavit
2143 1425 2578 1488 Rhampsinitus,
2627 1425 2780 1474 rede-

1690 1498 1902 1555 untem,
1942 1498 2003 1543 ut
2021 1494 2250 1557 Lepsins
2271 1494 2585 1553 arbitratur,
2611 1493 2782 1542 Chro-

1690 1563 1874 1627 nolog.
1910 1562 1965 1613 d.
2002 1563 2237 1628 Aegypt.
2273 1563 2319 1613 1.
2358 1578 2485 1627 pag.
2510 1563 2613 1614 300
2649 1562 2779 1613 coll.

1693 1633 1755 1682 91
1799 1638 1854 1683 et
1886 1631 1974 1682 191
2017 1648 2170 1698 seqq.
2244 1632 2355 1682 Sub
2392 1631 2775 1697 Rhampsinito

1695 1706 1841 1752 certe
1877 1700 2112 1766 aliquid,
2166 1701 2309 1765 quod
2346 1701 2417 1751 ad
2451 1717 2563 1751 rem
2600 1700 2783 1751 calen-

1695 1771 1901 1821 dariam
1942 1771 2227 1835 pertinuit,
2264 1771 2470 1821 factum
2505 1786 2653 1832 esse,
2689 1769 2783 1821 vel

1694 1842 1821 1891 inde
1855 1839 2084 1905 colligas
2114 1839 2272 1903 licet,
2307 1840 2449 1906 quod
2485 1840 2676 1906 templi
2708 1840 2781 1890 ab

1694 1911 1798 1960 hoc
1847 1926 1975 1969 rege
2022 1909 2223 1960 Thebis
2280 1907 2445 1973 (nunc
2508 1909 2783 1960 Medinat-

1694 1979 1840 2042 Abu)
1862 1980 2125 2029 exstructi
2145 1980 2321 2043 paries
2340 1984 2643 2030 extrorsum
2662 1994 2783 2028 ver-

1694 2065 1787 2100 sus
1832 2050 2044 2114 integer
2088 2050 2331 2099 continet
2388 2048 2781 2112 calendarium,

1693 2123 1754 2168 ut
1792 2119 1933 2169 idem
1969 2119 2178 2168 monuit
2210 2120 2442 2182 Lepsius
2481 2118 2519 2169 1.
2555 2117 2595 2169 l.
2670 2119 2780 2168 Ne-

1694 2202 1799 2253 que
1833 2188 1961 2238 inde
2005 2189 2194 2237 mirum
2233 2193 2344 2249 est,
2389 2189 2445 2237 in
2490 2187 2647 2237 huius
2698 2188 2783 2237 rei

1691 2258 2006 2308 memoriam
2042 2257 2342 2322 Aegyptios
2368 2257 2674 2307 instituisse
2703 2258 2783 2306 fe-

1693 2334 1865 2389 stum,
1903 2326 2047 2392 quod
2083 2331 2233 2376 certo
2253 2332 2494 2391 tempore
2516 2326 2781 2376 redeunte

1689 2401 1917 2461 agerent
1965 2395 2217 2461 quodque
2274 2396 2344 2445 ad
2398 2411 2551 2446 snam
2604 2396 2781 2460 ipsius

1694 2471 1931 2516 aetatem
1964 2465 2088 2515 illos
2117 2466 2394 2529 peregisse
2413 2465 2615 2515 Noster
2643 2466 2783 2515 scri-

1694 2534 1804 2597 bit,
1865 2534 1959 2600 qui
2006 2534 2135 2585 festi
2177 2535 2336 2585 huius
2384 2549 2608 2584 cansam
2656 2535 2779 2584 sive

1692 2620 1914 2668 prorsus
1934 2605 2194 2670 ignorans
2216 2606 2333 2654 sive
2363 2619 2472 2653 non
2496 2605 2632 2654 satis
2658 2618 2778 2668 per-

1691 2679 1933 2739 spectam
1981 2672 2216 2733 habens,
2271 2689 2379 2738 qua
2424 2673 2531 2722 fuit
2565 2672 2673 2723 fide
2709 2689 2778 2723 ac

1689 2743 1950 2809 relig-ioue
1979 2744 2036 2791 in
2062 2710 2309 2792 omni’bus
2340 2742 2500 2792 rebus
2523 2757 2777 2792 enarran-

1691 2812 1805 2876 dis,
1841 2811 2090 2862 consulto
2121 2811 2399 2862 addidisse
2421 2812 2637 2861 videtur
2657 2827 2778 2862 ver-

1688 2883 1785 2933 ba:
1827 2872 1895 2930 οὗ
1923 2878 2134 2960 μέντοι,
2174 2878 2284 2930 εἴτε
2308 2877 2388 2930 δι’
2422 2874 2556 2929 ἄλλο
2586 2896 2639 2928 τι
2663 2877 2777 2930 εἴτε

1689 2944 1787 3000 διὰ
1821 2948 1998 2999 ταῦτα
2033 2939 2360 3012 ὁρτάζουσι,
2412 2943 2519 3013 ἔχω
2568 2944 2769 3012 λέγειν.

1688 3020 2051 3084 Rhampsiniti
2090 3035 2220 3069 vero
2255 3020 2548 3069 descensus
2585 3020 2653 3068 ad
2694 3019 2776 3068 in-

1690 3089 1837 3140 feros
1884 3088 2367 3153 commerciumque
2409 3102 2531 3137 cum
2577 3088 2777 3138 infero-

1690 3175 1807 3208 rum
1846 3157 1947 3206 diis
1982 3157 2254 3216 habitum,
2306 3156 2465 3222 quale
2498 3158 2776 3208 commini-

1691 3228 1981 3279 scebantur
2005 3226 2294 3291 Aegyptii,
2332 3241 2453 3275 cum
2491 3226 2562 3276 ad
2596 3228 2775 3291 Aegy-

1686 3298 1923 3361 ptiorum
1968 3296 2272 3360 opinionem
2318 3296 2384 3345 de
2430 3296 2624 3345 inferis
2664 3301 2776 3345 sta-

1686 3371 1853 3430 tuque
1884 3365 2152 3415 humanae
2197 3364 2410 3415 animae
2456 3370 2583 3429 post
2631 3364 2772 3416 hanc

1685 3437 1853 3485 vitam
1873 3438 2184 3484 terrestrem
2220 3435 2436 3483 omnino
2458 3434 2775 3497 pertineret,

1685 3510 1879 3569 sponte
1911 3504 2169 3553 Nostrum
2204 3503 2497 3553 adduxisse
2536 3502 2774 3566 videtur,

1685 3578 1747 3623 ut
1779 3573 1882 3624 hac
1918 3573 2205 3622 occasione
2243 3572 2429 3622 oblata
2454 3572 2521 3622 de
2557 3572 2773 3623 animae

1685 3642 2094 3693 immortalitate
2114 3657 2235 3706 cap.
2264 3642 2363 3691 123
2393 3640 2657 3705 quaedam
2677 3640 2772 3690 ad-

1685 3712 1862 3773 deret,
1902 3727 2007 3776 quo
2034 3711 2207 3775 magis
2232 3710 2373 3760 hanc
2405 3714 2576 3761 totam
2608 3726 2772 3776 quae-

1684 3781 1914 3831 stionem
1943 3780 2320 3845 gravissimam
2343 3795 2443 3829 sua
2477 3785 2662 3831 aetate
2685 3780 2772 3830 vel

1685 3866 1718 3900 a
1754 3849 2092 3914 philosophis
2127 3850 2358 3900 maxime
2396 3850 2660 3915 agitatam
2685 3850 2768 3898 vi-

1685 3919 1885 3970 disset:
1938 3917 2004 3968 de
2051 3932 2160 3983 qua
2202 3934 2260 3968 re
2305 3918 2415 3968 vid.
2465 3934 2605 3984 quae
2648 3918 2769 3968 dili-

1684 3992 1875 4052 genter
1906 3988 2157 4050 exposuit
2186 3987 2506 4037 Bakhuizen
2540 4003 2646 4038 van
2672 3987 2767 4037 der

1685 4057 1882 4107 Brink.
1919 4057 2078 4106 Varr.
2117 4057 2297 4107 Lectt.
2336 4071 2401 4106 ex
2436 4056 2627 4107 histor.
2653 4056 2769 4120 phi-

1683 4125 1897 4191 losoph.
1945 4126 2116 4191 antiq.
2178 4124 2378 4190 (Lngd.
2428 4125 2555 4177 Bat.
2610 4124 2767 4190 1842)

1685 4193 2116 4325 ΡΒΞαὶΠτῑ-Βιῗὲν
2174 4259 2343 4311 νικᾶν
2385 4253 2568 4325 αὐτὴν
2611 4276 2661 4309 κ.
2715 4276 2765 4315 τ

1683 4330 1756 4396 λ.]
1794 4332 1910 4382 Iam
1930 4331 2326 4382 Valckenarius
2353 4346 2418 4380 ex
2457 4331 2589 4381 diss.
2622 4331 2767 4379 Dan.

1685 4400 1991 4451 Szathmari
2019 4401 2086 4451 de
2106 4399 2484 4451 Pharaonibus
2503 4405 2631 4465 apte
2655 4415 2772 4449 mo·
2840 4427 2845 4431 ·
