3109 5092
430 321 555 385 620

351 505 431 567 87
446 497 838 582 σκευάζουσι
873 498 1177 587 νεκρούς.

1301 323 1835 387 HERO-DOTI

1297 498 1467 579 Τούς
1507 500 1583 569 δὲ
1616 497 1698 568 τὰ
1734 500 1903 588 μέσα
1937 499 2430 588 βουλομένους,
2472 494 2598 586 τὴν
2641 497 2719 567 δὲ

441 610 884 690 πολυτελείην
929 601 1346 691 φεύγοντας,
1393 602 1791 686 σκευάζουσι
1834 592 1989 675 ὦδε.

2097 598 2306 670 ἐπεὰν
2347 598 2504 681 τούς
2550 610 2715 671 κλυ-

438 710 685 794 στῆρας
722 705 1107 795 πλήσωνται
1152 711 1276 774 τοῦ
1327 704 1459 776 ἀπὸ
1504 709 1753 796 κέδρου
1794 703 2154 794 ἀλείφατος
2190 706 2590 794 γινομένου,
2640 707 2718 773 ἐν

437 801 534 879 ὦν
579 816 880 898 ἔπλησαν
919 813 1040 878 τοῦ
1085 815 1334 899 νεκροῦ
1381 808 1507 900 τὴν
1539 815 1836 898 κοιλίην,
1888 805 2045 878 οὔτε
2085 804 2539 898 ἀναταμόντες
2587 804 2711 878 αὖ·

434 977 585 1028 dant.
660 978 745 1028 Ad
776 976 915 1027 talia
934 978 1178 1043 profecto
1206 979 1406 1030 Noster
1440 994 1521 1030 re·

434 1047 642 1113 spicere
678 1051 913 1113 poterat.

723 1221 855 1271 Car.
893 1219 1223 1270 LXXXVII.

505 1314 662 1380 Τούς
709 1316 772 1369 δὲ
822 1313 892 1371 τα
928 1320 1069 1384 μέσα
1115 1319 1521 1386 βουλομένους]

435 1396 591 1456 Quae
647 1391 728 1442 sic
787 1391 1183 1441 circumscribit
1241 1392 1521 1456 Heynius:

436 1453 573 1517 τοὺς
609 1457 991 1525 βουλομένους
1025 1452 1169 1510 κατὰ
1202 1452 1310 1522 τὴν
1344 1459 1521 1524 μέσην

436 1528 762 1592 ταρίχευσίν
807 1542 908 1593 σφι
943 1520 1044 1577 τὸν
1082 1522 1288 1591 νεκρὸν
1324 1543 1523 1578 σκευα-

443 1597 678 1663 σθῆναι.
717 1600 790 1648 Et
805 1599 952 1648 conf.
977 1599 1052 1659 ΙΙ,
1077 1597 1147 1650 88
1165 1599 1285 1648 init.
1326 1599 1524 1660 Quam·

439 1684 601 1734 quam
645 1668 871 1719 verbum
921 1660 1209 1726 σκευάζειν
1256 1683 1364 1718 non
1409 1673 1522 1717 tam

437 1739 505 1789 ad
533 1739 680 1804 ipsos
700 1737 1041 1788 necessarios
1066 1736 1309 1787 defuncti
1339 1753 1522 1787 curam

438 1813 718 1874 gerentes,
763 1822 921 1872 quam
963 1806 1034 1856 ad
1080 1822 1264 1857 curam
1310 1812 1524 1858 mortuo

438 1877 848 1943 impendendam
885 1881 1118 1942 spectat.
1190 1877 1297 1927 Pro
1327 1873 1524 1939 βουλο-

436 1943 643 2012 μένους
663 1946 791 1997 olim
823 1942 1255 2011 βουλευμένους,
1292 1946 1435 2009 quod
1453 1945 1526 1995 ab

437 2017 667 2080 antiqua
713 2015 887 2065 forma
932 2011 1233 2080 βουλέομαι
1281 2019 1525 2079 repeten-

439 2088 566 2137 dum
589 2100 695 2134 non
719 2084 970 2149 displicet
990 2082 1521 2149 Schweighaeusero.

437 2155 579 2205 Nam
613 2153 765 2203 verbi
800 2145 1180 2218 βουλεύεσθαι
1215 2152 1394 2204 nullus
1434 2154 1522 2204 bic

438 2223 610 2275 locus.
683 2221 842 2272 Conf.
880 2221 959 2283 11,
991 2220 1079 2273 86.
1117 2222 1213 2283 VI,
1252 2222 1339 2274 66.

507 2282 613 2355 τὴν
658 2283 722 2338 δὲ
769 2288 1137 2354 πολυτελείην
1183 2283 1521 2357 φεύγοντας]

438 2357 807 2423 πολυτελείην
830 2357 953 2407 dedi
982 2357 1100 2424 (pro
1121 2356 1521 2425 πολυτεληΐην)

438 2445 559 2480 cum
602 2432 830 2478 recentt.
884 2427 1007 2480 edd.
1074 2428 1216 2478 Vide
1259 2433 1401 2479 nott.
1449 2431 1521 2481 ad

440 2500 484 2560 1,
522 2498 608 2550 54.
680 2498 766 2549 Ad
784 2497 955 2548 verba
973 2512 1145 2563 seqq„
1184 2498 1278 2548 ubi
1304 2499 1521 2550 coniun-

437 2569 641 2619 etivnm
663 2567 718 2617 in
744 2568 950 2632 protasi
967 2569 1201 2632 positum
1226 2558 1432 2632 (ἐπεὰν
1452 2599 1522 2610 —

436 2633 790 2703 πλήσωνται)
826 2637 1026 2701 excipit
1049 2638 1286 2689 aoristus
1322 2638 1378 2688 in
1398 2653 1527 2704 apo-

438 2708 574 2770 dosi,
611 2711 674 2758 ut
709 2708 873 2757 etiam
904 2707 960 2757 in
986 2707 1092 2757 fine
1117 2708 1336 2771 capitis,
1374 2710 1521 2762 conf.

438 2777 641 2828 similes
678 2775 830 2826 locos
867 2775 1063 2827 allatos
1098 2792 1132 2826 a
1166 2777 1413 2829 Nitzsch.
1451 2782 1523 2831 ad

438 2847 638 2911 Odyss.
672 2846 798 2907 XII,
836 2846 906 2897 66
941 2851 995 2896 et
1027 2851 1166 2897 nott.
1210 2846 1278 2895 ad
1314 2847 1518 2902 Herod.

439 2916 484 2977 I,
525 2915 641 2966 194.
681 2944 752 2953 --
795 2907 1038 2978 κλυστὴρ
1076 2915 1278 2965 dicitur
1319 2914 1521 2974 instra-

439 2989 697 3043 mentum,
713 2996 819 3063 quo
832 2982 1061 3045 liquoris
1081 2983 1137 3033 in
1148 2984 1330 3033 alvum
1349 2984 1409 3034 fit
1425 2985 1520 3038 im-

438 3052 654 3112 missi03
691 3066 755 3101 το
792 3048 1013 3113 κλύσμα
1045 3052 1100 3101 id
1137 3052 1342 3115 ipsum,
1381 3058 1525 3119 quod

439 3121 749 3170 immittitur
781 3135 825 3169 s.
853 3121 1148 3172 immissum
1184 3126 1288 3171 est.
1359 3124 1525 3177 Plura

436 3189 549 3243 vid.
587 3190 645 3239 in
694 3188 860 3240 Thes.
897 3190 1060 3255 Ling.
1096 3190 1289 3241 Graec.
1333 3192 1427 3244 IV.
1468 3212 1522 3260 p.

439 3258 574 3312 1663
603 3258 861 3310 Dindorf.

504 3326 611 3379 τοῦ
645 3318 761 3379 ἀπὸ
797 3325 1007 3389 κέδρου
1030 3318 1343 3390 ἀλείφατος
1367 3345 1524 3393 γινο-

432 3397 571 3464 μὲνο
579 3396 630 3465 υ]
646 3397 755 3449 Alii
767 3398 989 3449 brevius
1004 3398 1310 3462 exprimunt
1331 3391 1523 3449 ἔλαιον

432 3461 496 3518 τὸ
542 3458 600 3517 ἔτι
641 3465 746 3517 τοῦ
779 3464 989 3529 κέδρου
1026 3483 1071 3518 s.
1112 3461 1303 3515 ἔλαιον
1337 3465 1523 3529 att-‘dot-

435 3553 567 3600 νον,
606 3541 764 3589 oleum
796 3538 1070 3591 cedrinum.
1107 3534 1250 3601 quod
1272 3551 1339 3585 ex
1358 3538 1520 3588 cedro

434 3623 476 3659 s.
517 3608 762 3673 iunipero
797 3606 1066 3671 oxycedro
1104 3621 1150 3656 s.
1198 3604 1360 3656 cedro
1395 3607 1524 3657 bac-

434 3677 605 3727 cifera
664 3695 709 3728 s.
760 3675 956 3727 Cilicia
1015 3675 1256 3741 capitur,
1320 3676 1438 3727 sive
1483 3667 1519 3740 ἡ

433 3743 660 3808 κεδρίη,
722 3750 784 3796 ut
841 3761 964 3796 mox
1011 3748 1213 3795 Noster
1257 3742 1518 3809 loquitur.

436 3812 593 3875 Quod
631 3814 700 3864 ad
735 3815 904 3866 hocce
939 3818 1097 3865 oleum
1128 3814 1409 3876 cedrinum,
1463 3820 1523 3864 ut

432 3882 745 3933 Herodotus
791 3884 892 3943 ait,
939 3888 1100 3933 notat
1147 3880 1422 3934 Gmelinus
1461 3882 1519 3947 (1.

433 3965 599 4015 supra
632 3950 671 4002 l.
707 3966 834 4017 pag.
885 3952 1000 4016 15)=
1045 3951 1278 4015 cogitari
1325 3952 1522 4002 debere

429 4018 692 4086 liquidam
728 4021 1036 4081 materiam,
1073 4035 1234 4086 quam
1273 4035 1339 4070 ex
1376 4020 1524 4071 cedri

434 4088 600 4139 ramis
639 4087 899 4153 lignoque
946 4088 1230 4139 elicuerint
1276 4094 1521 4150 veter-2⁸3

435 4160 640 4209 sactum
677 4171 798 4207 esse
827 4156 932 4206 hoc
965 4156 1074 4217 ita,
1120 4161 1182 4206 ut
1229 4156 1524 4209 adurerent

435 4224 698 4277 eiusmodi
741 4225 1014 4286 arborem,
1076 4240 1180 4290 quo
1224 4226 1526 4291 liquefacta

433 4294 612 4346 resina
627 4293 889 4345 efflueret.
927 4296 1126 4345 Verum
1148 4293 1367 4346 dubitat
1379 4297 1521 4347 idem

432 4365 518 4417 vir
551 4362 744 4415 doctus
795 4380 849 4429 p.
893 4362 959 4414 19
993 4363 1033 4415 l.
1067 4361 1127 4426 l.,
1162 4364 1524 4429 periculorum

1623 978 1987 1029 chemicorum
2027 976 2359 1027 auctoritate
2394 974 2596 1036 fretus,
2630 991 2717 1025 ce-

1624 1049 1795 1098 driam
1832 1051 1928 1097 aut
1961 1045 2124 1096 aliam
2160 1043 2433 1110 quandam
2478 1044 2715 1094 resinam

1623 1116 1921 1182 simplicem
1982 1115 2381 1181 frequentatam
2437 1113 2609 1164 finisse
2656 1114 2716 1163 in

1626 1185 1944 1237 condiendis
1982 1184 2366 1244 cadaveribus,
2416 1198 2538 1233 cum
2570 1184 2716 1233 ‘mix-

1624 1262 1714 1306 tae
1750 1262 1813 1305 ut
1838 1255 2126 1320 plurimum
2161 1253 2511 1314 conditurae,
2558 1253 2717 1303 nimi·

1625 1341 1743 1375 rum
1783 1324 2123 1389 compositae
2161 1339 2226 1372 ex
2253 1322 2520 1373 bitumine
2555 1327 2610 1371 et
2632 1338 2717 1371 re-

1626 1392 1765 1456 sin'a,
1803 1393 2043 1458 vestigia
2066 1393 2428 1457 reperiantur.
2464 1391 2715 1456 Asphalti

1625 1463 1927 1514 communis
1966 1477 2146 1512 rarum
2194 1462 2248 1512 in
2296 1460 2553 1525 parandis
2602 1476 2718 1510 mn-

1626 1534 1750 1584 miis
1769 1548 1924 1583 usum
1954 1533 2124 1582 fuisse
2142 1536 2325 1581 monet
2349 1544 2562 1594 quoque
2588 1529 2719 1580 Blu-

1625 1601 1979 1653 menbachius
2016 1600 2210 1663 (Beitr.
2250 1594 2298 1650 ε’.
2344 1598 2715 1663 Naturgesch.
2801 1630 2808 1635 ·

1626 1672 1705 1723 ΙΙ.
1732 1687 1787 1736 p.
1823 1672 1911 1722 88.
1946 1671 2088 1735 123),
2129 1669 2353 1729 addens,
2390 1668 2628 1718 cedriam
2653 1674 2720 1718 ut

1628 1740 1913 1807 plurimum
1941 1740 2236 1790 admixtam
2268 1738 2457 1799 fuisse,
2497 1737 2719 1787 fluidam

1633 1815 1815 1860 autem
1871 1810 2109 1859 cedriam
2166 1807 2493 1872 clysteribus
2548 1808 2719 1857 inser-

1630 1880 1822 1930 viisse.
1894 1880 2048 1929 Haec
2083 1876 2435 1941 transscripsi
2481 1891 2513 1926 e
2553 1876 2721 1926 Creu-

1632 1950 1743 1999 zeri
1781 1948 1991 1998 Comm.
2040 1964 2094 2012 p.
2132 1949 2199 1997 75
2245 1961 2382 2009 seq„
2416 1945 2513 1996 ubi
2558 1945 2720 2011 plura

1631 2017 1914 2084 disputata
1956 2018 2013 2067 in
2049 2021 2337 2080 utramque
2380 2020 2589 2079 partem
2626 2030 2717 2065 ex-

1630 2087 1915 2148 hibentur,
1972 2102 2122 2149 cum,
2176 2099 2316 2150 quae
2363 2083 2432 2133 ad
2483 2084 2718 2149 proban-

1630 2157 1752 2207 dam
1792 2156 2160 2206 Herodoteam
2195 2153 2521 2205 sententiam
2561 2169 2589 2203 c
2629 2169 2718 2203 ce-

1628 2226 1712 2276 dri
1746 2230 1945 2275 natura
1983 2224 2128 2287 (nam
2161 2231 2458 2289 puryantem
2498 2222 2719 2274 cedriae

1625 2296 1735 2346 vim
1771 2294 1879 2359 ipsi
1917 2299 2132 2345 veteres
2163 2292 2359 2344 medici
2386 2291 2718 2357 agnoscunt)

1626 2363 1841 2430 prolata
1868 2362 2070 2414 fuerint
2104 2366 2449 2427 argumenta,
2488 2361 2557 2412 ab
2592 2361 2717 2412 aliia

1626 2433 1699 2484 ad
1721 2433 2112 2484 confutandum
2133 2431 2473 2482 Herodotum
2492 2431 2605 2483 sint
2624 2430 2717 2481 de-

1627 2509 1795 2553 torsa.
1839 2503 1993 2564 Quae
2013 2518 2112 2553 nos
2140 2501 2356 2566 quidem
2381 2500 2516 2550 nihil
2538 2515 2719 2551 mora-

1625 2587 1744 2622 mur
1779 2572 1979 2636 quippe
2016 2571 2073 2620 in
2109 2586 2185 2631 re,
2224 2585 2365 2634 quae
2390 2569 2719 2620 medicorum

1630 2645 1841 2691 tantum
1869 2645 1925 2690 et
1949 2641 2298 2705 physicorum
2331 2638 2720 2690 chemicorum·

1628 2725 1734 2777 que
1759 2711 2085 2760 accuratiori
2114 2709 2541 2773 investigatione
2559 2709 2630 2759 ad
2655 2708 2722 2758 li·

1626 2779 1846 2845 quidum
1876 2779 2002 2829 duci
2024 2780 2243 2844 poterit.
2272 2778 2396 2829 Hoc
2419 2782 2603 2829 tamen
2626 2778 2721 2828 ad-

1626 2850 1713 2910 do,
1735 2848 1880 2914 quod
1893 2849 1950 2897 in
1963 2847 2248 2898 Minutoli:
2276 2846 2593 2913 Nachtrlige
2610 2854 2717 2900 etc.

1624 2919 1975 2968 observatum
2000 2918 2219 2967 invenio
2251 2932 2285 2967 a
2303 2916 2499 2967 Iohnio
2519 2933 2572 2982 p.
2598 2918 2718 2981 197,

1622 2987 1860 3037 cedriam
1884 2985 2058 3036 videri
2076 2988 2311 3037 resinam
2340 3002 2387 3040 s.
2411 2986 2585 3038 oleum
2616 2988 2722 3037 Te-

1627 3056 1992 3107 rebinthinum
2031 3053 2428 3121 (Ter-pentina),
2468 3055 2610 3121 quod
2651 3071 2719 3106 ex

1628 3126 1879 3176 omnibus
1931 3126 2244 3187 arboribuS,
2299 3141 2440 3189 quae
2486 3125 2557 3175 ad
2601 3126 2719 3190 pini

1626 3209 1799 3260 genus
1822 3195 2163 3259 pertineant,
2202 3195 2470 3260 capiatur.
2536 3195 2719 3260 Negat

1627 3279 1843 3329 quoque
1878 3264 2115 3335 Magnus
2152 3263 2191 3314 l.
2219 3263 2258 3315 1.
2298 3280 2351 3328 p.
2379 3263 2466 3325 34,
2506 3261 2718 3327 liquore

1627 3350 1658 3384 e
1695 3333 1858 3383 cedro
1894 3339 2088 3398 parato
2125 3333 2236 3383 tale
2271 3334 2403 3397 quid
2438 3331 2583 3382 effici
2620 3348 2717 3397 po·

1625 3404 1828 3464 tuisse,
1877 3402 2022 3467 quod
2062 3402 2183 3453 vult
2228 3402 2574 3462 Herodotus,
2624 3401 2718 3452 cu-

1624 3473 1711 3521 ius
1774 3471 1943 3522 verba
2002 3473 2218 3522 omnino
2279 3469 2608 3536 castiganda
2659 3476 2719 3521 et

1625 3540 1967 3591 emendanda
2001 3556 2125 3591 esse
2159 3542 2357 3591 statuit
2390 3540 2575 3590 Fritze
2606 3537 2645 3589 l.
2673 3538 2714 3591 l.

1624 3627 1679 3675 p.
1724 3610 1815 3660 19:
1864 3625 2029 3672 „nam
2064 3609 2183 3660 fieri
2226 3625 2336 3659 non
2381 3613 2580 3674 potest,
2617 3609 2717 3672 ait,

1625 3678 1756 3744 quin
1792 3680 1849 3729 in
1869 3683 2076 3729 rectum
2107 3684 2165 3730 et
2191 3679 2406 3729 viscera
2423 3678 2717 3729 infarctum

1625 3764 1690 3798 ea
1729 3748 2014 3809 corrodat3
2049 3749 2233 3812 potius
2261 3749 2527 3812 suspicari
2560 3748 2721 3798 debe-

1628 3831 1776 3878 mus,
1839 3818 1989 3882 prius
2039 3816 2362 3867 solutionem
2410 3817 2537 3867 Kali
2599 3819 2718 3867 sive

1625 3885 1785 3935 Natri
1821 3886 2056 3936 caustici
2096 3884 2408 3951 (Aegyptiis
2457 3886 2602 3936 haud
2634 3886 2717 3950 ig-

1624 3954 1764 4019 noti)
1800 3954 1859 4003 in
1891 3954 2108 4006 viscera
2151 3970 2243 4005 eos
2278 3955 2563 4012 iniecisse.
2602 3955 2721 4019 qui·

1626 4024 1728 4074 bus
1779 4023 2014 4074 corrosis
2058 4023 2233 4089 iisque
2285 4039 2407 4074 eum
2455 4024 2718 4074 causticis

1627 4091 1840 4143 emissis
1860 4093 2047 4144 cedria
2069 4097 2395 4144 evacuatam
2413 4092 2593 4143 alvum
2621 4093 2721 4142 im-

1624 4159 1922 4227 plevisse.“

1697 4220 1829 4278 οὔτε
1893 4221 2280 4293 ἀναταμόντες
2334 4218 2534 4295 αὐτὸν]
2593 4227 2715 4278 scil.

1625 4289 1730 4347 τὸν
1778 4291 2012 4362 νεκρὸν,
2066 4314 2163 4349 non
2206 4299 2482 4348 incidentes
2528 4313 2719 4360 corpus

1627 4367 1852 4432 defuncti
1883 4369 1958 4418 ad
1977 4370 2235 4419 meram
2257 4375 2475 4430 partem.
2553 4367 2717 4420 Conf-
