3109 5092
471 334 595 396 352

1334 335 1869 399 HERODOTI

469 505 631 586 σούς
674 505 996 594 καλάμων
1037 507 1644 596 διαστοιβάζοντες,
1708 514 1984 597 ἔδειμαν
2025 515 2257 599 πρῶτα
2300 510 2427 599 μὲν
2471 515 2588 598 τῆς
2628 511 2744 580 τά·

469 638 652 701 φρου
681 609 764 680 τὰ
803 617 1026 697 χείλεα
1043 662 1062 696 ,
1111 610 1396 699 δεύτερα
1433 612 1510 682 δὲ
1545 609 1713 681 αὐτὸ
1739 608 1815 682 τὸ
1846 628 2060 699 τεῖχος
2084 610 2204 682 τὸν
2230 610 2441 684 αὐτὸν
2466 612 2744 703 τρόπον.

471 711 696 782 ἐπάνω
737 713 812 783 δὲ
851 719 973 781 τοῦ
1013 721 1264 800 τείχεος
1298 713 1480 803 παρὰ
1519 713 1602 783 τὰ
1652 721 1928 804 ἔσχατα,
1976 715 2304 805 οἰκήματα
2345 717 2747 805 μουνόκωλα

470 821 783 905 ἔδειμαν,
820 821 1235 906 τετραμμένα
1264 819 1330 896 ἐς
1355 814 1645 906 ἄλληλα·
1708 816 1784 886 τὸ
1822 821 2029 907 μέσον
2073 819 2146 888 δὲ
2186 826 2325 888 τῶν
2364 820 2749 909 οἰκημάτων

471 926 705 989 ἔλιπον
749 926 1106 1014 τεθρίππῳ
1161 922 1571 1007 περιέλασιν.

1657 919 1863 991 πύλαι
1925 922 2000 990 δὲ
2044 924 2347 992 ἐνεστᾶσι
2397 926 2587 1012 πέριξ
2629 930 2752 992 τοῦ

469 1032 720 1112 τείχεος
759 1020 1032 1108 ἑκατὸν,
1073 1022 1350 1111 χάλκεαι
1378 1028 1620 1110 πᾶσαι,
1663 1026 1775 1094 καὶ
1807 1032 2105 1113 σταθμοί
2131 1052 2205 1094 τε
2243 1027 2355 1095 καὶ
2382 1021 2746 1117 ὑπέρθυρα

472 1190 801 1241 arundineas
832 1190 1063 1241 laterum
1092 1191 1373 1241 ordinibus
1399 1190 1565 1240 inter-

473 1265 649 1311 sertas
693 1261 937 1326 integras
984 1276 1128 1311 nunc
1175 1276 1391 1325 quoque
1436 1275 1563 1310 con-

475 1330 615 1394 spici
634 1331 838 1394 optime
860 1335 1126 1392 servatas,
1157 1336 1221 1380 ut
1243 1335 1371 1380 ante
1395 1330 1562 1381 breve

473 1403 689 1449 tantum
720 1404 932 1464 tempus
969 1400 1290 1450 intersertas
1321 1415 1415 1450 eas
1441 1414 1562 1449 esse

475 1469 775 1520 existimes.
831 1470 1165 1520 Invenerunt
1192 1469 1559 1535 Beauchamp,

474 1538 831 1601 Niebuhr-ius,
879 1539 946 1588 de
978 1538 1032 1588 la
1067 1538 1253 1602 Valle,
1290 1539 1411 1601 alii,
1459 1537 1561 1588 has

475 1613 654 1658 crates
705 1607 1034 1658 arundineas
1081 1608 1346 1660 lateribus
1391 1609 1564 1659 inser-

473 1683 591 1740 tas,
640 1678 736 1728 sed
771 1677 945 1729 altero
985 1694 1201 1745 quoque
1246 1682 1342 1729 aut
1395 1679 1563 1729 etiam

475 1753 630 1798 sexto
646 1784 675 1820 ,ἱ
698 1748 930 1811 septimo
967 1753 1022 1798 et
1046 1754 1244 1799 octavo
1268 1748 1325 1798 in
1352 1748 1560 1799 ordine.

475 1817 684 1880 Quibus
743 1817 1071 1868 testimoniis
1129 1817 1365 1869 confisus
1421 1818 1564 1868 Ren-

473 1886 649 1937 nelius
687 1886 991 1950 existimat,
1029 1886 1087 1936 in
1121 1887 1436 1938 Herodoteo
1473 1890 1563 1937 tri-

468 1959 612 2021 ginta
644 1956 875 2007 laterum
911 1972 1134 2008 numero
1160 1957 1412 2008 mendum
1439 1957 1565 2007 sub-

474 2040 596 2075 esse
624 2040 659 2075 a
693 2025 930 2076 librariis
967 2028 1330 2078 commissum.
1398 2026 1560 2076 Conf.

474 2094 674 2160 Geogr.
733 2095 1000 2146 Herodot.
1058 2112 1114 2161 p.
1176 2095 1298 2147 559.
1380 2097 1563 2158 Quare

473 2165 733 2229 Stegerus
768 2166 1013 2216 Praefat.
1046 2164 1401 2216 adHerodot.
1433 2180 1563 2229 pag.

472 2235 525 2285 X
560 2249 675 2299 seq.
723 2249 887 2285 voces
941 2225 1039 2284 δια
1095 2227 1402 2298 τριήκοντα
1447 2250 1565 2284 cor-

472 2304 581 2368 rigi
611 2304 732 2354 vult
768 2304 825 2353 in
858 2295 965 2353 δύο
1002 2292 1043 2367 ἢ
1072 2301 1249 2367 τριῶν
1283 2317 1421 2366 κου,
1467 2303 1564 2358 nbi

472 2370 582 2424 δύο
619 2373 858 2439 positum
894 2375 968 2423 sit
1004 2388 1101 2438 pro
1141 2369 1324 2436 δυῶν,
1378 2341 1435 2423 e’t

471 2444 682 2496 nitivus
711 2442 946 2508 pendeat
975 2459 1009 2493 a
1069 2443 1437 2521 raepositione
1468 2389 1567 2491 gt&

474 2514 532 2563 in
571 2512 738 2563 verbo
787 2457 1226 2578 διαστοιὲίιζειν,
1279 2526 1386 2561 κου
1430 2527 1562 2562 vero

473 2598 596 2633 esse
629 2585 853 2633 circiter.
906 2583 979 2632 Et
1003 2582 1097 2648 qui
1132 2582 1438 2647 nuperrime
1461 2582 1563 2632 bas

474 2654 724 2720 regiones
759 2651 952 2701 invisit
985 2657 1442 2717 monumentaque
1474 2651 1566 2701 de·

474 2722 724 2788 scripsit,
781 2721 1205 2786 Buckingbam„
1280 2722 1565 2772 confirmat

474 2794 714 2856 priorum
768 2790 1236 2855 peregrinatorum
1295 2791 1565 2841 narratio-

475 2876 599 2910 nem
635 2860 701 2908 de
737 2859 979 2908 cratibus
1025 2859 1337 2909 arundineis
1372 2860 1564 2924 quinto

478 2934 575 2979 aut
609 2931 766 2977 sexto
811 2927 1042 2977 laterum
1082 2929 1261 2978 ordini
1310 2929 1566 2979 interser-

476 2999 577 3060 tis,
630 3010 936 3062 causasque
972 2997 1297 3062 investigat,
1346 3013 1442 3048 cur
1485 2998 1567 3047 ita

477 3066 709 3117 fecerint
743 3063 1055 3128 Babylonii.
1127 3066 1194 3115 In
1228 3081 1451 3117 numero
1487 3066 1566 3116 la-

476 3140 680 3198 terum,
737 3134 934 3199 quibus
972 3139 1150 3185 crates
1185 3135 1420 3186 iniectae
1452 3135 1568 3187 fue-

476 3206 621 3268 rint,
681 3201 844 3255 facile
895 3203 1145 3254 mendum
1191 3205 1426 3269 irrepere
1474 3220 1568 3268 po-

478 3275 654 3324 tuisse
696 3273 803 3338 ipsi
845 3288 1060 3338 quoque
1099 3273 1384 3356 probabile
1419 3274 1568 3325 vide·

476 3350 587 3395 tur.
664 3342 825 3394 Conf.
863 3342 981 3392 eius
1018 3344 1262 3393 itinerar.
1302 3343 1361 3393 in
1390 3344 1569 3394 Meso-

477 3413 776 3480 potamiam
801 3410 1064 3478 (Berolin.
1089 3411 1248 3487 1828)
1285 3428 1414 3479 pag.
1439 3413 1565 3466 449.

547 3521 739 3603 ἐπάνω
782 3544 847 3601 δὲ
892 3549 996 3600 τοῦ
1039 3548 1253 3616 τείχεος
1299 3542 1456 3615 παρὰ
1498 3566 1570 3601 τα

477 3617 702 3689 ἔσχατα]
755 3622 796 3674 i.
836 3636 887 3673 e.
923 3635 1088 3686 super
1122 3635 1275 3671 muro
1311 3620 1383 3671 ad
1415 3620 1567 3685 ipsas

479 3694 595 3744 eius
646 3695 917 3742 extremas
968 3694 1153 3756 partes
1201 3706 1246 3740 s.
1290 3691 1349 3740 in
1395 3694 1570 3741 extre-

477 3764 581 3813 mis
617 3762 734 3813 eius
769 3760 1038 3827 partibus,
1075 3760 1131 3809 in
1166 3764 1398 3826 utraque
1429 3760 1570 3809 muri

480 3847 594 3883 ora.

563 3892 846 3981 οἰκήματα
912 3890 1249 3979 μουνόκωλα
1317 3893 1567 3962 ἔδειμαν,

476 3966 827 4033 τετραμμένα
884 3959 940 4026 ἐς
990 3958 1220 4034 αλληλα]
1284 3967 1572 4032 Sequimur

475 4039 535 4087 in
580 4036 666 4086 his
708 4036 1046 4099 explicandis
1083 4035 1570 4100 wyttenbachium

477 4106 519 4158 l.
565 4104 606 4155 1.
656 4121 710 4169 p.
749 4104 851 4155 354
900 4105 1378 4168 interpretantem.
1428 4106 1572 4168 aedi-

472 4177 597 4239 ficia
638 4175 786 4224 renites
830 4171 1031 4222 membri
1042 4209 1056 4234 ‚
1114 4177 1258 4224 unua
1303 4177 1572 4234 conclavis,

480 4259 687 4311 quorum
715 4242 885 4305 facies
932 4240 994 4305 (i.
1032 4256 1082 4292 e.
1115 4243 1413 4293 anteriores
1449 4258 1574 4307 par-

478 4313 584 4378 tes)
621 4312 882 4362 adversae
931 4317 1073 4372 sunt,
1118 4311 1158 4360 i.
1197 4326 1248 4362 e.
1282 4311 1356 4361 ad
1396 4326 1454 4361 ee
1498 4315 1572 4362 in-

477 4384 633 4434 viem
657 4395 954 4435 convenae.
1006 4379 1099 4431 Sic
1129 4378 1257 4432 olim
1289 4371 1573 4444 οἰκήματα

1663 1182 2001 1255 μουνόκωλα
2050 1191 2160 1240 iam
2207 1196 2497 1257 acceperat
2546 1192 2752 1243 Grono-

1663 1260 1815 1324 vius,
1880 1275 1984 1312 nec
2047 1260 2207 1311 aliter
2269 1261 2384 1312 fere
2441 1262 2752 1312 Larcherus

1664 1338 1836 1381 emes
1867 1333 2014 1381 unius
2046 1334 2301 1382 conclavis
2333 1330 2677 1397 intelligens3
2716 1347 2752 1381 a

1664 1415 1773 1465 quo
1819 1415 1929 1450 non
1977 1399 2138 1450 valde
2186 1399 2479 1451 abhorrent
2513 1401 2753 1452 Lauren·

1663 1470 1775 1518 tius
1809 1469 1972 1519 Valla
2018 1476 2184 1535 atque
2218 1469 2481 1522 Aemilius
2531 1472 2751 1534 Portus,

1664 1539 1859 1604 quibus
1897 1543 2027 1589 sunt
2058 1541 2381 1591 donnmcrdae
2414 1543 2562 1609 nnius
2598 1545 2755 1592 eonti-

1658 1611 1928 1674 fflmta'onis.
2041 1610 2310 1671 Quoniam
2371 1626 2503 1662 vero
2565 1608 2754 1660 κῶλον

1662 1677 1828 1743 vulgo
1848 1681 1985 1729 lacus
2007 1678 2304 1744 significet,
2343 1679 2755 1745 Schweighaeu-

1664 1763 1817 1798 serus
1878 1748 2089 1799 mavult
2142 1748 2376 1813 intelligi
2435 1750 2756 1801 domunculas

1663 1833 1806 1866 unum
1855 1820 2130 1868 continuum
2177 1822 2339 1879 latus,
2398 1834 2547 1870 unam
2596 1822 2755 1870 conti-

1664 1902 1811 1936 nuam
1854 1890 2166 1951 superficiem
2213 1889 2512 1953 offerentes,
2551 1889 2607 1938 id
2648 1893 2752 1951 est,

1661 1959 1925 2021 contiguas
1967 1965 2018 2006 et
2052 1973 2150 2008 uno
2195 1966 2370 2008 tenore
2409 1962 2750 2010 continuatae.

1668 2025 1826 2087 Quod
1863 2025 1994 2075 mihi
2035 2042 2144 2077 non
2189 2028 2483 2092 persuasit.
2556 2029 2754 2094 Negris

1666 2094 1836 2145 allata
1868 2096 2130 2146 Larcheri
2165 2097 2617 2161 interpretatione
2649 2098 2754 2149 sibi

1664 2164 1836 2214 videri
1875 2165 1955 2214 ait
2003 2166 2236 2216 indicari
2282 2165 2535 2217 aedificia
2580 2180 2755 2230 μονο-

1664 2231 1922 2298 μέτωπα,
1968 2250 2110 2300 quae
2150 2250 2262 2285 non
2305 2235 2415 2285 nisi
2458 2252 2624 2287 unum
2658 2237 2755 2287 ha-

1665 2302 1832 2352 beant
1881 2300 2164 2366 μέτωπον.
2255 2304 2431 2356 Italus
2487 2307 2755 2370 interpres

1666 2372 1958 2436 expressit:
1994 2374 2219 2436 casipate
2241 2375 2395 2423 ἀίιπα
2417 2378 2531 2426 sola
2561 2376 2753 2439 sace-ia,

1665 2441 1829 2506 idque
1873 2448 2097 2507 propter
2142 2442 2225 2504 ΙΙ,
2272 2443 2398 2507 126,
2442 2444 2537 2495 ubi
2570 2441 2756 2493 κῶλον

1666 2511 1853 2561 eodem
1882 2511 2041 2563 modo
2064 2512 2395 2577 inveniatur,
2420 2518 2606 2564 tuetur
2630 2528 2756 2563 con·

1666 2586 1755 2630 tra
1788 2596 1972 2630 eorum
2007 2582 2529 2646 interpretationem,
2569 2582 2662 2647 qni
2686 2581 2755 2631 de

1664 2664 1774 2700 uno
1799 2650 2048 2700 conclavi
2073 2651 2339 2716 cogitant.
2376 2652 2752 2715 „Piuttosto,“

1664 2719 1803 2769 baec
1837 2724 1967 2770 sunt
2001 2720 2118 2770 eius
2152 2720 2345 2784 verba,
2379 2722 2512 2785 „qui
2548 2721 2604 2770 lo
2639 2725 2752 2770 sto·

1666 2789 1781 2838 rico
1828 2804 2069 2839 accenna
2117 2790 2199 2840 cb‘
2249 2805 2370 2840 esse
2416 2805 2526 2841 non
2570 2794 2753 2840 conte-

1665 2873 1881 2908 nevano
1926 2874 2129 2909 nessun
2177 2859 2369 2910 cortile
2417 2875 2447 2909 e
2485 2875 2594 2910 non
2627 2874 2755 2909 ave-

1666 2942 1810 2978 vano
1848 2927 1947 2978 che
1982 2943 2095 2978 una
2125 2928 2424 2980 facciata.“

1738 2987 1800 3045 τὸ
1838 2994 2016 3058 μέσον
2059 2989 2122 3046 δὲ
2160 2995 2277 3047 τῶν
2325 2988 2652 3062 οἰκημάτων
2682 3026 2755 3036 -

1669 3063 2016 3130 περιέλασιν]
2061 3067 2148 3116 Ex
2199 3067 2387 3119 eodem
2433 3065 2756 3117 Tavernerii

1669 3135 1951 3185 itinerario
2018 3135 2130 3200 (11,
2205 3135 2262 3200 8)
2331 3136 2421 3186 bic
2490 3134 2758 3186 adscribit

1671 3203 2005 3270 Schweigh„
2042 3205 2101 3254 in
2119 3220 2194 3255 ea
2225 3205 2466 3282 regione,
2501 3204 2597 3255 ubi
2628 3205 2756 3255 olim

1669 3272 1919 3338 Babylon
1963 3274 2093 3324 urbs
2139 3265 2380 3337 steterit,
2437 3275 2577 3324 muri
2634 3273 2757 3324 reli·
2798 3305 2814 3320 .

1669 3344 1826 3407 quias
1865 3343 2108 3409 conspici
2146 3359 2214 3393 ea
2248 3343 2646 3407 crassitudine,
2694 3348 2760 3392 ut

1669 3427 1766 3462 sex
1812 3412 2078 3463 vehiculis
2124 3428 2236 3463 una
2281 3414 2459 3464 fronte
2495 3413 2760 3463 currenti-

1668 3482 1771 3532 bus
1816 3483 2054 3545 spatium
2100 3481 2293 3545 fuerit,
2354 3481 2555 3533 lateres
2604 3497 2762 3547 prae-

1669 3555 1821 3601 terea
1876 3552 2004 3617 igne
2068 3559 2254 3602 coctos
2314 3552 2573 3616 denos-grui
2635 3566 2760 3602 esse

1668 3619 1864 3685 pedum
1897 3621 1954 3668 in
1990 3619 2386 3685 longitudinem
2425 3623 2479 3670 et
2511 3620 2760 3671 latitudi-

1670 3704 1821 3750 nem,
1857 3690 2022 3739 trium
2095 3690 2254 3740 edum
2291 3689 2602 3740 altitudine.

1738 3753 1912 3808 πύλαι
1949 3751 2012 3808 δὲ
2070 3774 2128 3808 νε
2137 3757 2295 3809 στᾶσι
2313 3789 2383 3799 --
2401 3756 2626 3823 χαλκέαι
2648 3756 2759 3807 πᾶ-

1673 3826 1783 3893 σαι]
1832 3826 2002 3878 Affert
2042 3829 2257 3879 Iesaiae
2291 3828 2471 3879 locum
2507 3828 2685 3889 XLV,
2722 3829 2757 3878 2

1672 3897 2007 3961 Larcherus,
2042 3897 2136 3947 ubi
2171 3898 2359 3948 itidem
2399 3912 2603 3947 aeneae
2637 3912 2759 3961 por·

1673 3969 1764 4016 tae
1822 3972 2206 4018 memorantur.
2293 3965 2596 4018 Herodotei
2651 3965 2760 4016 loci

1672 4035 1812 4087 bene
1833 4051 2097 4087 memores
2122 4036 2344 4086 fuerunt
2369 4035 2566 4087 Graeci
2593 4035 2763 4085 inter·
2805 4055 2814 4060 ·

1674 4111 1854 4168 pretes
1900 4105 1969 4155 ad
2009 4106 2232 4156 Homer.
2279 4103 2439 4155 Iliad.
2479 4104 2587 4166 IX,
2635 4103 2763 4166 383,

1673 4174 1769 4224 ubi
1813 4174 2036 4225 Thebae
2069 4173 2375 4239 Aegyptiae
2417 4171 2764 4224 celebrantur

1674 4232 2086 4308 ἕκατόμπυλοις
2135 4243 2287 4296 conf.
2320 4241 2647 4293 Eustathius
2692 4241 2766 4292 ad

1674 4311 1728 4366 h
1789 4310 1829 4361 l.
1875 4328 1931 4377 p.
1987 4312 2242 4376 758,15
2300 4317 2358 4361 et
2412 4310 2481 4363 ad
2527 4311 2765 4377 Dionys.

1672 4379 2190 4446 Perieg.1005.—-
2225 4375 2476 4445 σταθμοὶ
2511 4381 2570 4429 in
2608 4393 2768 4445 seqq.
