3109 5092
1248 367 1499 429 OLIO.
1547 370 1597 428 Ι.
1650 379 1766 431 1⁶20.
2482 371 2645 464 *253

371 541 491 606 τοῦ
523 535 760 617 παιδὸς
799 541 1481 629 κατακεκαλυμμένην
1517 542 1631 609 καὶ
1668 539 1784 622 τὰς
1811 558 2033 630 χεῖρας
2068 546 2178 611 καὶ
2209 541 2368 623 τούς
2399 545 2640 625 πόδας·

355 637 700 728 ’Ἅρπαγον
744 641 818 708 δὲ
870 638 1184 711 ἐκέλευον
1238 643 1645 732 προστάντες
1698 642 2197 714 ἀποκαλύπτειν
2248 674 2320 714 τε
2370 650 2483 716 καὶ
2520 657 2637 716 λα-

371 750 555 830 βεῖν,
612 741 687 812 τὸ
737 745 1050 831 βούλεται
1103 741 1348 814 αὐτῶν.
1430 747 1835 835 πειθόμενος
1896 748 1969 816 δὲ
2013 743 2049 814 ὁ
2089 746 2455 837 ”Αρπαγος,
2528 752 2639 818 καὶ

369 843 898 930 ἀποκαλύπτων,
956 843 1082 939 ὁρᾷ
1135 853 1257 916 τοῦ
1295 847 1532 929 παιδὸς
1576 848 1655 918 τά
1709 858 2066 939 λείμματα·
2136 850 2304 921 ι’δών
2356 854 2431 921 δὲ
2483 852 2637 922 οὔτε

372 945 731 1037 ἐξεπλάγη,
772 945 957 1029 ἐντός
985 977 1055 1018 τε
1087 952 1343 1020 ἑωυτοῦ
1369 959 1645 1036 γίνεται.
1703 964 1918 1041 εἴρετο
1946 953 2021 1022 δὲ
2050 951 2259 1024 αὐτὸν
2286 950 2323 1023 ὁ
2359 952 2633 1024 ’Λστυά-

372 1080 525 1139 γης,
571 1058 633 1120 εἰ
671 1051 1026 1138 γινώσκοι,
1069 1048 1226 1122 ὅτευ
1264 1062 1517 1142 θηρίου
1556 1059 1721 1144 κρέα
1761 1056 2116 1145 βεβρώκοι.
2181 1054 2217 1127 ὁ
2258 1058 2333 1127 δὲ
2377 1060 2487 1127 καὶ
2528 1087 2633 1145 γι-

368 1156 654 1224 νώσκειν
695 1161 858 1243 ἔφη,
913 1158 1024 1224 καὶ
1080 1152 1363 1244 ἀρεστὸν
1414 1158 1589 1228 εἶναι
1630 1164 1798 1242 πᾶν,
1854 1159 1927 1229 τὸ
1967 1155 2053 1230 ἀν
2091 1158 2409 1247 βασιλεύς
2448 1164 2633 1250 ἔρδῃ.
2698 1211 2704 1216 -

367 1257 654 1326 τούτοισι
699 1257 776 1325 δὲ
810 1254 1294 1346 ἀμειψάμενος,
1333 1263 1443 1329 καὶ
1474 1259 1834 1348 ἀναλαβών
1874 1261 1954 1333 τά
1994 1261 2195 1333 λοιπά
2222 1271 2358 1333 τῶν
2394 1271 2633 1353 κρεῶν,

366 1358 470 1448 ἤϊε
515 1362 581 1440 ἐς
618 1358 698 1429 w}
739 1366 949 1431 οἰκία..
1009 1365 1337 1432 ἐνθεῦτεν
1377 1364 1453 1432 δὲ
1493 1371 1763 1452 ἔμελλε,
1810 1361 1900 1445 ὥς
1942 1364 2072 1452 ἐγώ
2107 1372 2355 1454 δοκέω,
2400 1364 2635 1447 ἁλίσας

365 1463 619 1545 θάψειν
655 1461 735 1531 τά
774 1465 1011 1533 πάντα.

499 1568 809 1668 Ἁρπάγῳ
850 1575 974 1661 μὲν
1022 1571 1383 1665 Ἀστυάγης
1432 1580 1632 1664 δίκην
1689 1576 1943 1666 ταύτην
1988 1580 2302 1667 ἐπέθηκε.
2392 1578 2771 1668 Κύρου120

365 1675 443 1744 δὲ
469 1678 618 1764 πέρι
647 1675 1000 1762 βουλεύων
1039 1677 1271 1747 ἐκάλεε
1300 1678 1456 1758 τούς
1494 1677 1740 1760 αὐτοὺς
1776 1686 1915 1749 τῶν
1944 1683 2212 1769 μάγων,
2254 1689 2323 1751 οἳ
2356 1680 2430 1751 τὸ
2473 1683 2628 1752 ἐνύ-

365 1777 565 1847 πνιόν
604 1784 673 1846 οί
706 1778 915 1868 ταύτῃ
962 1786 1254 1868 ἔκριναν.
1291 1779 1755 1871 ἀπικομένους
1799 1782 1875 1852 δὲ
1916 1793 2131 1871 εἴρετο
2174 1780 2210 1852 ὁ
2245 1782 2630 1871 Ἀστυάγης,

361 1886 446 1969 τῇ
481 1880 755 1968 ἔκρινάν
794 1886 865 1949 οἰ
897 1880 1022 1970 τὴν
1060 1879 1250 1963 ὄψιν·
1318 1889 1387 1951 oc
1427 1885 1501 1953 δὲ
1558 1883 1726 1953 κατὰ
1763 1882 1973 1953 ταύτὰ
2034 1884 2269 1968 εἶπαν,
2325 1888 2632 1973 λέγοντες

365 1979 454 2061 ὥς
492 1986 887 2071 βασιλεῦσαι
929 1989 1098 2073 χρῆν
1138 1982 1256 2054 τὸν
1294 1992 1539 2072 παῖδα,
1592 1993 1656 2056 εἰ
1709 1989 1993 2071 ἐπέζωσε
2032 1988 2144 2054 καὶ
2198 1985 2288 2076 μὴ
2326 1986 2629 2057 ἀπέθανε

363 2084 708 2173 πρότερον.
775 2081 846 2154 Ὁ
876 2087 950 2154 δὲ
980 2083 1324 2173 ἀμείβεται
1353 2087 1601 2169 αὐτούς
1629 2094 1851 2158 τοῖσδε
1874 2111 1888 2124 ·
1919 2086 2103 2157 Ἐστι
2140 2116 2214 2158 τε
2253 2085 2290 2157 ὃ
2334 2107 2489 2170 παῖς
2517 2093 2629 2159 καὶ

363 2195 661 2276 περίεστι
683 2210 698 2225 ·
747 2196 866 2257 καί
894 2217 1012 2277 μιν
1038 2186 1133 2258 ἐπ’
1167 2187 1385 2276 ἀγροῦ
1409 2190 1854 2279 διαιτώμενον
1881 2195 1952 2259 οἰ
1971 2194 2047 2260 ’ἐκ
2073 2196 2187 2279 τῆς
2200 2189 2439 2281 ,κώμης
2468 2210 2624 2262 παῖ·-

364 2296 477 2370 δες
504 2290 862 2378 ἐστήσαντο
902 2295 1201 2377 βασιλέα.
1271 2288 1307 2362 ὅ
1355 2293 1430 2362 δὲ
1475 2291 1728 2378 πάντα,
1773 2289 1897 2363 ὅσα
1925 2320 2052 2382 περ
2083 2298 2153 2362 οἰ
2173 2292 2426 2383 ἀληθεῖ
2445 2296 2625 2390 λόγῳ

361 2394 701 2478 βασιλέες,
742 2396 1055 2462 ἐτελέωσε
1098 2391 1395 2482 ποιήσας.
1467 2398 1581 2465 καὶ
1620 2395 1748 2485 γὰρ
1794 2395 2220 2484 δορυφόρους
2248 2400 2359 2465 καὶ
2387 2410 2623 2485 θυρω-

362 2492 522 2582 ροὺς
560 2497 670 2563 καὶ
724 2492 1259 2584 ἀγγελιηφόρους
1311 2499 1423 2566 καὶ
1475 2495 1558 2566 τὰ
1601 2496 1803 2567 λοιπά
1846 2497 2065 2567 πάντα
2112 2499 2423 2580 διατάξας
2469 2499 2624 2586 εἶχε.

359 2693 576 2744 Laudat
614 2694 748 2745 haec
783 2695 1020 2760 Thomas
1049 2695 1197 2761 Mag.
1236 2712 1290 2760 p.
1322 2697 1443 2758 572,

360 2779 466 2827 quo
491 2755 828 2830 πρόσκειμαι
852 2764 994 2814 idem
1022 2780 1142 2815 esse
1174 2781 1445 2816 common·

359 2837 497 2882 stret
549 2838 717 2898 atque
754 2824 1073 2897 ἀνάκειμαι.
1154 2835 1258 2884 Est
1302 2836 1444 2884 enim

356 2903 506 2950 τοῖσι
541 2895 908 2978 προσέκειῃοι
942 2903 1118 2967 quibus
1135 2903 1227 2953 hoc
1250 2917 1439 2964 mutus,

356 2969 450 3019 hoc
482 2970 695 3033 officium
720 2979 836 3021 erat
852 3008 867 3033 ‚
907 2987 951 3021 s·
991 2972 1166 3036 quihus
1199 2972 1292 3021 hoc
1311 2987 1445 3021 nean·

360 3039 526 3087 datum
582 3048 712 3089 erat.
799 3040 914 3090 Nec
964 3040 1189 3090 multum
1246 3040 1442 3101 differt,

359 3107 504 3171 quod
549 3109 710 3158 modo
756 3108 985 3173 legimus
1025 3111 1079 3172 1,
1122 3108 1250 3161 118:
1296 3112 1445 3158 τοῖσι

357 3173 515 3224 θεῶν
552 3169 683 3242 τιμὴ
715 3166 860 3241 αὕτη
903 3172 1269 3242 προσκέεται,
1316 3180 1352 3228 i.
1393 3193 1441 3227 e.

357 3246 575 3309 „quibus
616 3246 751 3296 hicce
799 3247 958 3296 honov-
988 3251 1237 3308 convenil,
1288 3263 1334 3297 s.
1376 3248 1450 3296 ad

358 3330 481 3378 quos
512 3315 649 3364 hicce
680 3315 840 3390 hono'v⁸
867 3317 1150 3378 pertinet.“
1201 3317 1267 3366 In
1292 3331 1442 3394 seqq.

356 3382 551 3448 reliqui
585 3396 929 3446 προστάντες
978 3383 1095 3448 (pro
1131 3397 1445 3449 προσσταν-

355 3454 498 3514 τες);
536 3456 596 3501 tu
629 3452 742 3500 vid.
766 3452 812 3514 1,
840 3455 890 3502 2.
923 3453 968 3514 1,
991 3453 1061 3504 86
1097 3454 1280 3518 ibique
1303 3458 1443 3504 nott.

356 3520 442 3569 Ad
473 3518 799 3569 locutionem
821 3512 979 3578 ἐντός
1014 3536 1074 3570 τε
1111 3513 1326 3571 ἑωυτοῦ
1359 3520 1442 3586 γί-

355 3602 510 3636 νεται
543 3589 665 3651 (sed
697 3592 849 3640 animi
877 3592 959 3639 sui
989 3606 1186 3653 compos
1219 3589 1440 3656 mansit),

356 3657 429 3706 cf.
468 3657 594 3718 VII,
631 3660 699 3707 47
735 3658 919 3722 ibique
953 3663 1095 3710 nott.

423 3753 519 3806 καὶ
556 3749 797 3821 ἀρεστὸν
839 3752 986 3808 εἶναι
1035 3757 1153 3809 πᾶν
1195 3775 1244 3809 κ.
1280 3775 1327 3809 τ.
1368 3759 1437 3825 λ.]

353 3826 416 3876 In
456 3841 562 3891 qua
600 3828 952 3892 responsione
986 3827 1327 3878 orientalium
1361 3829 1441 3878 in-

353 3894 530 3944 dolem
591 3898 844 3962 regisque
908 3911 1172 3947 summum
1233 3897 1438 3947 cultum

355 3962 598 4029 adeoque
613 3965 1017 4015 venerationem
1040 3966 1435 4030 cognoscimus.

351 4031 562 4082 Retulit
595 4032 732 4084 haec
767 4049 982 4099 quoque
1014 4034 1221 4085 Seneca
1256 4035 1323 4085 de
1358 4035 1439 4084 ira

351 4100 473 4164 111,
511 4101 603 4164 15,
653 4118 718 4152 ae
753 4101 986 4153 similem
1031 4103 1302 4167 quandam
1361 4118 1441 4152 re·

349 4171 715 4234 sponsionem,
754 4186 912 4236 quam
938 4171 1124 4237 Edgar
1143 4173 1438 4237 Aug-lorum

347 4253 443 4287 rex
478 4252 512 4287 a
555 4237 667 4289 filio
704 4240 865 4289 unius
910 4240 978 4290 de
1019 4241 1322 4305 principum
1360 4240 1441 4289 ‘ab

346 4307 469 4424 ipiso
493 4307 770 4358 interfecti
796 4309 1029 4373 aceepit,
1067 4313 1287 4360 enarrat
1309 4309 1442 4360 Lar-

346 4389 377 4424 e
417 4388 560 4424 erus.

1924 2696 2056 2746 cir.
2096 2697 2259 2746 cxx.
2486 2677 2525 2714 ⁹

1616 2792 1670 2845 εἰ
1702 2787 2013 2862 ἐπέζωσε]
2049 2789 2283 2856 ἐπέζωσε
2305 2813 2429 2847 rara
2451 2798 2628 2848 forma

1545 2865 1697 2914 verbi
1727 2857 1966 2930 ἐπιζαίω,
2017 2867 2158 2931 quod
2205 2867 2344 2916 alias
2380 2868 2437 2916 in
2473 2883 2626 2931 prae-

1545 2934 1688 2984 senti
1721 2938 1932 2983 tantum
1972 2940 2137 2999 atque
2183 2936 2500 3000 imperfecto
2540 2953 2626 2986 oc·

1546 3003 1734 3053 currit.
1771 3002 1854 3052 Cf.
1882 3005 2200 3055 Buttmann.
2224 3007 2313 3055 Gr.
2340 3006 2434 3056 Gr.
2455 3008 2627 3056 maior

1547 3071 1622 3121 ΙΙ.
1653 3087 1777 3136 pag.
1814 3072 1929 3122 145.
1988 3074 2127 3123 Add.
2155 3074 2387 3132 Bredov.
2413 3092 2467 3140 p.
2508 3077 2622 3126 170.

1545 3141 1628 3191 Ex
1667 3141 1866 3190 Aldina
1906 3142 2137 3193 fluxerat
2175 3136 2423 3207 ἐπέζησε.
2496 3146 2625 3195 Mox

1547 3208 1675 3259 dedi
1728 3225 1848 3259 cum
1905 3217 2132 3262 recentt.
2194 3213 2315 3262 edd.
2376 3210 2627 3277 βασιλέες

1545 3294 1643 3342 pro
1679 3274 1957 3344 βασιλῆες.
1996 3311 2064 3320 -
2111 3282 2197 3331 De
2228 3282 2326 3344 iis,
2365 3284 2458 3347 qui
2492 3284 2546 3332 h.
2584 3283 2620 3331 1.

1547 3346 1801 3397 dicuntur
1846 3343 2282 3413 ἀγγελιηφόροι,
2331 3351 2405 3401 cf.
2460 3366 2626 3415 supra

1545 3417 1617 3466 ad
1647 3416 1705 3478 1,·
1738 3417 1855 3467 114.

1613 3482 1711 3534 καὶ
1764 3477 1832 3533 τὰ
1897 3477 2071 3534 λοιπὰ
2115 3476 2304 3533 πάντα
2356 3477 2629 3545 διατάξας

1543 3546 1613 3601 εἴ
1619 3568 1651 3615 χ
1666 3550 1714 3616 ε]
1752 3545 1865 3615 εἶχε
1899 3553 2151 3616 praebuit
2174 3553 2452 3602 Sancrofti
2488 3553 2627 3602 liber

1538 3620 1659 3670 loco
1692 3620 1951 3684 vulgatae
1986 3610 2176 3685 ἦρχε,
2217 3636 2357 3684 quae
2385 3622 2625 3686 glossam

1521 3685 1707 3753 'sapit.
1780 3690 1923 3738 Hinc
1966 3689 2229 3753 probante
2278 3689 2384 3737 iam
2424 3689 2622 3739 dudum

1542 3757 1757 3820 Toupio
1784 3758 1839 3805 in
1862 3757 2125 3807 Emendd.
2151 3757 2221 3806 ad
2243 3756 2395 3807 Suid.
2421 3759 2483 3807 P.
2513 3758 2620 3807 111.

1541 3842 1596 3891 p.
1644 3827 1753 3875 454
1800 3825 1883 3875 ed.
1930 3827 2082 3890 Lips.
2132 3841 2253 3875 cutn
2307 3826 2520 3891 Schwg.
2570 3831 2623 3875 et

1542 3893 1718 3945 Gaisf.
1758 3892 1903 3943 haud
1944 3898 2265 3944 cunctanter
2302 3897 2621 3960 recepimus,

1542 3963 1898 4012 Locutionem
1938 3963 2113 4027 ipsam
2150 3963 2432 4027 attigimus
2459 3979 2622 4029 supra

1542 4032 1589 4093 Ι,
1626 4030 1689 4080 37
1716 4030 1836 4081 init.
1863 4058 1930 4067 —
1964 4033 2031 4081 In
2063 4033 2303 4095 proxime
2339 4048 2488 4097 seqq.
2526 4049 2622 4098 pro

1544 4092 1742 4162 φέρειν
1808 4115 1947 4150 unus
2009 4100 2177 4150 habet
2226 4095 2405 4164 ἔχειν,
2478 4102 2623 4166 quod

1541 4169 1832 4232 utrumque
1870 4168 1977 4219 dici
2012 4184 2171 4233 posse
2207 4176 2389 4221 monet
2409 4171 2623 4219 Wesse-

1541 4237 1677 4302 ling.
1716 4252 1744 4287 e
1781 4238 1971 4287 Nostri
2004 4236 2127 4286 loco
2163 4238 2259 4299 VI,
2300 4239 2364 4288 19
2402 4238 2527 4289 coll.
2552 4239 2619 4300 V,

1542 4305 1632 4356 81.
1668 4304 1778 4367 VI,
1824 4308 1911 4356 42.
1949 4305 2120 4366 VIII,
2165 4305 2281 4357 144.
2367 4305 2482 4357 Nec
2520 4306 2621 4355 hoc

1544 4386 1725 4423 rarum
1761 4377 1858 4423 aut
1892 4370 2229 4436 infrequens.
