3109 5092
509 373 632 434 692
1370 363 1907 426 IIERODOTI

512 545 670 614 τάδε
697 548 1162 632 μηχανᾶσθαι·
1207 544 1344 607 τῶν
1372 546 1594 607 λίθων
1623 533 2267 622 παρασκευάσασθαι
2297 535 2417 601 ἕνα
2447 526 2793 618 ἐξαιρετὸν

515 647 686 717 εἶναι
717 651 790 715 ἐκ
818 650 939 714 τοῦ
965 651 1193 731 τοίχου
1221 645 1497 730 ῥηϊδίως
1525 635 1701 708 καὶ·τ
1664 637 1797 708 υπὸ
1830 638 1955 707 δύο
1996 636 2270 724 ἀνδρῶν
2309 630 2484 703 καὶ
2449 632 2583 703 υπὸ
2614 634 2788 713 ενός.

514 748 602 830 ὠς
630 750 704 818 δὲ
736 747 1142 833 ἐπετελέσθη
1184 742 1257 812 τὸ
1287 755 1569 832 οἴκημα,
1611 741 1730 811 τὸν
1770 742 1895 830 μὲν
1921 739 2202 828 βασιλέα
2253 745 2661 827 θησαυρίσαι
2705 734 2789 804 τὰ

512 853 811 941 χρήματα
840 854 915 920 ἐν
944 848 1148 941 αὐτῷ.
1228 848 1475 936 χρόνου
1514 846 1591 915 δὲ
1632 844 2008 932 περιϊόντος
2044 841 2165 912 τὸν
2191 841 2584 930 οἰκοδόμον,
2630 841 2789 927 περὶ

511 952 832 1042 τελευτὴν
863 958 982 1022 τοῦ
1014 959 1170 1041 βίου
1197 949 1426 1033 ἐόντα,
1476 947 2026 1017 ἀνακαλέσασθαι
2066 943 2223 1024 τούς
2265 950 2512 1023 παῖδας
2580 943 2783 1023 (εἶναι

514 1058 641 1146 γὰρ
671 1055 855 1148 αὐτῷ
898 1055 1086 1139 δύο),
1127 1053 1420 1121 τούτοισι
1451 1053 1526 1121 δὲ
1575 1049 2088 1140 ἀπηγήσασθαι
2136 1045 2224 1129 ως
2267 1053 2551 1118 ἐκείνων
2580 1073 2784 1133 προο-

515 1161 730 1250 ρὲων,
772 1186 945 1238 οκως
975 1166 1129 1246 βιόν
1166 1154 1483 1243 ἄφθονον
1514 1162 1747 1244 ἔχωσι,
1788 1174 2176 1242 τεχνασαιτο
2215 1150 2628 1239 οἰκοδομέων
2670 1146 2792 1216 τὸν

513 1259 870 1350 θησαυρὸν
896 1265 1018 1328 τοῦ
1042 1262 1376 1381 βασιλέος.
1433 1260 1701 1346 σαφέως
1731 1258 1803 1326 δὲ
1835 1254 2094 1325 αὐτοῖσι
2128 1255 2346 1324 πάντα
2380 1250 2787 1342 ἐξηγησάμε-

517 1392 642 1434 νον
668 1363 748 1431 τὰ
789 1364 943 1451 περὶ
984 1390 1107 1449 την
1148 1364 1480 1450 ἐξαίρεσιν
1521 1367 1643 1430 τοῦ
1673 1369 1877 1429 λίθου
1927 1363 2166 1427 δοῦναι
2196 1387 2276 1427 τα
2314 1361 2519 1447 μέτρα
2553 1352 2790 1431 αὐτοῦ,

519 1470 821 1552 λέγοντα,
845 1493 932 1544 ως
959 1469 1169 1532 ταῦτα
1200 1463 1776 1551 διαφυλασσοντες
1793 1469 2020 1551 ταμίαι
2049 1450 2188 1529 τῶν
2205 1463 2514 1549 βασιλέος
2533 1457 2787 1545 χρημά-

517 1596 656 1637 των
685 1574 973 1637 ἔσονται
1033 1567 1142 1634 καὶ
1181 1565 1299 1635 τὸν
1329 1567 1454 1655 μὲν
1483 1572 1865 1654 τελευτῆσαι
1900 1563 2019 1633 τὸν
2044 1571 2229 1652 βί,ον
2258 1562 2415 1643 τούς
2443 1562 2514 1630 δὲ
2546 1566 2834 1639 παῖδας

517 1667 729 1739 αὐτοῦ
758 1667 883 1739 οὐκ
906 1673 971 1750 ἐς
997 1667 1261 1758 μακρὴν
1290 1675 1493 1756 ἔργου
1518 1675 1791 1757 ἔχεσθαι
1812 1689 1825 1702 ·
1883 1667 2294 1747 ἐπελθόντας
2323 1668 2396 1735 δὲ
2428 1667 2535 1733 ἐπὶ
2556 1662 2635 1731 τὰ
2665 1671 2789 1752 βα-

521 1773 744 1863 σιλήϊα
793 1771 1035 1851 νυκτὸς
1093 1774 1204 1840 καὶ
1246 1771 1366 1840 τὸν
1416 1780 1619 1840 λίθον
1661 1774 1769 1840 ἐπὶ
1813 1776 1907 1861 τῷ
1947 1769 2424 1859 οἰκοδομήματι
2457 1766 2790 1854 ἀνευρόν-

517 1904 635 1955 τας
696 1880 974 1965 ρηι·δι’ως
1023 1882 1615 1963 μεταχειρίσασθαι
1659 1876 1769 1942 καὶ
1824 1878 1961 1942 τῶν
1997 1873 2353 1962 χρημάτων
2393 1868 2607 1940 πολλὰ
2650 1875 2791 1952 ἐξε-

472 2004 497 2042 2
527 1986 905 2049 νείκασθαι.
994 1972 1109 2057 Ὡς
1148 1978 1222 2045 δὲ
1263 1994 1490 2065 τυχεῖν
1524 1975 1646 2045 τὸν
1682 1978 1962 2065 βασιλέα
2008 1974 2363 2058 ἀνοίξαντα
2408 1973 2481 2043 τὰ
2523 1984 2794 2061 οἴκημα,

519 2081 881 2168 θωυμάσαι
913 2080 1144 2149 ἰδόντα
1173 2086 1311 2148 τῶν
1332 2079 1689 2168 χρημάτων
1718 2083 2011 2147 καταδεᾶ
2038 2077 2118 2146 τὰ
2137 2075 2402 2166 ἆγγήῑα,
2430 2073 2556 2145 οὐκ
2578 2082 2759 2164 ἔχειν
2786 2088 2887 2143 160

523 2184 634 2266 δὲ,
681 2179 761 2249 ὅν
793 2210 943 2252 τινα
973 2184 1377 2267 ἐπαιτιᾶται,
1426 2188 1567 2250 τῶν
1608 2209 1679 2250 τε
1708 2180 2113 2270 σημάντρων
2143 2180 2394 2250 ἐόντων
2430 2180 2632 2248 σω’ων
2680 2180 2793 2247 καὶ

520 2387 612 2435 des
646 2402 780 2436 murs
825 2389 949 2437 ὁιοίε
981 2386 1103 2436 hors
1144 2387 1207 2435 de
1241 2388 1503 2437 l'enceinee
1542 2389 1611 2436 clu
1714 2404 1853 2438 mam
1875 2386 2138 2437 declaran
2157 2388 2456 2451 admonuit,
2480 2387 2602 2437 aliis
2622 2403 2800 2437 exem-

515 2456 753 2519 palais,·“
789 2455 858 2505 ad
883 2471 1098 2505 sensum
1123 2455 1268 2505 haud
1291 2456 1447 2507 male.
1508 2457 1611 2506 Re·
1711 2457 1834 2535 plis
1852 2457 2053 2507 allatis.

521 2526 731 2575 centior
785 2524 975 2575 Gallus
1023 2526 1313 2590 interpr-ee,
1370 2527 1424 2575 in
1485 2525 1609 2575 aliis

522 2595 849 2657 accuratior,
885 2594 1027 2644 hunc
1055 2595 1232 2646 locum
1267 2610 1487 2660 prorsus
1519 2611 1611 2645 ne-

521 2665 709 2729 glexit.
789 2666 909 2726 Quo
948 2664 1136 2715 melius
1164 2665 1337 2715 Italus
1366 2665 1500 2714 haec
1530 2666 1611 2714 in-

521 2738 853 2799 terpretatus
904 2740 1015 2784 est·
1080 2772 1116 2800 „
1127 2765 1196 2774 —-
1241 2736 1312 2798 [ε’
1369 2735 1610 2797 edificare

519 2820 621 2854 una
666 2820 869 2854 camera
912 2804 968 2853 dr·
1013 2807 1209 2867 pietro,
1274 2805 1409 2854 della
1459 2805 1609 2868 quale

523 2888 619 2922 uno
674 2874 753 2922 de
815 2876 946 2922 muri
1011 2874 1228 2935 riser-iva
1286 2875 1391 2922 alla
1448 2879 1607 2936 parta

522 2949 724 2990 ceter-na
760 2943 894 2990 della
927 2948 1089 2992 casa!
1153 2969 1215 2977 —
1253 2935 1402 3005 ἔχειν
1437 2938 1520 2996 εἴς
1554 2956 1609 2988 τι

523 3010 827 3057 invenimus
875 3008 1426 3073 1‚180.191,ubi
1461 3009 1606 3070 vid.;

523 3070 625 3125 τὸν
661 3071 723 3126 δὲ
761 3046 1130 3140 ἐργαζόμενον
1167 3080 1221 3127 iu
1261 3094 1410 3143 seqq.
1452 3078 1608 3127 intel-

519 3146 646 3209 ligit
682 3145 959 3210 opificem,
995 3145 1084 3195 cui
1121 3162 1310 3197 munus
1334 3152 1609 3197 exstruen-

525 3216 626 3265 dae
660 3230 908 3265 camerae
944 3230 977 3264 a
1015 3230 1141 3279 rege
1177 3216 1280 3265 fuit
1319 3216 1610 3266 demanda-

523 3289 656 3334 tum.
710 3284 954 3335 Eundem
991 3284 1151 3348 paulo
1179 3286 1323 3335 infra
1352 3286 1485 3335 dicit
1507 3281 1607 3335 οἰ-

524 3369 556 3402 κ
571 3368 601 3401 ο
615 3346 693 3403 δό
706 3370 744 3418 μ
760 3368 789 3401 ο
807 3369 865 3417 ν,
927 3354 1242 3405 architectum
1259 3392 1273 3419 ,
1342 3354 1609 3405 vocabulo

521 3424 691 3488 probo
740 3427 795 3473 et
829 3438 1110 3488 perperam
1157 3442 1191 3473 a
1227 3424 1610 3475 Grammaticis

523 3492 800 3543 damnato.
863 3493 988 3543 Vid.
1024 3494 1275 3544 Creuzer.
1307 3494 1377 3544 ad
1404 3494 1604 3545 Plotin.

521 3578 575 3627 p.
621 3564 734 3625 185,
778 3562 870 3628 qui
906 3579 1049 3613 nuuc
1082 3563 1239 3613 addit
1261 3564 1500 3613 Lobeck.
1537 3562 1609 3612 ad

521 3633 814 3698 Phrynich.
849 3649 902 3698 p.
938 3634 1037 3682 487
1075 3648 1188 3697 seq.
1219 3633 1275 3681 in
1307 3638 1420 3682 not.
1495 3634 1612 3681 Hu-

520 3702 605 3751 ius
643 3702 928 3752 architecti
969 3701 1114 3766 quod
1153 3703 1206 3751 h.
1253 3701 1290 3752 l.
1326 3701 1611 3751 exhibetur

521 3770 816 3835 singulare,
855 3770 999 3835 quod
1037 3770 1452 3835 excogitaverit,
1480 3771 1612 3820 arti-

521 3838 730 3902 ficium,
770 3839 825 3888 id
862 3841 932 3890 ad
966 3856 1300 3889 communem
1341 3839 1610 3905 quendam

520 3907 887 3957 aedificiorum
906 3909 1281 3959 struendorum
1304 3925 1502 3959 morem
1527 3924 1610 3959 re-

521 3976 660 4026 ferre
717 3977 948 4042 indeque
1002 3977 1221 4027 fabulae
1263 3979 1609 4029 Herodoteae

520 4061 738 4095 sensum
775 4051 1018 4110 repetere
1052 4046 1169 4095 vult
1202 4047 1483 4097 Hamilton
1507 4049 1612 4098 Re-

524 4113 734 4165 search.
774 4115 828 4164 in
866 4114 1000 4164 Asia
1040 4116 1166 4164 min.
1208 4117 1282 4166 11.
1321 4134 1370 4181 p.
1413 4120 1502 4168 44.
1538 4145 1609 4153 —

522 4184 607 4234 Ad
670 4184 839 4233 verba
869 4179 978 4263 Pucat).
1038 4172 1154 4231 ὑπὸ
1206 4177 1314 4233 δύο
1375 4176 1608 4249 ανδρῶν

522 4248 617 4301 καὶ
674 4244 790 4301 ὑπὸ
859 4241 986 4309 ἑνὸς
1044 4252 1296 4302 conferas
1358 4255 1604 4305 Nitzsch.

520 4322 590 4373 ad
627 4322 705 4384 11,
745 4323 847 4372 120
882 4321 1191 4384 laudatum,
1231 4324 1324 4388 qui
1360 4323 1462 4374 hac
1501 4325 1608 4374 for-

517 4391 665 4443 mula
702 4390 915 4442 dicendi
951 4359 1284 4457 paucitatem
1329 4392 1416 4443 vel
1466 4409 1608 4443 sum-

1780 2519 1880 2575 τὸν
1916 2524 2111 2589 θησαν
2117 2519 2220 2591 ρόν
2254 2523 2357 2574 τοῦ
2381 2521 2658 2592 βασιλέος]
2700 2522 2801 2589 βα-

1710 2594 1892 2651 σιλέος
1913 2611 2033 2644 cum
2058 2596 2330 2647 Gaisford.
2355 2595 2591 2660 reposui.
2618 2595 2798 2659 Vulgo

1709 2661 2006 2741 βασιλῆος,
2046 2670 2106 2714 ut
2142 2665 2284 2714 infra
2314 2664 2363 2727 5.
2399 2667 2450 2715 5.
2510 2664 2593 2713 Ad
2627 2665 2801 2713 verba

1709 2730 1840 2795 περὶ
1874 2726 1981 2797 τὴν
1991 2701 2298 2799 ἐξαίρεσιν
2341 2732 2445 2782 τοῦ
2481 2732 2656 2782 λίθου
2695 2734 2794 2783 Cr.

1709 2802 1941 2853 confert.
1989 2802 2163 2868 Ilgen.
2213 2804 2284 2853 ad
2339 2802 2796 2868 bffmu.Home1-.

1710 2871 2077 2989 Ρηὲοὗίῗι
2018 2932 2087 2989 τὰ
2131 2939 2305 3004 μέτρα
2339 2930 2542 3005 αὐτοῦ]
2600 2931 2668 2989 τὰ
2704 2935 2797 3003 μέ·

1708 3026 1838 3074 τρα,
1895 3026 2180 3072 mensuras,
2243 3009 2490 3059 consulto
2540 3011 2800 3061 Nostrum

1709 3080 1996 3143 scripsisse
2032 3085 2192 3143 putat
2228 3078 2797 3144 Schweighaeuser-us,

1709 3148 1827 3198 scil.
1865 3164 1973 3198 nou
2007 3149 2180 3198 solum
2219 3149 2389 3212 ipsius
2423 3147 2622 3211 lapidis
2652 3162 2801 3197 men-

1711 3233 1910 3279 suram,
1949 3217 2044 3267 sed
2077 3232 2379 3267 mensuram
2416 3217 2800 3267 distantiarum

1711 3288 1781 3337 ab
1816 3287 1924 3336 imo
1961 3286 2210 3337 aedificio
2249 3292 2304 3336 et
2350 3287 2419 3336 ab
2454 3291 2685 3352 utroque
2723 3285 2801 3335 la-

1712 3362 1843 3407 tere.

1780 3417 1885 3473 οὐκ
1946 3416 2000 3480 ἐς
2045 3415 2272 3489 μακρὴν
2320 3416 2485 3487 ἔργον
2539 3416 2796 3487 εχεσθαι]

1710 3483 1737 3543 ἐ
1750 3509 1778 3551 ς
1799 3508 1926 3556 μακ
1941 3509 1972 3557 ρ
1986 3485 2018 3555 ὴ
2036 3508 2066 3541 ν
2088 3494 2202 3542 iure
2223 3493 2479 3569 praetulit
2493 3492 2797 3554 Schweigh.

1710 3563 1962 3627 vulgato:
2002 3556 2056 3618 ἐς
2090 3553 2338 3626 μακρόνς
2376 3562 2445 3610 ad
2474 3561 2609 3611 illud
2634 3561 2799 3626 vulgo

1712 3630 1967 3697 suppient
1989 3646 2163 3693 ωραν.
2214 3631 2340 3680 Vid.
2365 3631 2642 3682 Lambcrt.
2666 3632 2797 3681 Bos.

1713 3701 1781 3751 de
1817 3699 1992 3764 ellips.
2018 3715 2145 3765 pag.
2174 3701 2276 3749 576
2309 3716 2423 3765 seq.
2462 3699 2585 3750 coll.
2611 3701 2798 3765 Vigor.

1713 3770 1779 3820 de
1816 3770 2075 3820 idiotism.
2112 3784 2237 3834 pag.
2277 3769 2380 3818 506
2430 3774 2484 3818 et
2518 3770 2591 3821 cf.
2628 3771 2801 3819 Hero·

1713 3838 1826 3889 dot.
1863 3840 1928 3901 V,
1972 3838 2087 3888 108.
2161 3838 2306 3887 Hinc
2344 3829 2448 3886 οὐκ
2485 3830 2541 3894 ἐς
2574 3830 2801 3903 μακρὴν

1712 3909 1850 3958 verti
1919 3908 2120 3973 poterit
2178 3909 2334 3969 paulo
2402 3914 2537 3969 post.
2631 3902 2800 3971 ἔργον

1713 3972 1978 4042 ἔχεσθαι,
2018 3979 2281 4026 admovere
2315 3992 2515 4035 manus,
2555 3979 2802 4027 accedere

1712 4048 1785 4097 ad
1818 4048 2025 4113 ahquid,
2058 4062 2166 4095 nou
2198 4046 2316 4095 siue
2350 4044 2529 4096 studio
2553 4062 2620 4097 ac
2651 4046 2802 4096 festi-

1710 4117 1963 4179 natione,
2003 4116 2139 4165 satis
2176 4114 2509 4165 illustratum
2551 4116 2619 4165 ab
2652 4116 2801 4165 Ηοο-

1711 4187 1971 4249 geveenio
2000 4187 2069 4235 ad
2094 4186 2278 4249 Viger.
2302 4202 2352 4250 p.
2379 4186 2483 4235 255
2513 4200 2628 4250 seq.
2671 4185 2799 4236 vid.

1708 4256 1913 4306 Herod.
1938 4255 2092 4317 VIII,
2122 4256 2205 4305 11.
2230 4255 2326 4313 IX,
2358 4256 2472 4305 102.
2553 4255 2617 4304 In
2644 4270 2800 4319 seqq.

1708 4324 1902 4388 reliqui
1952 4322 2226 4383 καταδεᾶς
2280 4324 2355 4375 cf.
2391 4329 2528 4375 nott.
2586 4324 2656 4373 ad
2693 4325 2805 4373 Hc-

1709 4393 1887 4444 rodot.
1926 4409 2161 4459 prooem.
