3109 5092
1276 330 1528 391 OLIO.
1575 332 1626 390 Ι.
1674 342 1798 396 103.

2553 334 2677 397 227

387 501 817 593 Ἀσσυρίους,
854 503 968 572 καὶ
999 498 1373 591 Ἀσσυρίων
1401 502 1714 591 τούτους,
1759 511 1826 574 οἳ
1857 513 2077 576 Νῖνον
2114 506 2295 595 εἶχον
2326 509 2438 578 καὶ
2468 498 2677 601 ἦρχον

396 608 727 698 πρότερον
774 606 1086 692 πάντων,
1156 606 1306 677 τότε
1355 607 1429 676 δὲ
1470 599 1646 697 ἦσαν
1691 612 2198 699 μεμουνωμένοι
2243 611 2367 700 μὲν
2411 615 2675 705 συμμά-

394 740 563 800 χων,
604 707 721 780 ἅτε
753 706 1231 794 ἀπεστεώτων,
1278 707 1761 800 ἅλλωςμέντοι
1795 714 2070 784 ἑωυτῶν
2102 705 2180 784 εὖ
2211 712 2517 804 ἥκοντες·
2567 720 2676 788 ἐπὶ

391 814 672 894 τούτους
710 812 794 903 δὴ
844 813 1417 903 στρατευσάμενος
1461 811 1497 885 ὁ
1537 815 1887 906 Φραόρτης
1935 813 2136 898 αὐτός
2185 845 2257 888 τε
2308 821 2671 911 διεφθάρη,
2774 823 2779 828 ’

394 916 598 1005 ἄρξας
633 916 760 988 δύο
790 919 903 986 καὶ
943 927 1154 987 εἴκοσι
1192 924 1374 1004 ἔτεα,
1413 921 1527 987 καὶ
1572 914 1609 989 ὁ
1645 918 1923 1007 στρατὸς
1958 918 2169 992 αὐτοῦ
2200 918 2236 991 ὁ
2272 924 2533 1006 πολλός.

546 1019 906 1110 Φραόρτεω
943 1020 1017 1090 δὲ
1046 1020 1596 1110 τελευτήσαντος,
1631 1025 1968 1108 ἐξεδέξατο
1993 1029 2387 1116 Κυαξάρης,
2419 1023 2455 1098 ὁ
2483 1037 2667 1117 Φρα-
2692 1039 2809 1100 103

390 1122 599 1214 όρτεω
635 1128 759 1194 τοῦ
795 1122 1108 1213 Ληῐόκεω
1156 1139 1328 1205 παῖς.
1378 1114 1572 1206 οὗτος
1618 1130 1880 1213 λέγεται
1919 1126 2169 1201 πολλὸν
2215 1137 2309 1200 ἔτι
2349 1136 2671 1220 γενέσθαι

391 1224 841 1317 ἀλκιμώτερος
883 1233 1019 1298 τῶν
1056 1227 1444 1316 προγόνων·
1502 1232 1614 1299 καὶ
1650 1232 1911 1320 πρῶτός
1954 1262 2025 1303 τε
2067 1232 2322 1323 ἐλόχισε
2365 1234 2531 1305 κατὰ
2565 1238 2670 1306 τέ-

459 1391 555 1444 aaz
597 1383 902 1456 Ἀσσυρίων
947 1386 1214 1456 τούτους,
1266 1388 1324 1444 οἳ
1372 1393 1481 1444 Νῖ-

391 1478 499 1513 νον
555 1454 732 1529 εἶχον]
795 1462 879 1513 Ad
938 1468 1316 1528 argumentum
1371 1464 1481 1514 loci

389 1533 528 1583 bene
549 1532 897 1583 admonemur
919 1533 1348 1599 aWesselingio,
1371 1535 1480 1585 He·

390 1604 640 1654 rodotum
675 1603 1024 1667 Assyriorum
1068 1604 1285 1653 nomine
1321 1619 1476 1653 usum

392 1687 511 1722 esse
548 1687 711 1722 sensu
746 1671 957 1735 latiori,
995 1673 1075 1722 ita
1102 1677 1165 1722 ut
1187 1672 1477 1737 Babylonii

391 1757 632 1807 quoque,
670 1741 766 1791 alii
803 1741 1351 1805 comprehendantur;
1402 1743 1472 1792 cf.

388 1811 435 1873 1,
478 1810 593 1862 178.
635 1809 753 1863 185.
825 1810 977 1861 Idem
1027 1815 1212 1861 monet
1249 1811 1474 1862 Rennel.

389 1881 446 1930 in
491 1879 797 1945 Geograph.
846 1880 1050 1930 Herod.
1098 1896 1152 1944 p.
1203 1882 1323 1932 458.
1398 1882 1478 1931 Αο

389 1950 631 2013 pluribus
670 1950 811 1999 hanc
859 1950 912 1998 in
966 1965 1078 2000 rem
1113 1950 1358 2014 disputat
1393 1951 1480 2000 Ia-

387 2018 621 2083 hlonsky
659 2019 807 2069 Diss.
850 2019 916 2068 de
953 2019 1086 2084 ling.
1119 2019 1364 2084 Lycaon.
1408 2021 1475 2070 Τ.

389 2089 494 2138 ΙΙΙ.
533 2105 588 2153 p.
629 2087 730 2139 129
767 2088 1033 2153 Opuscc.‚
1081 2088 1340 2154 Assyriae
1383 2105 1477 2139 no-

388 2159 531 2208 minc
567 2157 962 2223 antiquissimis
998 2160 1330 2223 temporibus
1365 2174 1475 2209 non

389 2228 558 2278 solam
594 2227 873 2292 Assyriam
905 2226 1073 2277 fuisse
1094 2228 1475 2293 significatam,

389 2313 574 2347 verum
601 2302 656 2347 et
679 2296 956 2362 complura
976 2297 1088 2346 alia
1111 2314 1279 2363 regna
1294 2337 1306 2361 ,
1347 2313 1477 2362 quo-

387 2382 504 2416 rum
539 2366 700 2431 potiti
721 2368 925 2416 fuerint
944 2367 1184 2430 Assyrii,
1216 2383 1326 2418 non
1353 2383 1475 2417 raro

387 2435 776 2500 comprehensa
799 2436 987 2486 fuisse.
1046 2436 1289 2501 Indeque
1311 2437 1475 2486 etiam

387 2505 721 2569 Babylonios
765 2506 881 2555 sive
918 2505 1247 2569 Chaldaeos,
1297 2504 1475 2557 debel-

385 2573 531 2624 latos
587 2575 654 2624 ab
691 2574 960 2639 Assyriis,
1012 2573 1204 2625 horum
1256 2576 1475 2626 nomine

389 2643 680 2708 aliquando
735 2642 1042 2708 appellatos
1097 2660 1218 2695 esse
1269 2649 1471 2695 monet.

387 2711 527 2764 Add.
544 2713 823 2778 Forbiger.
836 2713 1057 2763 Handb.
1084 2713 1136 2764 d.
1158 2713 1254 2765 alt.
1273 2715 1470 2779 Geogr.

386 2783 461 2832 ΙΙ.
502 2799 554 2847 p.
589 2782 708 2832 607.
779 2781 937 2833 Unde
983 2783 1256 2849 sequitur,
1302 2784 1475 2833 Hero-

388 2851 572 2901 dotum
620 2851 799 2901 verbis
841 2847 937 2900 καὶ
985 2843 1287 2911 Ἀσσυρίων
1342 2844 1474 2901 τού-

388 2935 547 2983 τους,
585 2915 642 2969 o?
676 2920 868 2969 Νῖνον
901 2913 1059 2985 εἶχον
1093 2921 1336 2972 indicare
1375 2937 1472 2972 vo-

386 2989 555 3040 luisse
585 3005 702 3040 eam
724 2989 1033 3054 Assyriam,
1072 3006 1212 3056 quae
1238 2991 1471 3041 arctiore

389 3074 552 3108 sensu
586 3074 651 3109 ac
673 3059 889 3124 proprie
915 3061 994 3110 sic
1026 3059 1333 3122 dicebatur,
1372 3060 1479 3125 pri-

391 3128 637 3178 mitivam
672 3129 933 3193 Assyriae
978 3129 1284 3194 regionem,
1334 3129 1477 3179 unde

385 3199 561 3262 ipsum
609 3198 956 3262 Assyriorum
1018 3213 1244 3264 regnum
1303 3199 1478 3262 prose-

389 3274 534 3317 ctum
572 3271 682 3329 est,
733 3267 1053 3318 Adiabenen
1100 3283 1260 3333 quaxn
1310 3268 1474 3318 etiam

387 3336 689 3398 vocabant;
726 3338 837 3388 vid.
874 3336 1155 3402 Forbiger.
1191 3337 1229 3387 1.
1266 3336 1304 3387 l.
1343 3352 1470 3401 pag.

387 3406 508 3457 607.
556 3405 660 3455 609
697 3421 810 3471 seq.
882 3406 966 3455 De
1002 3406 1123 3456 Nini
1167 3406 1300 3456 urbe
1360 3404 1469 3455 vid.

387 3475 431 3536 Ι,
478 3473 591 3526 103.
635 3475 752 3527 103.
808 3473 924 3525 185.
967 3475 1068 3527 178
1102 3476 1288 3540 ibique
1332 3478 1471 3525 nott.

387 3550 442 3594 ct
467 3543 546 3606 11,
578 3544 694 3595 150.
759 3544 1046 3595 Caeterum
1072 3560 1194 3594 cum
1217 3544 1303 3605 iis,
1334 3559 1474 3608 quae

385 3613 697 3663 Herodotus
721 3612 788 3664 de
815 3612 919 3663 hac
940 3614 1220 3664 Phraortis
1257 3612 1472 3676 expedi-

385 3682 534 3733 tione
556 3687 748 3732 contra
778 3683 1031 3748 Assyrios
1059 3683 1275 3744 scribit,
1311 3680 1472 3745 plane

386 3753 677 3802 convenire
710 3751 900 3802 volunt
936 3767 1026 3814 ea,
1066 3768 1206 3817 quae
1241 3752 1296 3799 in
1333 3750 1471 3800 libro

385 3821 571 3872 Iudith
601 3821 737 3873 1-6
759 3820 1017 3886 leguntur
1040 3822 1108 3872 de
1124 3819 1471 3885 Arphaxada‚

385 3890 666 3941 Medorum
704 3905 857 3956 rege,
906 3890 1030 3955 qui,
1068 3906 1186 3941 cum
1221 3888 1472 3955 Assyrio-

384 3974 503 4009 rum
558 3976 688 4025 rege
745 3959 1150 4010 Nebukadnezar
1206 3958 1470 4008 decimum

385 4030 537 4093 regni
592 4044 795 4079 annum
850 4033 1047 4094 agente
1105 4028 1469 4090 conflictatus,

387 4097 540 4147 susus
577 4102 662 4148 est
693 4098 750 4146 in
773 4113 963 4161 campo
989 4099 1204 4163 Ragau:
1242 4096 1298 4145 id
1325 4096 1468 4162 quod

386 4166 441 4215 in
475 4182 673 4217 annum
709 4165 811 4217 635
847 4171 976 4216 aute
1017 4166 1144 4217 Chr.
1181 4182 1234 4216 n.
1276 4166 1470 4217 cadere

382 4236 613 4300 probare
643 4234 853 4286 studuit
887 4235 933 4286 1.
966 4251 1002 4286 a
1038 4236 1337 4300 Gumpach.
1365 4235 1402 4286 l.
1429 4235 1467 4287 l.

382 4320 435 4369 p.
479 4303 572 4355 161
611 4319 723 4370 seq.
796 4304 1143 4370 Assyriorum
1176 4320 1271 4355 rex
1306 4320 1470 4356 voca-

384 4379 475 4423 tur
519 4372 829 4424 Kiniladan:
885 4374 978 4439 qui
1031 4388 1164 4426 num
1207 4372 1350 4424 idem
1397 4373 1471 4425 sit

1588 1404 1755 1465 atque
1798 1403 1872 1465 is,
1914 1418 2072 1467 quem
2099 1402 2533 1467 Sardanapalum
2568 1409 2674 1453 ter-

1586 1472 1723 1521 tium
1746 1472 2077 1523 Rawlinson.
2107 1472 2466 1538 significavit,
2504 1473 2675 1524 filium

1585 1541 2012 1602 Esarhaddonis‚
2034 1541 2179 1593 haud
2203 1542 2519 1593 decernam:
2549 1543 2674 1593 vide

1584 1610 1917 1661 Rawlinson.
1963 1612 2174 1662 Abriss.
2229 1612 2280 1662 d.
2330 1612 2526 1677 Babyl.
2573 1611 2674 1662 As-

1584 1695 1694 1744 syr.
1730 1681 1926 1732 Gesch.
1961 1698 2013 1746 p.
2045 1681 2111 1732 37
2147 1697 2290 1731 vers.
2328 1698 2547 1733 vernac.
2588 1686 2673 1731 at-

1581 1750 2552 1885 {¹35ss·15.3ss{?.¹2⁸.5¹².::⁶.¹321¹13.3‘5.⁸.
2581 1750 2675 1868 9ἔᾲ

1581 1888 1986 1939 Ecbatanorum
2048 1889 2159 1939 situ
2219 1904 2385 1953 supra
2438 1888 2671 1955 ⁴laudata

1581 1972 1634 2020 p.
1679 1957 1770 2008 141
1808 1974 1922 2021 seq.
1995 1956 2377 2023 Arphaxadam
2417 1958 2543 2008 libri
2582 1959 2671 2008 Iu-

1580 2026 1698 2076 dith
1734 2026 1805 2076 ad
1840 2026 2187 2089 Phraortem,
2223 2028 2445 2077 Deiocis
2480 2026 2669 2090 filium,

1578 2096 1771 2146 referri
1805 2112 1966 2161 posse
1999 2101 2191 2162 negat:
2241 2096 2307 2147 de
2335 2097 2542 2148 Deioce
2584 2111 2672 2146 co-

1580 2166 1758 2231 gitare
1793 2165 2030 2228 mavult,
2083 2166 2229 2233 quod
2273 2166 2405 2216 mihi
2453 2165 2672 2231 quidem

1580 2235 1724 2285 haud
1772 2236 2073 2300 persuasit.
2160 2237 2278 2297 Quo
2331 2237 2535 2286 rectius
2586 2236 2672 2285 De

1581 2303 1781 2371 Saulcy
1810 2305 1868 2355 in
1901 2305 2357 2356 commentatione
2394 2310 2525 2356 ante
2554 2304 2671 2354 lau-

1581 2374 1712 2424 data
1764 2391 1821 2440 p.
1868 2376 1969 2427 284
2027 2374 2411 2439 Arphaxadam
2464 2373 2671 2424 nullum

1579 2443 1743 2494 alium
1801 2461 1922 2495 esse
1979 2460 2144 2509 posse
2202 2444 2309 2494 nisi
2352 2444 2669 2494 Phraortem

1576 2513 1845 2563 Herodoti
1890 2514 2158 2574 ostendit3
2208 2514 2274 2563 de
2322 2512 2668 2577 Assyriorum

1577 2598 1705 2646 rege
1730 2582 2029 2633 Kiniladan
2071 2582 2215 2631 idem
2249 2583 2501 2646 exposuit
2535 2596 2664 2646 pag.

1577 2653 1700 2702 277.
2637 2672 2644 2678 ·

1642 2710 1823 2777 ἄλλως
1865 2716 2060 2784 μέντοι
2108 2709 2333 2766 ἕωυτῶν
2383 2703 2449 2766 εὖ
2492 2704 2666 2780 ἥκον-

1575 2788 1686 2854 τες]
1737 2790 1775 2840 i.
1822 2804 1869 2839 e.
1921 2794 2213 2848 „caeterum
2250 2787 2486 2850 profecto
2531 2788 2667 2850 ipso-

1574 2875 1681 2908 rum
1715 2857 1868 2909 rebus
1898 2855 2265 2921 florentibus,“
2317 2871 2360 2906 s.
2400 2855 2553 2907 rebus
2585 2862 2668 2905 sat

1573 2931 1724 2979 lautis
1751 2942 1814 2977 ac
1837 2926 2135 2992 florentibus
2168 2927 2414 2976 constitui.
2480 2926 2562 2975 De
2589 2923 2668 2975 lo-

1574 2999 1793 3049 cutione
1829 2997 1972 3047 cons.
2012 2995 2058 3058 I,
2096 2994 2165 3046 30
2199 2995 2331 3061 ibiq.
2367 2999 2482 3046 not.

1957 3166 2088 3217 CAP.
2128 3165 2261 3216 CIII
2267 3202 2279 3214 .

1646 3259 1873 3332 πρῶτός
1932 3283 1990 3317 τε
2039 3258 2251 3332 ἐλόχισε
2310 3259 2454 3316 κατὰ
2509 3264 2667 3315 τέλεα

1575 3330 1709 3393 τοὺς
1768 3327 1829 3386 ἐν
1885 3335 1955 3403 τῇ
2009 3329 2197 3401 Ἀσίῃ]
2255 3333 2496 3399 λοχίζειν
2553 3339 2661 3385 est:

1576 3406 1928 3468 distribuere,
1968 3406 2209 3455 dividere
2242 3404 2539 3454 secundum
2572 3395 2663 3451 λό-

1574 3489 1712 3540 χους
1774 3473 1915 3539 (sive
1970 3474 2221 3524 cohortes
2281 3472 2482 3522 dixeris
2546 3471 2662 3520 sive

1574 3542 1925 3607 manipulos).
1999 3542 2156 3592 Conf.
2186 3540 2349 3590 etiam
2378 3539 2576 3591 Suidas
2613 3555 2661 3589 s.

1573 3630 1626 3663 v.
1667 3617 1723 3662 et
1756 3613 1997 3661 Zonaras
2032 3611 2091 3659 in
2125 3610 2258 3659 Lex.
2297 3624 2348 3673 p.
2386 3607 2517 3671 695,
2568 3608 2663 3657 ubi

1571 3687 1755 3732 tamen
1778 3680 1921 3730 male
1945 3679 2227 3730 exhibetur
2250 3667 2495 3742 ἐλόχησε.
2518 3678 2662 3726 Hinc

1571 3750 1818 3802 additum
1841 3741 1983 3798 κατὰ
2014 3746 2196 3810 τέλεα,
2232 3762 2354 3796 cum
2384 3743 2539 3802 τέλος
2572 3745 2662 3795 hic

1575 3824 1778 3871 certam
1830 3818 2102 3884 quandam
2147 3816 2377 3866 militum
2425 3830 2660 3877 manum,

1573 3889 1849 3940 cohortem
1911 3892 2016 3938 etc.
2075 3887 2280 3937 indicet
2338 3885 2663 3950 saepiusque

1573 3959 1678 4009 hoc
1707 3972 1887 4021 sensu,
1924 3956 2243 4022 praesertim
2269 3953 2486 4005 adiecta
2508 3969 2662 4017 prae-

1574 4028 1847 4092 positione
1891 4018 2036 4077 κατὰ
2081 4024 2320 4077 notionis
2362 4023 2662 4074 distributi-

1574 4113 1706 4159 vae,
1742 4097 1888 4161 apud
1906 4098 2164 4147 Nostrum
2188 4094 2513 4145 inveniatur.
2569 4091 2660 4142 Sic

1572 4167 1710 4228 VII,
1747 4166 1835 4216 87.
1873 4167 1993 4217 211.
2037 4167 2141 4228 lx,
2180 4166 2266 4216 ⁶20.
2305 4162 2391 4213 33.
2462 4162 2660 4212 Moneo

1573 4241 1794 4301 propter
1841 4235 2208 4296 Schultzium‚
2270 4233 2363 4297 qui
2409 4232 2465 4280 in
2518 4243 2660 4278 com-

1575 4305 1906 4356 mentat-ione
1954 4304 2021 4356 de
2067 4304 2238 4370 Cyro,
2292 4315 2453 4366 quam
2495 4312 2661 4376 supra

1576 4372 1670 4438 (ad
1706 4373 1752 4437 1,
1791 4373 1882 4439 95)
1920 4370 2171 4434 laudavi,
2210 4384 2339 4435 pag.
2380 4367 2478 4420 681
2517 4379 2662 4416 κατα

2110 4445 2238 4518 ιδ*
