3109 5092
364 1646 439 1705 14

434 319 540 383 ‘32
1323 322 1863 383 HERODOTI

364 508 439 568 13
455 496 574 568 τόν
606 496 849 588 χρόνον
883 498 1276 586 γενόμενος,
1328 492 1403 566 ἐν
1439 494 1659 589 ἰάμβῳ
1702 499 2028 589 τριμέτρῳ
2066 492 2480 587 ἐπεμνήσθη.
2545 496 2738 589 Ἔσχε

457 603 533 671 δὲ
564 600 689 689 τὴν
715 608 1076 690 βασιληΐην
1118 603 1229 670 καὶ
1267 597 1654 687 ἐκρατύνθη
1687 596 1761 669 ἐκ
1793 605 1914 669 τοῦ
1955 598 2033 668 ἐν
2072 609 2402 689 Δελφοῖσι
2447 626 2733 731 χρηστη-

455 712 627 796 ρίου.
691 700 779 784 ὦς
810 702 938 794 γὰρ
968 704 1051 793 δὴ
1078 710 1147 773 οἰ
1164 704 1379 775 Λυδοὶ
1412 701 1639 771 δεινὸν
1672 699 2023 829 enocsfivvp
2051 700 2124 773 τὸ
2152 705 2574 776 Κανδαύλεω
2605 734 2732 777 πα-

452 820 577 888 θος
613 804 780 878 καὶ’
755 837 830 878 εν
856 805 1117 878 ὅπλοισι
1149 800 1354 896 ἦσαν,
1394 805 1838 895 συνε’βησαν’
1813 836 1880 888 ες
1907 803 2125 877 τώυτὸ
2154 812 2224 876 οἵ
2246 836 2320 905 τε
2347 816 2469 878 τοῦ
2495 810 2736 898 Γύγεω

452 917 811 981 στασιῶται
840 914 949 982 καὶ
978 917 1048 981 οἶ
1071 914 1292 981 λοιποὶ
1319 912 1567 995 Λυδοὶ,
1613 904 1699 999 ἢν
1723 911 1850 998 μὲν
1881 908 1964 1000 δὴ
1992 908 2067 979 τὸ
2095 910 2498 1002 χρηστήριον
2528 912 2734 1030 ἀνέλῃ

451 1044 570 1104 μιν
599 1019 879 1105 βασιλέα
908 1015 1082 1085 εἶναι
1112 1020 1400 1098 Λυδῶν,
1447 1011 1567 1082 τὸν
1600 1014 1674 1082 δὲ
1698 1013 2119 1099 βασιλεύειν·
2174 1010 2260 1103 ἢν
2290 1016 2367 1084 δὲ
2400 1014 2524 1105 μὴ,
2565 1015 2732 1086 ἀπο-

452 1124 691 1190 δοῦναι
725 1117 939 1189 ὀπίσω
968 1122 1034 1199 ἐς
1066 1115 1506 1209 Ἡρακλείδας
1536 1114 1663 1205 τὴν
1690 1112 1922 1207 αρχήν.
1981 1115 2212 1187 ανεῐλέ
2242 1145 2313 1187 τε
2346 1117 2428 1208 δὴ
2461 1117 2535 1187 τὸ
2549 1147 2727 1249 τζχρη

450 1224 763 1313 στήριον,
805 1224 916 1291 καὶ
949 1225 1386 1310 ἐβασίλευσεν
1421 1247 1598 1290 ουτω
1631 1220 1878 1309 Γύγης.
1933 1218 2210 1290 τοσόνδε
2244 1223 2471 1309 μέντοι
2511 1222 2655 1290 εἶπε
2689 1218 2731 1311 ἡ

450 1334 718 1415 Πυθίη,
770 1354 859 1406 ως
884 1322 1357 1414 Ἡρακλείδῃσι
1396 1331 1564 1402 τίσις
1602 1319 1743 1413 ἥξει
1790 1327 1856 1405 ἐς
1893 1322 2014 1393 τὸν
2049 1327 2348 1412 πέμπτον
2392 1322 2732 1411 ἀπόγονον

451 1429 709 1516 Γύγεω.
765 1428 1011 1498 τούτου
1044 1435 1166 1498 τοῦ
1206 1435 1398 1508 ἔπεος
1422 1432 1647 1496 Λυδοί
1674 1454 1744 1496 τε
1775 1429 1888 1495 καὶ
1920 1432 1990 1497 οἱ
2019 1430 2326 1514 βασιλέες
2360 1425 2589 1498 αὐτῶν
2615 1427 2730 1497 λό-

452 1560 577 1619 γον
613 1529 864 1601 οὐδένα
894 1534 1285 1619 ,ἐποιεῦντο,
1333 1533 1494 1621 πρὶν
1528 1527 1615 1619 δὴ
1652 1533 2100 1618 ἐπετελέσθη..

622 1634 760 1724 Τὴν
806 1635 934 1724 μὲν
987 1633 1070 1724 δὴ
1110 1641 1484 1726 τυραννίδα
1526 1630 1704 1704 οὕτω
1747 1641 1943 1722 ἔσχον
1975 1638 2046 1703 οἱ
2072 1634 2519 1721 Μερμνάδαι,
2576 1629 2734 1713 τοὺς

440 1734 876 1828 ‘Homul-efflas
928 1734 1349 1826 ἀπελόμενοι.

1453 1738 1679 1825 Γύγης
1725 1738 1803 1806 δὲ
1861 1735 2321 1826 τυραννεύσας
2380 1733 2734 1823 ἀπέπεμψε

448 1839 848 1933 ἀναθήματα
910 1844 977 1921 ἐς
1026 1841 1345 1931 Δελφούς
1395 1838 1522 1911 οὐκ
1580 1838 1794 1928 ὀλίγα.
1882 1835 2031 1908 ἀλλ’
2086 1835 2210 1907 ὅσα
2257 1839 2384 1927 μὲν
2430 1836 2734 1929 ἀργύρου

521 1999 611 2058 Οὔ
647 2023 744 2073 μοι
782 2001 852 2059 τὰ
886 2003 1085 2076 Γύγεω
1121 2010 1225 2063 τοῦ
1261 2001 1540 2076 πολυχρύ-

864 2091 968 2128 σου
1005 2078 1175 2146 μέλει.

822 2252 954 2304 Cn.
994 2254 1153 2307 XIII.

515 2347 612 2401 καὶ
651 2342 710 2402 ἕν
744 2339 970 2406 ὅπλοισι
1022 2343 1177 2420 ’σαν]
1228 2355 1373 2405 Male
1403 2369 1536 2404 non·

446 2418 581 2473 nulli
612 2418 870 2487 ἔνοπλοι,
910 2442 1011 2476 con
1037 2428 1228 2477 usione
1261 2424 1397 2474 satis
1433 2423 1537 2471 fre-

446 2492 652 2557 quenti.
710 2494 834 2544 vid.
864 2496 1191 2561 wesseling.
1215 2494 1399 2559 ibique
1426 2492 1537 2541 lau-

346 2578 352 2584 ·
446 2562 585 2612 datt.
661 2564 746 2613 De
789 2564 958 2629 Lydis
1007 2565 1295 2615 admodum
1342 2561 1537 2611 tumul-

444 2633 746 2695 tuantibus,
771 2650 895 2684 mox
920 2651 1050 2685 vero
1087 2651 1120 2685 a
1145 2636 1298 2699 Gyge
1332 2632 1537 2682 sedatis

447 2718 513 2752 ea
535 2703 873 2765 conditione,
912 2709 974 2754 ut
993 2704 1235 2769 Delphos
1263 2702 1538 2752 mitteren-

444 2777 535 2822 tur
579 2771 738 2822 deum
787 2774 1147 2837 sciscitaturi,
1206 2772 1377 2821 multa
1429 2776 1537 2820 tra-

444 2840 647 2890 duntur
692 2843 748 2890 in
784 2843 999 2893 Nicolai
1043 2842 1330 2906 Excerptis
1374 2854 1539 2904 supra

443 2909 683 2959 laudatis
709 2927 762 2991 p.
785 2910 887 2961 385
910 2911 1094 2961 Muell.
1103 2925 1272 2976 ‚quae
1298 2911 1536 2960 cumHe-

444 2978 685 3028 rodoteis
722 2979 778 3027 in
815 2995 878 3029 eo
915 2995 1131 3044 quoque
1168 2979 1534 3055 consentiunt,

446 3045 616 3125 quod
638 3046 797 3097 deum
851 3047 1085 3099 edixisse
1140 3053 1388 3098 narrant·
1447 3035 1536 3095 ὅτι

443 3119 568 3173 τοίς
603 3106 999 3195 “Ηρακλείδαις
1034 3113 1115 3175 εἰς
1149 3115 1414 3197 πέμπτην
1448 3126 1536 3180 γε-

446 3178 583 3236 νεὰν
628 3175 761 3250 ἥκοι
815 3184 963 3244 τίσις
1024 3180 1181 3251 παρὰ
1218 3184 1333 3235 τῶν
1375 3184 1535 3249 Μερ-

444 3250 700 3320 μναδῶν.

517 3319 725 3402 συνέβη
730 3337 837 3374 σαν
891 3317 946 3382 ἐς
986 3313 1166 3374 τώυτὸ
1223 3320 1291 3371 οἵ
1334 3337 1391 3371 τε
1438 3320 1541 3372 τοῦ

446 3384 646 3458 Γύγεω
669 3407 1042 3444 στασιωταιιι.
1072 3410 1119 3443 τ.
1141 3390 1258 3457 λ.]“
1244 3409 1280 3442 ι.
1308 3408 1355 3442 e.
1380 3408 1538 3454 ‚-con

443 3467 579 3514 venit
612 3468 745 3515 inter
770 3465 926 3529 nyt's
951 3464 1222 3528 factionem
1245 3471 1295 3513 et
1318 3464 1540 3527 reliquos

445 3534 651 3597 Lydae,
691 3543 773 3594 uc,
823 3534 1024 3600 quando
1057 3535 1250 3584 scilicet
1289 3534 1541 3582 oraculum

443 3603 573 3653 hunc
618 3620 785 3668 reyem
838 3605 1096 3669 Lydorum
1143 3619 1255 3654 esse
1301 3603 1538 3661 dixisset,

444 3672 581 3721 hicce
625 3671 865 3737 (Gyges)
915 3688 1095 3737 regum
1097 3682 1187 3731 ·e.e,·
1235 3676 1313 3722 sin
1359 3673 1536 3732 minus,

446 3750 502 3788 ne
564 3740 858 3790 Heraclidis
917 3757 1122 3805 reynum
1185 3745 1423 3792 restituer-
1425 3744 1513 3792 et.‘
1500 3740 1537 3767 ‘⁴

444 3808 779 3858 Particulam
820 3800 930 3873 δὴ,
978 3825 1117 3873 quae
1162 3810 1304 3860 male
1348 3825 1382 3859 a
1421 3809 1540 3873 qui-

445 3877 677 3926 busdam
701 3877 862 3928 codd.
885 3877 1070 3940 abest,
1098 3879 1245 3927 haud
1265 3879 1382 3927 sine
1408 3892 1539 3942 qua-

446 3945 572 3995 dam
605 3946 659 3995 vi
695 3945 933 3996 orationi
969 3947 1229 3996 insertam
1260 3961 1408 4009 esse,
1446 3946 1539 3995 vix

445 4030 768 4079 quemquam
822 4015 984 4079 fugit.
1076 4016 1191 4067 Nec
1255 4015 1368 4064 alia
1426 4016 1538 4064 fere

449 4084 692 4134 eiusdem
726 4085 810 4133 vis
845 4085 903 4133 in
938 4100 1086 4150 sqq.:
1139 4074 1325 4133 ἀνεῖλέ
1359 4098 1419 4133 τε
1453 4076 1536 4148 δὴ

445 4145 510 4202 τὸ
563 4144 912 4218 χρηστήριον
960 4168 1011 4203 κ.
1049 4168 1097 4201 τ.
1133 4153 1182 4202 λ.
1230 4158 1287 4202 et
1329 4154 1386 4201 in
1430 4152 1537 4202 fine

447 4222 675 4285 capitis.
732 4249 798 4258 —
845 4218 983 4286 πρὶν
1039 4212 1122 4286 δὴ
1179 4212 1535 4285 ἐπετελέσθη.

445 4290 802 4342 Vid.Helle1-.
841 4292 896 4340 in
928 4291 1326 4341 Schneidewiui
1356 4291 1537 4340 Philo-

446 4360 556 4425 log.
605 4361 759 4411 VIII.
816 4377 868 4424 p.
914 4360 1036 4411 284.
1115 4363 1202 4412 De
1246 4361 1367 4411 loco
1414 4361 1534 4425 ipso

1598 1970 1614 1983 ⁹
1642 2010 1737 2061 Gr.
1778 2008 1989 2058 confert
2012 2007 2266 2057 Eustath.
2303 2005 2371 2056 nd
2399 2006 2598 2072 Odyss.
2624 2007 2732 2069 111,

1640 2079 1760 2130 225.
1789 2092 1844 2142 p.
1870 2079 1968 2128 122
2002 2077 2131 2128 infr.
2169 2077 2252 2127 ed.
2276 2076 2448 2127 Basil.
2485 2077 2570 2126 De
2593 2083 2734 2126 stru-

1641 2152 1821 2209 ctura,
1873 2162 1982 2212 qua
2024 2148 2246 2197 verbum
2284 2142 2602 2213 συνέβησαν
2645 2147 2733 2195 hic

1640 2216 1843 2279 excipit
1892 2216 2224 2279 infinitivus,
2284 2215 2397 2265 vid.
2448 2215 2729 2268 Schaefer.

1639 2285 1708 2334 ad
1732 2286 2011 2335 Lambert.
2041 2287 2168 2336 Bos.
2198 2254 2265 2335 (le
2286 2284 2477 2349 Ellips.
2503 2301 2559 2350 p.
2589 2285 2731 2347 784..

1640 2354 1729 2404 cui
1763 2360 1946 2404 tamen
1970 2367 2110 2404 ωστε
2135 2356 2193 2404 ἰιι
2216 2355 2301 2404 his
2326 2355 2587 2404 omissum
2609 2370 2734 2404 esse

1642 2425 1907 2474 statuenti
1951 2429 2117 2487 recte,
2155 2425 2203 2474 si
2238 2424 2368 2490 quid
2402 2424 2590 2486 video,
2639 2425 2733 2474 ob-

1639 2493 1854 2543 locutus
1906 2499 1990 2544 est
2037 2495 2335 2543 Hermann.
2393 2495 2450 2544 in
2494 2493 2729 2544 Dissert.

1641 2562 1708 2612 de
1742 2563 1937 2627 Ellips.
1987 2568 2041 2612 et
2086 2564 2393 2614 Pleonasm.
2444 2565 2500 2613 in
2547 2563 2731 2614 Wolfii

1641 2637 1696 2682 et
1742 2634 2061 2683 Buttmann.
2113 2634 2304 2683 Museo
2359 2633 2505 2683 stud.
2553 2635 2726 2697 antiq.

1639 2702 1762 2752 Vol.
1794 2702 1842 2753 Ι.
1921 2702 2092 2753 .195.
2153 2704 2238 2753 Cf.
2277 2692 2480 2752 Herod.
2516 2701 2601 2765 11,
2640 2703 2728 2753 79.

1640 2798 1707 2806 —
1742 2719 1915 2821 Moxp
1907 2788 2003 2837 pro
2040 2764 2208 2821 τόνδε
2242 2763 2561 2838 βασιλεύειν
2596 2773 2730 2821 scri-

1640 2840 1757 2921 psi
1770 2834 1892 2890 τὸν
1939 2834 2038 2903 δὲ,
2099 2846 2352 2892 monente
2394 2843 2728 2892 Buttmanno

1640 2910 1698 2958 in
1722 2911 1953 2961 ExcurS.
1987 2878 2096 2960 XII
2124 2911 2194 2960 ad
2217 2910 2568 2961 Demosthen.
2593 2912 2729 2961 Mid.

1640 2994 1693 3043 p.
1730 2980 1847 3043 158,
1883 2985 1946 3030 ut
1984 2980 2058 3041 ΙΙ,
2072 2980 2185 3057 39,
2222 2981 2318 3030 ubi
2362 2980 2473 3030 vid.
2517 2986 2658 3031 nott.

1709 3017 1847 3111 ἥξει
1909 3041 1964 3106 ἐς
2029 3040 2132 3098 τὸν
2188 3045 2449 3113 πέμπτον
2514 3040 2730 3113 ἀπόγο-

1639 3129 1747 3165 νον
1781 3110 2003 3182 Γύγεω]
2044 3119 2152 3181 Qui
2185 3120 2403 3170 Croesus
2435 3124 2579 3183 erat,
2616 3119 2729 3170 vid.

1638 3186 1785 3237 infra
1814 3186 1859 3251 1,
1899 3186 1987 3239 91.

2028 3290 2161 3341 Cu».
2197 3290 2346 3341 XIV.

1710 3383 1906 3473 Γύγης
1937 3386 2002 3442 δὲ
2022 3384 2408 3472 τυραννεύσας
2429 3382 2730 3457 ἀπέπεμψε

1639 3450 1988 3541 ἀναθηματα
2034 3453 2090 3520 ἐς
2138 3454 2420 3527 Δελφοὺς]
2480 3476 2731 3524 τυραν·

1644 3524 1894 3589 νεύσας
1925 3532 2013 3581 hic
2031 3536 2208 3582 verte:
2249 3547 2395 3592 „cum
2418 3547 2621 3595 requam
2645 3546 2730 3580 oc

1641 3609 1882 3663 cupa-sset
1906 3617 1950 3650 s.
1979 3602 2197 3664 adeptus
2229 3608 2401 3652 esset:
2409 3602 2574 3651 ‘Est
2594 3600 2732 3650 haec

1640 3671 1832 3719 aoristi
1867 3671 2277 3736 participiorum
2320 3671 2406 3719 vis
2456 3669 2524 3720 de
2567 3670 2730 3721 rebus

1641 3741 2073 3802 transeuntibuS,
2098 3755 2260 3804 quam
2277 3738 2575 3789 illustravit
2595 3740 2734 3788 Her-

1640 3824 1821 3858 mann.
1861 3810 1931 3859 ad
1967 3809 2152 3873 Viget.
2189 3826 2242 3874 p.
2282 3810 2414 3870 774,
2456 3810 2552 3859 ubi
2586 3809 2732 3857 hunc

1641 3892 1854 3942 quoque
1889 3880 2066 3929 locum
2103 3878 2318 3941 laudat,
2365 3880 2446 3928 ita
2483 3882 2731 3929 vertens:

1640 3962 1881 4011 „requam
1915 3952 2177 4010 occupavit
2211 3955 2261 3997 et
2293 3949 2461 3999 misit-⁴
2553 3946 2732 3998 Simili

1640 4017 1799 4065 modo
1813 4011 2144 4081 βασιλεύσας
2166 4016 2241 4078 ΙΙ,
2241 4018 2305 4096 2,
2332 4017 2427 4068 ubi
2449 4016 2563 4068 vid.
2586 4020 2728 4066 nott.

1640 4085 1724 4134 Ad
1760 4102 1948 4135 vocem
1975 4079 2344 4149 τυραννεύειν
2371 4088 2443 4136 cf.
2474 4101 2615 4150 quae
2643 4100 2733 4134 su·

1639 4169 1739 4236 pra
1775 4154 1845 4204 ad
1880 4171 2002 4236 cap.
2023 4156 2074 4206 ,6
2108 4154 2470 4206 laudavimus.

1706 4215 1831 4271 ἀλλ’
1880 4238 1987 4274 οσα
2033 4218 2138 4288 μὲν
2197 4215 2450 4289 ἀργύρου
2495 4213 2769 4285 &movi--

1637 4307 1786 4354 ματα
1821 4287 1936 4342 ἔστι
1972 4287 2033 4341 οἱ
2065 4292 2296 4342 πλεῖστα
2331 4283 2391 4341 ἐν
2427 4290 2533 4339 Δελ
2540 4288 2724 4355 φοισι]

1639 4361 1675 4411 i.
1715 4377 1763 4412 e.
1799 4363 1935 4425 „sed
1965 4371 2215 4426 arqentea
2259 4362 2453 4427 quidem
2498 4363 2608 4410 eius
2640 4362 2730 4409 do-
