3109 5092
355 1166 437 1226 99

454 370 577 432 222

1323 372 1859 435 HERODOTI

452 571 536 632 κη
576 544 652 614 τὸ
692 548 1007 634 μέγαθος.
1072 549 1196 613 τοῦ
1230 545 1358 633 μὲν
1397 544 1481 635 δὴ
1527 544 1797 636 πρω’του
1858 546 2113 617 κύκλου
2158 553 2229 618 οἰ
2266 555 2734 641 προμαχεῶνές

454 654 583 717 εἰσι
620 650 883 733 λευκοὶ,
920 653 1042 716 τοῦ
1078 647 1154 716 δὲ
1190 650 1516 737 δευτέρου
1543 654 1858 740 μέλανες,
1896 659 2127 741 τρίτου
2165 653 2241 722 δὲ
2279 654 2535 724 κύκλου
2572 684 2728 744 φοι-

448 760 698 838 νίκεοι,
734 750 1058 841 τετάρτου
1095 751 1171 820 δὲ
1197 753 1506 838 κυάνεοι,
1542 757 1848 843 πέμπτου
1881 756 1958 826 δὲ
1987 757 2493 846 σανδαράκινοι.
2547 757 2727 828 οὕτω

451 854 725 925 πάντων
759 859 897 924 τῶν
931 854 1204 925 κύκλων
1243 862 1312 926 oc
1346 863 1815 946 προμαχεῶνες
1854 857 2251 948 ἠνθισμένοι
2291 863 2421 930 εἰσὶ
2457 862 2727 952 φαρμά-

451 982 664 1029 κοισι.-
713 959 838 1029 δύο
878 958 955 1028 δὲ
999 964 1068 1028 οἰ
1114 967 1494 1030 τελευταῖοί
1531 968 1659 1030 εἰσι
1705 957 1740 1031 ὁ
1781 963 1908 1052 μὲν
1951 968 2636 1055 καταργυρωμένους,
2693 960 2729 1034 ὁ

456 1063 532 1133 δὲ
565 1066 1288 1151 κατακεχρυσωμένους
1328 1071 1500 1152 ἔχων
1539 1063 1697 1146 τούς
1732 1073 2232 1156 προμαχεῶνας.

623 1172 845 1235 Ταῦτα
890 1166 1015 1254 μὲν
1054 1164 1136 1255 δὴ
1183 1162 1218 1235 ὁ
1259 1166 1556 1256 Δηιόκης
1611 1171 1838 1264 ἑωυτῷ
1885 1198 1957 1239 τε
2011 1174 2253 1259 ἐτείχεε
2294 1171 2405 1238 καὶ
2456 1172 2610 1258 περὶ
2649 1166 2731 1238 τὰ

454 1272 709 1339 ἑωυτοῦ
758 1276 967 1352 οἰκία,
1019 1267 1138 1338 τὸν
1196 1271 1268 1338 δὲ
1321 1268 1527 1341 ἄλλον
1573 1278 1787 1362 δῆμον
1833 1275 2020 1363 πέριξ
2079 1277 2346 1345 ἐκέλευε
2394 1272 2470 1344 τὸ
2517 1289 2730 1362 τεῖχος

452 1375 720 1442 οἰκέειν.
788 1375 1378 1461 οἰκοδομηθέντων
1424 1374 1498 1443 δὲ
1537 1376 1848 1464 πάντων,
1903 1377 2153 1466 κόσμον
2194 1377 2394 1447 τόνδε
2433 1377 2733 1466 Δηιόκης

453 1474 714 1566 πρῶτός
756 1478 893 1544 ἐστι
955 1471 991 1544 ὁ
1037 1478 1647 1566 καταστησάμενος·
1718 1479 1883 1571 μήτε
1927 1484 2175 1551 ἐσιέναι
2226 1478 2406 1572 παρὰ
2453 1483 2733 1569 βασιλέα

451 1645 600 1695 ιιίιιιιι
635 1645 910 1695 DIodorus
947 1645 1164 1697 Siculus
1194 1645 1385 1708 XVII,
1422 1647 1537 1709 110,

455 1715 546 1780 qui
583 1715 846 1765 ambitum
889 1715 1296 1765 Ecbatanorum
1345 1716 1540 1767 stadiis

452 1793 644 1836 eentum
680 1788 1037 1850 quinquaqinta
1074 1785 1330 1836 absolvit.

522 1854 719 1918 τρίτου
756 1850 817 1904 δὲ
847 1852 1081 1920 κύκλου]
1103 1855 1168 1904 In
1193 1854 1278 1904 his
1313 1859 1367 1905 et
1386 1870 1538 1920 seqq.

454 1926 713 1976 omissum
743 1925 897 1976 vides
933 1926 1251 1987 articulum,
1289 1941 1445 2003 quem
1484 1924 1540 1973 in

454 1996 901 2046 antecedentibus
958 1992 1097 2059 (τοῦ
1159 2025 1232 2034 --
1290 1987 1537 2077 πρώτου,

454 2062 578 2113 τοῦ
609 2095 682 2104 -—-
717 2061 1015 2128 δευτέρου)
1055 2064 1302 2114 additum
1338 2064 1543 2114 inveni-

457 2149 595 2195 mus,
633 2135 690 2183 in
728 2151 835 2200 quo
881 2149 1037 2183 nemo
1084 2138 1232 2184 certe
1277 2133 1541 2184 haerebit.

455 2233 526 2242 —-
544 2203 609 2252 In
630 2217 779 2285 seqq.
810 2204 1126 2269 scripsimus
1162 2219 1285 2253 cum
1309 2207 1542 2254 receutt.

458 2268 732 2356 σανδαρ’
695 2289 732 2322 α
752 2288 931 2337 κινοι,
998 2279 1227 2322 accentu
1285 2277 1542 2335 retracto,

457 2357 614 2406 quem
660 2342 716 2393 in
763 2348 1005 2393 extrema
1050 2342 1265 2408 syllaba
1309 2343 1544 2392 editores

455 2411 663 2476 priores
708 2413 831 2463 inde
878 2413 949 2462 ab
996 2414 1067 2462 H.
1126 2412 1403 2475 Stephano
1452 2429 1545 2477 po-

460 2487 700 2533 suerant.
747 2482 1081 2548 Intelligitur
1128 2485 1309 2532 autem
1359 2482 1548 2532 subru-

461 2551 548 2601 fus
585 2552 676 2603 ille
712 2552 888 2614 color,
926 2551 1105 2616 qualis
1152 2556 1237 2601 est
1288 2551 1546 2602 sandara-

461 2637 574 2684 cae,
609 2622 1031 2673 sanam-achram.
1069 2622 1208 2671 Nam
1242 2622 1548 2672 sandaraca

461 2691 603 2742 idem
644 2697 755 2755 est,
818 2691 963 2756 quod
1015 2691 1181 2756 vulgo
1238 2690 1544 2757 appellant:

453 2763 630 2812 rother
664 2761 1179 2825 Schwefel-Arsenik
1213 2777 1259 2812 s.
1297 2760 1545 2811 Arsenik-

455 2832 618 2894 nabin,
656 2835 712 2881 et
747 2847 889 2896 quae
934 2830 1044 2880 alia
1090 2836 1309 2881 exstant
1344 2846 1545 2895 cogno-

455 2902 619 2960 mina,
657 2900 723 2949 de
760 2900 956 2964 quibus
992 2900 1103 2950 vid.
1143 2900 1451 2950 Leonhard.
1490 2900 1545 2949 in

457 2969 894 3034 Oryctognosiae
924 2969 1239 3033 compendio
1276 2971 1424 3020 Sect.
1460 2970 1545 3020 15.

459 3052 505 3087 s.
544 3054 599 3089 ν.
637 3038 875 3101 Realgar
907 3053 1033 3102 pag.
1075 3038 1174 3088 166
1211 3054 1324 3104 seq.
1408 3038 1549 3088 Con-

461 3112 549 3156 tra
602 3105 898 3170 φοινίκεος
965 3105 1102 3171 (qua
1156 3122 1292 3158 voce
1348 3108 1550 3158 Noster

461 3190 592 3225 usus
630 3190 843 3240 quoque
893 3179 977 3226 est
1015 3176 1546 3239 11‚132.VI1‚76.

464 3246 712 3310 1x‚2·2)
752 3245 996 3296 declarat.
1044 3243 1279 3296 colorem
1333 3247 1549 3311 punice-

463 3330 555 3365 um
596 3329 642 3365 s.
683 3330 991 3378 pur-pureum
1024 3332 1058 3365 a
1107 3316 1285 3367 colore
1323 3316 1548 3366 subrufo

461 3384 751 3452 (hellroth)
762 3385 902 3435 bene
921 3386 1388 3450 distinguendum3
1406 3377 1552 3434 τκυα-

462 3469 592 3513 νεος
628 3460 712 3506 est
745 3458 1027 3520 caeruleus,
1052 3471 1160 3505 vox
1199 3471 1264 3506 ex
1291 3456 1548 3516 Homero,

461 3525 728 3588 Pindaro,
776 3523 900 3575 aliis
948 3525 1195 3590 cognita;
1251 3525 1322 3576 ef.
1369 3523 1550 3575 Blom-

463 3594 607 3646 fleld.
633 3595 873 3646 Glossar.
911 3596 967 3645 ἰιι
993 3593 1207 3659 Aeschy
1208 3594 1244 3645 l.
1282 3596 1433 3645 Pers.
1459 3593 1546 3644 83.

533 3655 875 3741 ἠνθισμένοι
927 3658 1035 3714 εἰσὶ
1093 3611 1545 3729 φαγρμοὶκοισι]

465 3725 738 3798 φάρμακα
772 3733 837 3783 de
873 3734 1122 3785 coloribus
1161 3733 1297 3796 dici,
1346 3748 1411 3782 ex
1444 3730 1549 3781 hoc

465 3802 584 3865 ipso
619 3802 741 3853 loco
777 3801 1032 3853 admonet
1062 3802 1300 3852 Thomas
1321 3801 1548 3866 Magist.

465 3871 1193 3992 2:3h111'3522„⁵58&.2213.5¹35.
1229 3871 1549 4006 ἓξζῗῒᾞοὲ

467 4009 552 4056 Cr.
591 4007 792 4058 Attulit
816 4023 1029 4072 quoque
1047 4009 1313 4059 Graevius
1351 4010 1420 4059 ad
1444 4009 1551 4057 Lu-

467 4077 609 4126 eian.
645 4078 710 4127 Τ.
748 4077 848 4126 IV.
889 4093 940 4142 p.
976 4076 1081 4127 488
1116 4077 1200 4128 ed.
1239 4080 1361 4143 Bip.
1405 4076 1549 4128 hune

462 4145 659 4207 locum,
698 4160 855 4210 quem
887 4146 968 4195 ita
1004 4145 1208 4195 reddit·
1252 4161 1547 4226 propugna-

461 4217 577 4265 cula
603 4216 746 4279 pieta
768 4215 931 4265 variis
952 4215 1217 4274 coloribus,
1251 4230 1413 4280 quum
1451 4206 1550 4263 ἆν-

461 4277 656 4344 θίζειν
702 4300 748 4335 s.
803 4274 1136 4343 ἐπανθίζειν
1191 4232 1283 4334 sig]
1319 4286 1546 4348 pinyere,

457 4354 658 4420 floridis
699 4353 950 4405 coloribus
1000 4355 1218 4416 inficere.
1290 4353 1377 4405 Ad
1430 4369 1549 4418 per-

1645 1655 1936 1711 augmento
1982 1650 2056 1700 ef.
2095 1649 2328 1700 BredoV.
2369 1620 2423 1714 p.
2472 1650 2603 1711 297,
2642 1648 2735 1714 qui

1644 1717 1787 1766 idem
1841 1720 2199 1769 conferendus
2255 1735 2306 1784 p.
2360 1719 2460 1770 317
2519 1720 2588 1769 ob
2641 1734 2736 1768 au-

1644 1789 1952 1852 gmentum
1938 1805 1992 1838 ιιι
2014 1789 2180 1840 verbo
2192 1786 2737 1853 καταργυρωμένους

1596 1915 1597 1918 ¹
1642 1857 1966 1938 neglectum,
2004 1859 2061 1907 in
2106 1859 2275 1908 verbo
2312 1870 2735 1922 κατακεχρυσω-

1642 1922 1852 1990 μένους
1888 1929 2254 1978 observatum.
2327 1929 2556 1979 Lateres
2602 1941 2734 1976 auro

1644 2000 1698 2045 et
1734 2002 1960 2061 argento
2001 1999 2337 2048 extrinsecus
2377 1998 2644 2048 obductos
2678 1996 2735 2044 in

1645 2067 1994 2131 Assyriorum
2062 2068 2284 2133 palatiis
2352 2070 2739 2117 commemorat

1646 2136 1900 2186 inventos
1949 2139 2165 2203 Layard
2216 2137 2461 2187 Nineveh
2504 2135 2614 2186 and
2662 2136 2736 2184 its

1646 2208 1801 2257 Rem.
1839 2207 1918 2258 11.
1956 2223 2010 2271 p.
2048 2208 2150 2258 417
2190 2206 2315 2258 coll.
2355 2206 2478 2257 268.

1719 2267 1828 2324 δύο
1865 2269 1927 2324 δὲ
1965 2270 2025 2325 οἴ
2065 2276 2379 2326 τελευταῖοί
2418 2271 2526 2325 εἰσι
2564 2264 2593 2323 ὁ
2633 2267 2737 2338 μὲν

1647 2358 1699 2394 κ.
1762 2361 1809 2394 τ.
1868 2342 1944 2410 λ.]
1999 2345 2088 2395 lta
2134 2347 2476 2410 scripsimus,
2531 2345 2738 2394 reiecta

1646 2429 1889 2545 pfofsusl
1897 2414 2274 2535 ᾱίεῐίἲέιίεέιιὶο,
2297 2429 2473 2532 quinq²
2493 2412 2596 2545 ιιῐῖἰ
2611 2417 2738 2478 post

1650 2496 1737 2532 εσ
1818 2499 1914 2534 au
1960 2501 2033 2535 an
2139 2498 2225 2534 εσ
2295 2500 2436 2548 pone
2476 2498 2545 2532 an
2645 2497 2737 2533 ac-

1651 2557 1813 2603 centu
1848 2553 2035 2605 addito
2069 2555 2197 2605 huic
2221 2554 2405 2604 verbo.
2444 2583 2516 2592 --
2549 2551 2635 2603 Ad
2653 2567 2767 2605 arn

1649 2629 1962 2688 gumentum
2008 2625 2197 2675 verbb.
2259 2615 2290 2674 ὁ
2335 2616 2440 2686 μὲν
2486 2636 2736 2684 καταρ-

1647 2690 2115 2758 γυρωμὲνους,
2156 2685 2185 2744 ὁ
2222 2686 2285 2742 δὲ
2311 2705 2738 2755 κατακεχρυσω-

1647 2759 1879 2826 μένους
1914 2758 2057 2827 ἔχων
2128 2756 2264 2820 τοὺς
2325 2758 2737 2826 προμαχεῶνας

1649 2832 1793 2882 conf.
1839 2833 2057 2897 Polybii
2108 2832 2284 2883 locum
2333 2846 2498 2896 supra
2549 2829 2737 2881 lauda-

1650 2905 1784 2952 tum.
1842 2902 1961 2962 „Ac
2006 2902 2345 2968 splendorem
2383 2900 2738 2966 opulentiam-

1651 2987 1756 3036 que
1810 2970 1970 3020 huius
2018 2972 2164 3023 sedis
2219 2971 2401 3035 regiae
2458 2969 2739 3020 collaudat

1651 3047 1865 3105 quoque
1887 3041 2093 3092 Auctor
2125 3040 2249 3091 libri
2285 3040 2352 3090 de
2389 3039 2589 3089 mundo
2613 3055 2734 3104 cap.

1651 3109 1702 3160 6.
1750 3126 1805 3174 p.
1845 3111 1948 3161 216
1995 3112 2078 3162 ed.
2131 3112 2338 3174 Kapp.;
2388 3108 2563 3160 simile
2604 3123 2736 3159 vero

1651 3184 1959 3230 structurae
2001 3196 2172 3246 genus
2216 3178 2483 3243 hodieque
2517 3178 2573 3227 in
2606 3177 2742 3228 mul-

1651 3249 1723 3299 tis
1761 3251 1906 3315 apud
1937 3251 2194 3302 Sinenses
2233 3254 2287 3300 et
2322 3249 2487 3299 Indos
2525 3247 2739 3312 oppidis

1652 3321 1873 3383 reperiri
1908 3327 2090 3372 monet
2130 3319 2333 3385 Caylus
2368 3319 2425 3367 in
2472 3317 2618 3367 Hist.
2672 3317 2741 3367 de

1650 3386 1861 3510 ζῖΑἱ-,μᾱο
1923 3390 2016 3442 des
2071 3392 2354 3455 Inscriptt.
2418 3387 2622 3438 XXXI.
2682 3402 2738 3450 p.

1728 3494 1741 3508 ο
1860 3476 1902 3506 1‘.

2016 3630 2148 3681 CAP.
2186 3629 2381 3681 XCIX.

1719 3723 1949 3811 πρωτός
1984 3723 2098 3781 ἔστι
2142 3722 2172 3782 ὃ
2218 3722 2738 3795 sarmanzarim-voc·

1652 3792 1792 3864 μήτε
1844 3792 2053 3850 ἐσιέναι
2099 3816 2150 3851 κ.
2192 3818 2240 3851 τ.
2278 3799 2351 3867 λ.]
2408 3801 2565 3862 Quod
2603 3800 2741 3850 dixit

1652 3866 1888 3934 κόσμον,
1922 3871 1959 3922 i.
2001 3887 2049 3921 e.
2093 3872 2359 3922 rationem
2397 3874 2563 3933 atque
2600 3869 2744 3919 ordi-

1652 3955 1775 3990 nem
1821 3940 2032 4005 imperii
2076 3939 2494 3992 administrandi
2535 3954 2743 4004 regem-

1653 4024 1757 4073 que
1791 4009 2043 4072 adeundi,
2078 4010 2135 4059 id
2161 4025 2275 4075 seq.
2308 4024 2425 4072 esp.
2455 4008 2595 4058 dixit
2618 4005 2741 4056 δια-

1653 4081 1918 4140 κοσμεῖν,
1981 4080 2126 4144 quod
2170 4079 2345 4145 ipsum
2398 4077 2523 4126 inde
2572 4077 2660 4126 vel
2707 4093 2740 4126 a

1652 4147 1989 4212 philosophis
2018 4147 2319 4198 adhibitum
2355 4147 2411 4196 iu
2446 4147 2616 4196 totius
2648 4161 2741 4196 na-

1652 4221 1811 4267 turae
1845 4218 2005 4267 rebus
2053 4217 2371 4268 ordinandis
2422 4221 2475 4265 et
2518 4215 2743 4265 admini-

1653 4287 1893 4337 strandis
1929 4291 2254 4349 monstrant,
2280 4301 2420 4352 quae
2450 4283 2629 4335 Ideler
2664 4289 2742 4334 at-

1652 4355 1782 4407 tulit
1830 4356 1901 4407 ad
1947 4355 2234 4407 Aristotel.
2286 4354 2570 4406 Meteorol.
2616 4354 2739 4405 Vol.

463 4423 594 4475 fecti
652 4422 880 4474 formem
935 4413 1278 4490 ἠνθισμένοι
1336 4426 1548 4475 retento
1650 4425 1699 4475 1.
1738 4440 1792 4489 p.
1828 4424 1951 4478 646.
2016 4423 2102 4477 Ad
2146 4428 2524 4491 argumentum
2568 4423 2745 4489 ipsum
