3109 5092
467 337 589 397 614

1334 302 1877 394 HERODOTI

470 506 969 595 ἐκκαθήραντες
1005 504 1080 574 δὲ
1114 501 1329 593 αὐτὴν
1363 507 1476 574 καὶ
1519 504 1967 593 διηθήσαντες
2003 514 2169 597 οἴνῳ
2200 509 2596 597 φοινικηΐῳ,
2625 495 2749 572 αὖ·

470 641 571 692 τις
621 611 978 699 διηθέουσι
1040 606 1423 697 θυμιήμασι
1472 609 1984 699 τετριμμένοισι.

471 781 613 829 inter
662 792 791 828 ossa
837 774 1073 841 pectoris
1127 780 1181 825 et
1227 790 1354 825 ossa
1405 774 1556 826 ilium

471 848 834 899 interiectam.
881 870 950 882 —-
999 843 1143 895 Illud
1188 844 1555 907 memorabile,

473 919 543 968 ab
573 916 853 968 Herodoto
887 930 1053 965 unam
1070 915 1446 965 tantummodo
1478 914 1558 964 in-

476 987 736 1037 cisionem
818 984 1045 1048 agnosci
1117 984 1215 1034 sub
1283 990 1561 1034 costarum

474 1061 632 1121 parte
667 1055 901 1114 factam3
938 1058 1129 1103 contra
1154 1054 1210 1102 in
1240 1054 1459 1118 pictura
1493 1068 1562 1102 ex

475 1125 709 1175 mumiae
727 1121 1007 1172 involucro
1020 1122 1267 1172 desumta
1285 1123 1427 1187 apud
1441 1122 1562 1172 Kir-

474 1195 627 1245 cher:
668 1191 804 1242 Oed.
841 1194 978 1255 Aeg.
1020 1191 1127 1242 111.
1160 1206 1214 1255 p.
1246 1192 1369 1254 512,
1401 1207 1563 1257 quam

477 1278 646 1327 nuper
675 1261 1032 1311 exhibuerunt
1059 1260 1293 1310 editores
1323 1260 1566 1310 Winkel-

478 1347 657 1382 mann.
696 1331 824 1380 hist.
854 1335 957 1379 art.
995 1329 1040 1379 1.
1070 1329 1241 1380 tabul.
1278 1332 1329 1391 2,
1367 1330 1565 1380 incisio

477 1402 539 1451 tit
567 1414 731 1464 supra
755 1397 1086 1460 umbilicum,
1111 1415 1212 1448 nec
1231 1399 1407 1449 minus
1430 1399 1565 1463 Gry-

477 1470 635 1535 phius
674 1468 928 1518 mumiam
964 1467 1470 1518 Wratislaviensem
1507 1468 1563 1516 in

474 1539 623 1589 linea
667 1537 794 1587 alba
837 1536 1065 1587 incisam
1106 1537 1274 1587 refert
1309 1551 1438 1601 pag.
1475 1537 1562 1586 52.

480 1610 634 1671 Quae
687 1607 733 1656 si
794 1605 1082 1667 admittas,
1140 1621 1245 1670 quo
1297 1606 1567 1656 Herodoti

480 1677 605 1728 fidei
639 1675 1022 1740 patrocineris,
1069 1675 1228 1726 binas
1268 1676 1565 1726 incisiones

477 1747 536 1796 in
571 1760 680 1796 uno
730 1744 1023 1810 eodemque
1072 1745 1339 1795 cadavere
1387 1746 1567 1795 factas

479 1815 679 1867 dixeris
714 1829 939 1865 necesse
973 1818 1074 1864 est.
1149 1814 1223 1864 At
1250 1829 1382 1865 vero
1412 1829 1568 1878 prae-

478 1890 594 1936 stat
628 1885 685 1933 in
729 1883 906 1934 medio
951 1883 1282 1949 relinquere,
1327 1899 1467 1949 quae
1499 1898 1567 1933 ex

479 1953 870 2006 recentioribus
886 1959 940 2003 et
950 1953 1147 2018 partim
1170 1953 1406 2004 fortasse
1419 1968 1567 2002 man-

482 2024 691 2090 gonicis
733 2023 950 2072 mumiis
990 2022 1330 2085 referuntur,
1366 2027 1422 2072 et
1459 2022 1566 2072 cir-

480 2092 811 2157 cumspicere
829 2091 1011 2156 potius
1034 2106 1322 2155 germanas
1347 2107 1413 2141 ex
1428 2091 1567 2141 'rhe-

478 2161 654 2211 baicis
692 2160 954 2224 sepulcris
1002 2166 1205 2211 erutas.
1281 2161 1460 2227 Atque
1509 2161 1567 2209 in

479 2233 550 2281 iis
578 2243 742 2278 unam
766 2227 1036 2278 duntaxat
1064 2229 1380 2280 incisionem
1403 2229 1568 2280 offen·

483 2299 679 2348 derunt
713 2297 1064 2361 Francogalli
1088 2312 1315 2363 eamque
1344 2299 1400 2348 in
1438 2299 1568 2348 sini·

483 2372 598 2418 stra
633 2367 874 2429 corporis
911 2371 1068 2430 parte
1105 2367 1337 2428 factam,
1373 2372 1436 2416 ut
1485 2372 1569 2417 est

484 2435 631 2500 apud
653 2435 902 2495 Diodor.,
927 2435 1260 2485 testantibus
1291 2435 1568 2486 Villoteau

484 2521 571 2570 ap.
600 2502 838 2569 Sylvest.
866 2504 931 2555 de
965 2504 1112 2569 Sacy
1145 2505 1215 2554 ad
1240 2504 1567 2556 Abdallatif.

480 2573 601 2626 Bel.
649 2572 717 2623 de
755 2572 901 2638 l'Eg.
950 2578 1079 2624 tom.
1127 2574 1171 2624 1.
1227 2589 1354 2639 pag.
1400 2576 1468 2626 20
1513 2579 1569 2625 et

481 2646 678 2710 Royer.
728 2644 784 2692 in
820 2644 1098 2709 Descript.
1137 2643 1204 2693 de
1253 2643 1397 2709 l'Eg.
1443 2642 1566 2694 livr.

481 2715 551 2765 X.
587 2728 715 2778 pag.
753 2713 875 2764 215.
950 2715 1189 2776 Quorum
1217 2712 1306 2763 hic
1342 2714 1569 2763 mumias

484 2784 651 2834 etiam
686 2783 915 2847 reperit,
964 2798 1102 2848 quae
1146 2782 1350 2832 nullum
1388 2783 1571 2834 incisi-

485 2852 605 2903 onis
639 2851 927 2915 vestigium
962 2852 1337 2901 exhiberent.“
1374 2852 1569 2902 Creuz.

484 2919 524 2969 1.
561 2920 600 2970 l.
661 2919 801 2969 Add.
841 2920 1109 2970 Rosellini
1150 2919 1188 2969 l.
1233 2920 1270 2970 l.
1317 2925 1372 2969 et
1416 2936 1570 2986 prae-

484 2988 641 3051 cipue
675 2988 909 3051 Magnus
938 2987 975 3038 l.
1015 2988 1055 3038 1.
1094 3003 1217 3052 pag.
1257 2988 1343 3039 37.

554 3045 611 3116 ἐξ
647 3044 730 3103 οὖν
764 3050 920 3104 εἷλον
951 3049 1056 3119 τὴν
1089 3056 1316 3120 κοιλίην
1351 3055 1568 3123 πᾶσαν]

486 3124 572 3174 Ad
607 3114 665 3185 ἐξ
701 3111 786 3172 ὢν
827 3116 981 3173 εἷλον
1029 3125 1173 3175 conf.
1223 3130 1364 3176 nott.
1413 3127 1485 3176 ad
1521 3126 1568 3189 1,

489 3192 608 3244 194.
646 3191 837 3241 κοιλία
870 3198 1113 3244 ventrem
1150 3194 1367 3259 quidem
1403 3200 1458 3245 et
1494 3195 1570 3245 al-

485 3277 612 3313 vum
658 3260 959 3328 significat,
1006 3262 1240 3329 indeque
1283 3264 1446 3314 etiam
1492 3265 1572 3314 in-

484 3333 710 3395 testina,
735 3346 878 3397 quae
893 3331 1019 3383 alvo
1039 3333 1404 3383 continentur.
1461 3334 1569 3384 Sed

486 3416 622 3452 cave
645 3402 837 3453 eredas
863 3400 1132 3452 Herodoti
1159 3418 1278 3452 eam
1305 3417 1425 3453 esse
1450 3419 1571 3453 sen-

484 3472 741 3535 tentiam,
793 3486 858 3521 ac
904 3472 951 3520 si
998 3472 1291 3536 intestina,
1343 3488 1409 3522 ex
1444 3472 1568 3523 alvo

487 3545 726 3604 exemta,
758 3541 883 3591 dein
903 3546 1138 3606 purgata
1160 3557 1226 3591 ac
1249 3542 1379 3592 vino
1401 3541 1568 3603 eluta,

486 3626 672 3661 rursus
721 3611 779 3659 in
825 3610 1067 3660 cavitate
1113 3611 1322 3661 ventris
1369 3612 1571 3661 fuerint

487 3680 758 3745 reposita,
805 3684 968 3744 prout
1015 3680 1120 3730 viri
1165 3681 1386 3746 quidam
1422 3680 1572 3730 docti

487 3754 830 3800 censuerunt.
896 3747 1032 3798 Cum
1064 3749 1206 3800 enim
1240 3748 1430 3812 κοιλίη
1472 3748 1572 3813 (al-

487 3817 598 3883 vus)
634 3820 805 3882 primo
843 3816 964 3869 loco
983 3819 1171 3883 utique
1204 3818 1411 3868 indicet
1444 3821 1571 3868 inee-

486 3889 647 3947 seina‚
681 3901 822 3952 quae
857 3887 1059 3937 fuerint
1087 3891 1329 3949 exemta,
1363 3888 1419 3936 in
1453 3901 1573 3937 ver-

487 3956 573 4003 bis
599 3946 1019 4017 ἐτικαθήραντες
1053 3950 1116 4003 δὲ
1146 3946 1332 4020 αὐτὴν
1369 3970 1420 4004 κ.
1445 3971 1490 4004 τ.
1523 3955 1572 4004 λ.

487 4037 676 4073 vocem
703 4013 886 4086 αὐτὴν
905 4024 975 4073 ad
1002 4022 1229 4087 κοιλίην
1256 4024 1473 4089 quidem
1490 4040 1572 4075 re-

489 4091 765 4142 ferendam
811 4106 931 4141 esse
976 4086 1153 4155 patet',
1208 4094 1305 4143 sed
1351 4095 1457 4155 ita,
1509 4097 1573 4144 ut

487 4158 673 4222 κοιλίη
717 4158 1057 4225 intelligatur
1100 4163 1294 4212 cavitas
1342 4164 1572 4225 ventris,

487 4245 521 4278 a
566 4242 672 4292 qua
719 4229 980 4277 intestina
1038 4244 1104 4279 ac
1149 4231 1365 4282 viscera
1417 4237 1575 4282 erant

489 4302 720 4349 exemta.
796 4296 880 4348 Ad
916 4297 1055 4347 hanc
1079 4298 1249 4363 igitur
1279 4302 1574 4352 cavitatem

484 4366 693 4420 ventris
722 4365 1006 4423 referenda
1032 4372 1160 4420 sunt
1175 4406 1189 4432 ,
1226 4385 1368 4435 quae
1391 4370 1458 4420 de
1483 4386 1572 4421 ex-

2094 614 2325 677 ἔπειτα
2371 605 2497 696 τὴν
2529 604 2753 694 νηδὺν

1659 777 2010 842 purgatione,
2060 774 2298 825 elutione
2345 778 2401 824 et
2446 774 2752 823 extersione

1662 847 1773 896 alvi
1801 847 2005 897 Noster
2038 844 2257 906 scribit,
2306 843 2527 893 minime
2563 843 2631 892 ad
2671 843 2751 890 in-

1660 916 1867 966 testina
1910 916 2062 980 ipsa,
2125 914 2321 979 quibus
2368 913 2497 978 quid
2544 913 2751 962 factum

1665 987 1766 1047 sit,
1803 989 2092 1049 postquam
2111 988 2323 1034 exemta
2348 982 2567 1043 fuerint,
2600 996 2752 1045 egre-

1665 1056 1788 1119 gius
1826 1055 1987 1104 docet
2012 1051 2300 1118 Porphyrii
2337 1051 2488 1102 locus
2523 1051 2591 1100 de
2627 1051 2751 1100 abs-

1664 1126 1766 1175 tin.
1804 1138 1895 1174 an.
1933 1122 2028 1185 IV,
2067 1122 2257 1187 9(10).
2295 1138 2348 1188 p.
2380 1121 2485 1172 329
2520 1135 2634 1185 seq.
2661 1120 2750 1171 ed.

1665 1193 1866 1244 Rhoer.
1917 1191 2180 1257 singulari
2229 1206 2360 1242 cura
2408 1195 2679 1240 tractatus
2718 1206 2753 1240 a

1666 1262 1932 1313 Creuzero
1967 1260 2005 1311 l.
2043 1260 2081 1311 1.
2108 1277 2234 1326 pag.
2271 1261 2334 1312 31
2371 1275 2485 1324 seq.
2540 1259 2751 1309 Iustam

1664 1346 1796 1382 vero
1842 1329 2139 1381 Herodotei
2191 1330 2299 1380 loci
2349 1329 2753 1393 interpretatio·

1668 1417 1808 1463 nem,
1846 1415 2009 1465 quam
2037 1400 2298 1461 dedimus,
2337 1398 2756 1463 Schweighaeu-

1667 1485 1790 1521 sero
1837 1468 2122 1532 debemus,
2179 1469 2267 1519 cui
2325 1468 2491 1517 etiam
2537 1468 2754 1518 accedit

1666 1538 1930 1591 Rosellini
1972 1538 2008 1589 l.
2048 1539 2086 1589 1.

1738 1599 2125 1672 διηθήσαντες
2158 1602 2301 1672 οἴνῳ
2339 1600 2673 1672 φοινικηΐῳ]
2711 1607 2751 1655 i.
2814 1635 2820 1640 -

1670 1672 1718 1727 e.
1758 1680 1928 1727 eluunt
1959 1680 2073 1728 vino
2095 1677 2320 1740 palme03
2372 1677 2429 1723 in
2475 1690 2581 1739 quo
2630 1691 2754 1724 eum

1668 1749 1869 1798 Nostro
1905 1746 2067 1811 plane
2103 1745 2242 1795 facit
2274 1744 2547 1795 Diodorus
2583 1743 2629 1804 Ι,
2659 1745 2748 1795 91.

1668 1818 1753 1867 De
1797 1817 1928 1866 vino
1967 1831 1997 1865 e
2040 1815 2239 1881 palmis
2281 1816 2475 1878 parato
2522 1813 2754 1864 diximus

1670 1885 1739 1935 ad
1790 1886 1835 1947 1,
1884 1883 2003 1938 193.
2095 1884 2301 1948 Magna
2356 1882 2651 1947 palmarum
2695 1884 2752 1932 in

1669 1955 1917 2019 Aegypto
1965 1954 2071 2003 suit
2113 1953 2298 2017 copia,
2350 1967 2523 2016 neque
2570 1956 2752 2002 tamen

1666 2023 1878 2073 illarum
1897 2038 1963 2073 ea
1982 2022 2325 2087 praestantia
2342 2025 2506 2084 atque
2525 2020 2580 2069 in
2600 2021 2753 2071 Asia.

1668 2093 1833 2144 Plura
1877 2093 2151 2142 Creuzer.-
2175 2089 2216 2141 l.
2254 2091 2290 2140 l.
2366 2091 2599 2154 Magnus
2633 2090 2673 2139 1.
2714 2090 2750 2139 1.

1669 2179 1720 2227 p.
1746 2161 1815 2212 32
1851 2161 2114 2221 declarat,
2140 2160 2246 2209 hoc
2272 2159 2461 2210 vinum
2487 2158 2657 2208 fuisse
2690 2159 2754 2209 li-

1668 2245 1889 2297 quorem
1956 2230 2309 2294 spirituosum
2368 2244 2399 2277 e
2454 2225 2756 2292 palmarum

1669 2315 1834 2350 succo
1869 2305 2119 2364 paratum
2148 2296 2239 2347 vel
2274 2313 2303 2347 e
2339 2296 2607 2346 fructibus
2638 2297 2755 2347 dul-

1669 2370 1822 2419 cibus
1870 2367 2278 2419 fermentationi
2319 2365 2584 2416 subactis.
2667 2367 2756 2416 Tu

1670 2438 1816 2489 conf.
1832 2437 2139 2488 Dioscorid.
2161 2437 2228 2497 V,
2248 2436 2331 2495 20,
2351 2434 2461 2500 qui,
2486 2436 2755 2498 quomodo

1671 2508 1773 2557 boc
1807 2506 1995 2557 vinum
2030 2505 2379 2565 conficiatur,
2414 2503 2640 2553 indicat.

1740 2568 2066 2640 θυμιήμασι
2096 2571 2505 2638 τετριμμένοισι
2526 2588 2578 2621 κ.
2603 2589 2650 2622 τ.
2678 2573 2751 2638 L]

1671 2646 1916 2709 „Horum
1974 2649 2274 2695 aromatum
2328 2646 2649 2706 proventum
2699 2643 2756 2692 in

1670 2714 1877 2765 Arabia
1909 2713 2283 2764 felicissimum
2319 2726 2386 2761 ac
2423 2710 2757 2776 percipiendi

1670 2784 1889 2834 modum
1940 2784 2059 2849 ipse
2097 2783 2300 2833 Noster
2346 2779 2606 2830 describit
2649 2781 2756 2843 111,

1682 2854 1794 2904 107.
1836 2852 1956 2903 110.
2003 2851 2225 2902 111.·—
2259 2850 2437 2914 Atque
2477 2849 2756 2901 Gmelinus

1672 2922 1732 2985 (1.
1766 2921 1804 2971 1.
1842 2937 1896 2986 p.
1937 2920 2023 2985 18)
2062 2922 2118 2970 in
2154 2920 2240 2969 his
2275 2917 2541 2968 Herodoti
2576 2919 2759 2969 verbis

1672 2991 1833 3042 docet
1866 2989 1997 3040 bina
2018 2989 2174 3039 nobis
2209 2987 2449 3037 tenenda
2470 3002 2619 3039 esse:
2651 2990 2760 3053 pri-

1672 3076 1836 3125 mum,
1875 3059 2123 3109 adhibita
2148 3057 2319 3107 fuisse
2340 3055 2527 3107 herbas
2559 3062 2615 3107 et
2643 3073 2757 3107 suc-

1671 3145 1758 3179 cos
1804 3129 2133 3179 aromaticos
2177 3126 2569 3191 odoratosque;
2616 3126 2756 3177 alte-

1672 3213 1790 3249 rum
1833 3197 1962 3260 hoc,
2004 3197 2210 3247 ventris
2253 3211 2449 3247 cavum
2492 3211 2603 3246 non
2638 3211 2756 3261 per-

1672 3268 1852 3318 fusum
1882 3282 2003 3317 esse
2038 3266 2269 3317 materia
2299 3264 2618 3327 condiente,
2658 3265 2756 3317 sed

1668 3337 1985 3387 subtilissmo
2025 3351 2126 3399 per
2176 3337 2333 3384 colum
2378 3335 2496 3385 sive
2538 3335 2757 3385 cribrum

1670 3408 1886 3456 traiecto
1919 3407 2028 3455 eius
2056 3408 2265 3468 pulvere
2298 3407 2568 3466 repletum
2611 3405 2756 3469 quod

1670 3473 2010 3592 intelligatur
2045 3490 2074 3523 e
2112 3474 2291 3524 verbis
2322 3464 2645 3537 θυμιήμασι
2669 3487 2757 3522 τε-

1668 3558 1843 3607 τριμμ
1872 3556 2021 3592 νοισι
2038 3548 2094 3593 et
2117 3540 2499 3607 τετριμμένης.
2536 3543 2619 3592 De
2636 3542 2753 3592 her-

1669 3614 1861 3662 barum
1897 3616 2079 3662 autem
2107 3611 2330 3678 pulvere
2354 3611 2561 3676 cogitat
2591 3612 2755 3660 etiam

1671 3681 1920 3745 Heynius
1959 3679 2285 3744 (Commeut.
2319 3696 2430 3731 soc.
2469 3679 2618 3730 Gott.
2656 3680 2756 3730 IV.

1673 3767 1726 3815 p.
1767 3749 1874 3815 18),
1912 3751 1969 3799 in
2006 3749 2107 3800 hoc
2141 3756 2325 3800 tamen
2367 3749 2567 3809 falsus,
2614 3747 2759 3814 quod

1672 3820 1887 3870 viscera
1916 3820 1975 3868 in
2012 3820 2137 3869 alvo
2173 3817 2482 3882 reponenda
2530 3833 2594 3867 eo
2645 3817 2761 3883 pul-

1673 3904 1802 3938 vere
1827 3888 2090 3952 adspersa
2118 3891 2295 3952 putat.
2359 3888 2425 3936 In
2448 3886 2559 3936 alia
2580 3889 2765 3938 omnia

1676 3958 1794 4007 abit
1825 3956 2080 4007 Rouellns
2111 3958 2168 4005 in
2198 3957 2416 4007 Memm.
2448 3955 2607 4007 acad.
2631 3958 2760 4008 Par.

1674 4027 1892 4076 scientt.
1929 4042 2056 4076 ann.
2113 4025 2261 4077 1750.
2300 4040 2428 4090 pag.
2470 4025 2571 4075 120
2608 4042 2759 4092 seqq.

1674 4095 1855 4159 Negat
1890 4096 2031 4145 enim
2063 4095 2337 4160 pulverem
2374 4099 2677 4145 aromatum
2706 4097 2762 4145 in

1673 4164 1889 4214 viscera
1921 4165 2210 4226 iniectum,
2250 4164 2475 4229 eiusque
2513 4165 2594 4214 rei
2625 4164 2763 4215 duas

1676 4247 1901 4283 caussas
1922 4234 2104 4293 affert3
2126 4248 2300 4299 neque
2332 4233 2475 4282 enim
2507 4234 2764 4285 idoneum

1677 4317 1798 4352 esse
1834 4301 2006 4354 solum
2040 4303 2316 4368 pulverem
2359 4301 2624 4353 eiusmodi
2661 4302 2765 4353 sic-

1674 4371 1867 4423 candis
1904 4372 2252 4438 corporibus,
2302 4385 2477 4437 neque
2517 4386 2646 4422 vero
2681 4387 2767 4424 re·
