3109 5092
350 1551 431 1616 43

442 332 523 393 88
986 333 999 343 ’
1312 323 1855 389 HERODOTI

444 505 658 597 χρεών
685 507 824 575 ἐστι
854 506 1025 574 ἰέναι
1055 508 1227 572 ἔνθα
1253 499 1807 590 ἀπολαμπρύνεαι
1839 512 2008 569 τοῖσι
2037 504 2291 587 ἔργοισι
2310 520 2323 534 ·
2382 496 2721 588 πατρώϊόν

346 619 427 680 42
445 640 514 680 τε
570 608 696 700 γάρ
741 635 844 677 τοι
899 609 1069 692 ἐστὶ,
1125 607 1234 676 καὶ
1288 609 1558 693 προσέτι
1615 604 1804 693 ριόμη
1857 598 2163 692 ὑπάρχει.

875 703 956 781 Ὦ
984 714 1299 800 βασιλεῦ,
1328 706 1547 789 ἄλλως
1572 708 1698 798 μὲν
1724 712 1936 795 ἔγωγε
1966 702 2052 776 ἂν
2077 703 2203 775 οὐκ
2230 702 2343 793 ἤϊα
2371 708 2437 786 ἐς
2464 703 2719 775 ἄεθλον

424 714 787 803 ’Ἄδρηστος
803 734 817 747 ·

2263 599 2639 690 Ἀμείβεται
2682 597 2719 670 ὃ

438 818 733 888 τοιόνδε·
802 811 959 885 οὔτε
999 812 1126 904 γὰρ
1164 817 1481 902 συμφορῇ
1520 818 1748 902 τοιῇδε
1792 813 2201 899 κεχρημένον
2239 809 2421 889 οἰκός
2471 812 2609 878 ἐστι
2651 811 2718 887 ἐς

438 917 759 1012 ὁμήλικας
790 910 869 989 εὖ
897 918 1314 1007 πρήσσοντας
1344 920 1516 988 ἰέναι
1535 968 1554 1001 ,
1597 914 1754 985 οὔτε
1782 913 1856 984 τὸ
1882 913 2254 1003 βούλεσθαι
2292 912 2502 1003 πάρα·
2551 920 2714 982 πολ-

440 1030 608 1116 λαχῇ
634 1050 705 1093 τε
735 1018 821 1094 ἂν
850 1032 1039 1110 ἴσχον
1068 1019 1427 1110 ἐμεωυτόν.
1481 1025 1613 1089 νῦν
1642 1021 1751 1105 δὲ,
1795 1022 1948 1088 ἐπεί
1981 1045 2052 1087 τε
2082 1015 2169 1086 σύ
2208 1015 2558 1100 σπεύδεις,
2606 1018 2719 1085 καὶ

440 1136 550 1199 δεῖ
602 1154 705 1197 τοι
767 1131 1154 1215 χαρίζεσθαι
1223 1121 1509 1212 (ὀφείλω
1563 1122 1692 1212 γάρ
1744 1144 1820 1191 σε
1875 1120 2276 1210 ἀμείβεσθαι
2326 1124 2719 1210 χρηστοῖσι),

441 1234 695 1303 ποιεέιν
726 1232 860 1319 εἰμὶ
890 1230 1145 1316 ἑτοῖμος
1172 1232 1401 1297 ταῦτα.
1455 1226 1666 1296 παῖδά
1690 1254 1762 1295 τε
1791 1222 1947 1311 σὸν,
1986 1224 2104 1295 τὸν
2132 1223 2553 1294 διακελεύεαι
2582 1250 2715 1311 φυ-

440 1336 750 1417 λάσσειν,
780 1330 1091 1420 ἀπήμονα
1116 1336 1238 1399 τοῦ
1269 1330 1732 1431 φυλάσσοντος
1762 1334 2023 1399 εἵνεκεν
2053 1326 2393 1418 προσδόκα
2422 1355 2520 1398 τοι
2550 1324 2717 1395 ἀπο-

439 1436 810 1527 νοστήσειν.

613 1539 983 1610 Τοιούτοισι
1027 1541 1180 1608 ἐπεί
1212 1564 1283 1606 τε
1326 1528 1520 1619 οὗτος
1559 1535 1887 1626 ἀμείψατο
1931 1545 2259 1625 Κροῖσον,
2316 1533 2515 1625 ἤϊσαν
2558 1531 2725 1622 μετὰ

439 1651 653 1716 ταῦτα
679 1643 1111 1732 ἐξηρτυμένοι
1143 1639 1376 1730 λογάσι
1406 1670 1477 1711 τε
1505 1647 1814 1730 νεηνίῃσι
1842 1642 1954 1710 καὶ
1982 1646 2159 1709 κυσί.
2220 1637 2616 1727 ἀπικόμενοι
2647 1638 2722 1707 δὲ

441 1753 508 1830 ἐς
552 1747 671 1819 τὸν
717 1744 1094 1835 Οὔλυμπον
1136 1743 1212 1815 τὸ
1252 1735 1453 1835 οὖρος
1508 1745 1773 1833 ἐζήτεον
1820 1741 1895 1813 τὸ
1937 1749 2218 1833 θηρίον·
2282 1738 2596 1831 εὑρόντες
2646 1742 2723 1811 δὲ

440 1952 558 2011 Gr„
592 1946 876 1998 Heindorf.
906 1947 975 1997 ad
994 1946 1213 1999 Platon.
1238 1949 1527 2013 Protagor.

439 2034 567 2085 pag.
613 2016 716 2067 486
750 2032 864 2081 seq.
906 2045 971 2053 -
1018 2019 1145 2068 Mox
1183 2018 1432 2069 meliores
1468 2017 1532 2066 li-

439 2089 550 2148 bri,
594 2102 730 2152 quos
785 2088 960 2137 secuti
1009 2102 1220 2136 sumus:
1277 2080 1530 2165 ἀπολαμ-

439 2150 683 2219 πρύνεαι
735 2170 831 2219 pro
886 2156 1036 2220 vulg.
1094 2148 1531 2237 ἄπολαμπρύνε-

438 2241 548 2275 ται.
619 2225 904 2274 Invenitur
942 2225 1086 2273 infra
1118 2225 1340 2286 V1,70
1388 2216 1532 2273 ἄπο-

439 2285 881 2357 λαμπρύνεσθαι
902 2287 1106 2356 ἔργοις,
1135 2294 1279 2358 quod
1304 2293 1532 2343 Valcke-

442 2365 599 2414 nario
664 2362 845 2411 iudice
904 2362 1181 2412 minimum
1236 2363 1408 2412 distat
1463 2363 1531 2412 ab

442 2430 1289 2563 ggoelq{pddqlssloasszugffiur
1328 2430 1535 2551 (Αριῗίζῑ-

440 2575 756 2638 gumentum
793 2571 890 2623 Cr.
930 2571 1143 2621 confert
1166 2570 1422 2621 Eustath.
1462 2571 1533 2621 ad

441 2642 643 2706 Odyss.
680 2641 834 2702 XIX,
871 2638 993 2691 429.
1035 2656 1089 2704 p.
1110 2640 1212 2692 703
1247 2641 1331 2690 ed.
1357 2641 1531 2691 Basil.

441 2717 497 2762 et
544 2712 799 2771 Carmen,
854 2709 999 2774 quod
1033 2709 1411 2775 Niehelungen
1452 2712 1532 2759 in-

441 2780 731 2841 scribitur,
791 2794 874 2829 vs.
921 2778 1140 2830 3605—
1152 2778 1289 2831 3616
1337 2795 1417 2830 nr.
1468 2778 1536 2830 15

439 2865 567 2913 pag.
604 2850 691 2899 94.
723 2876 795 2887 --
829 2848 916 2898 Ad
943 2848 1172 2899 formam
1209 2839 1393 2912 χρεὼν
1425 2849 1537 2900 He-

439 2919 668 2968 rodotea
705 2918 860 2968 dabit
895 2917 1129 2968 Bredov.
1167 2933 1221 2981 p.
1261 2918 1347 2967 44.

811 3084 947 3137 Cn.
988 3085 1167 3138 XLII.

509 3178 640 3239 οὔτε
676 3181 804 3267 γὰρ
816 3201 885 3238 συ
929 3185 1087 3254 φορῇ
1111 3185 1307 3252 τοιῇδε
1330 3203 1530 3254 κεχρη-

438 3254 615 3324 μένον
675 3248 836 3315 οἰκός
909 3255 1016 3322 στι]
1064 3257 1151 3306 Ad
1201 3257 1531 3308 locutionem

437 3342 727 3454 Ξέῗῗῗὲἔς
758 3324 1530 3475 Ξρὲἶιέἷὲἓῖιοωιῖιῖὲο“ἓιῖἶὲφῖέ

436 3468 734 3531 repositum
762 3481 860 3530 pro
896 3457 1065 3522 εἰκός.
1141 3465 1227 3515 Ad
1262 3467 1530 3516 accusati-

435 3552 564 3656 Xssm
576 3532 1149 3655 ’ἓῗέἕὲμὶἷὲἴιζ“’ἕί.
1169 3536 1527 3668 ἮΞῩῙΞἪΞΈ

435 3675 528 3725 fin.
567 3691 692 3739 pag.
738 3674 899 3735 1100,
940 3673 1034 3738 qui
1066 3677 1311 3725 nostrum
1348 3674 1528 3725 locum

437 3746 518 3793 sic
557 3743 760 3792 reddit:
798 3745 1008 3806 „einen
1043 3743 1141 3791 der
1160 3744 1211 3792 in
1245 3747 1399 3794 ciuem
1426 3746 1528 3793 sol-

436 3812 561 3861 chen
602 3810 826 3874 Unqliicle
871 3812 1002 3863 isc.“
1073 3810 1198 3861 Alio
1242 3813 1400 3863 modo
1445 3812 1526 3862 lo-

438 3879 711 3930 cutionem
747 3879 1002 3943 expedire
1047 3880 1260 3930 studuit
1292 3882 1415 3932 Ast.
1457 3880 1529 3930 ad

435 3948 653 4000 Platon.
691 3947 857 3997 Polit.
894 3962 1022 4026 geg.
1048 3948 1173 3999 430.

445 4012 760 4097 πολλαχῇ
802 4029 859 4064 τε
903 4030 978 4063 αν
1014 4012 1178 4080 ἴσχον
1222 4004 1527 4081 ἐμεωυτόν]

434 4101 509 4136 αν
544 4081 708 4149 ἴσχον
743 4082 802 4148 (i.
841 4099 890 4134 e.
927 4086 1093 4133 multis
1129 4086 1379 4136 memodis
1411 4101 1529 4135 con-

436 4152 708 4218 tinaciesem)
760 4153 910 4203 dedit
953 4153 1377 4218 XVesselingius,
1436 4155 1529 4203 ad-

436 4222 734 4303 stipulante
755 4222 1088 4288 Schweigh.,
1115 4223 1208 4287 qui
1232 4227 1396 4273 antea
1414 4223 1528 4272 vul-

435 4299 625 4361 gatum
672 4282 939 4357 ἄνίσχον,
995 4307 1096 4342 nec
1140 4292 1318 4356 ipsum
1365 4292 1527 4343 libro-

434 4379 554 4415 rum
608 4362 944 4429 quorundam
998 4362 1328 4413 auctoritate
1364 4360 1530 4416 desti-

1631 1950 1839 2008 tutum,
1911 1949 2030 1996 erat
2095 1944 2373 2011 amplexus
2444 1944 2549 1994 hoc
2609 1944 2726 1995 sere

1634 2030 1823 2065 sensu:
1863 2030 2064 2080 „saepe
2098 2031 2172 2065 me
2199 2014 2300 2079 (sc.
2328 2016 2386 2064 in
2416 2014 2726 2064 huiusmodi

1635 2083 2036 2149 occasionibus)
2081 2087 2319 2136 continui.
2326 2084 2362 2111 “
2451 2084 2566 2134 Nos
2604 2098 2726 2134 cum

1636 2159 1863 2205 recentt.
1922 2155 2043 2205 edd.
2102 2153 2346 2205 dedimus
2410 2168 2485 2202 αν
2540 2149 2724 2217 ἴσχον,

1636 2224 1781 2288 quod
1809 2225 1944 2273 satis
1972 2224 2313 2274 commendat
2336 2223 2597 2273 universa
2618 2221 2728 2272 loci

1636 2293 1929 2343 sententia.
2000 2294 2076 2342 Et
2123 2298 2308 2343 tuetur
2351 2293 2494 2355 hanc
2539 2291 2728 2340 lectio-

1638 2378 1789 2423 nem,
1850 2366 2103 2411 monente
2154 2364 2277 2423 Cn,
2334 2360 2612 2411 Schaefer.
2670 2360 2728 2408 in

1638 2431 1848 2481 Melett.
1883 2432 2031 2481 critt.
2055 2431 2102 2480 Ι.
2144 2447 2271 2496 pag.
2305 2430 2401 2481 133
2422 2429 2545 2480 coll.
2587 2431 2728 2480 Mat-

1637 2500 1784 2550 thiae
1819 2498 2049 2551 Miscell.
2077 2500 2284 2565 philoll.
2323 2501 2397 2561 11,
2438 2500 2487 2550 l.
2527 2516 2581 2564 p.
2618 2500 2728 2560 47.,

1638 2569 1732 2634 qui
1769 2570 1933 2620 etiam
1970 2570 2182 2620 confert
2219 2569 2419 2618 similia
2455 2584 2520 2618 ex
2557 2569 2730 2618 Hero-

1637 2640 1765 2690 doto
1816 2638 1929 2701 111,
1992 2639 2054 2689 51
2114 2646 2168 2689 et
2215 2640 2353 2701 VII,
2405 2639 2504 2689 211
2563 2641 2730 2702 atque

1636 2709 1862 2759 eandem
1899 2724 2012 2757 rem
2049 2709 2237 2775 attigit
2269 2709 2326 2758 in
2357 2708 2596 2759 Gratum.
2630 2708 2726 2759 Gr.

1639 2777 1690 2840 ᾗ.
1732 2777 1854 2842 599,
1891 2793 1943 2829 a.
2733 2784 2740 2791 '

1991 2949 2124 2999 cir.
2161 2948 2369 2999 XLIII.

1706 3043 1763 3111 ἐς
1826 3045 1929 3102 τὸν
2001 3040 2319 3115 Ουλυμπον
2388 3043 2453 3101 τὸ
2526 3038 2724 3116 οὖρος]

1617 3112 1918 3186 Ὄλυμπον
1954 3136 2138 3172 omnes
2189 3121 2304 3172 fere
2348 3121 2473 3171 libri
2519 3121 2728 3186 scripti,

1637 3193 1834 3258 quibus
1872 3197 2055 3241 tamen
2083 3191 2276 3243 merito
2314 3207 2421 3241 ιιοιι
2456 3191 2730 3254 obtempe-

1636 3266 1827 3311 rarunt
1860 3260 2116 3311 editores.
2158 3260 2243 3309 Tu
2264 3260 2377 3310 vid.
2416 3260 2463 3322 Ι,
2489 3259 2578 3312 36.
2616 3261 2729 3310 Me-
2765 3268 2770 3273 ’

1633 3330 1740 3381 lius
1775 3330 1941 3381 iidem
1977 3329 2106 3379 libri
2139 3319 2171 3379 ὁ
2200 3324 2545 3394 καθαρθεὶς,
2583 3328 2730 3395 quod

1635 3400 1945 3465 Stephanus
1992 3398 2134 3449 male
2165 3403 2490 3450 mutaverat
2526 3398 2583 3447 in
2631 3414 2730 3448 κα-

1633 3465 1926 3533 ταρθεὶς,
1994 3482 2114 3518 cum
2184 3468 2330 3534 apud
2390 3468 2731 3519 Herodotum
2778 3470 2786 3477 '

1632 3541 1837 3603 passim
1870 3551 2015 3656 rege
1969 3538 2211 3587 eriantnr
2237 3528 2595 3599 καθάρσιος,
2630 3529 2730 3586 κά-

1634 3607 1883 3672 θαρσις,
1980 3599 2224 3670 ἀθηρα,
2269 3608 2381 3658 alia
2427 3606 2485 3656 id
2530 3622 2724 3671 genus.

1635 3675 2087 3741 cf.13r0‹10v.p.
2137 3677 2224 3727 44.
2276 3706 2348 3716 —-
2396 3662 2571 3739 οὖρος
2606 3692 2730 3727 cum

1635 3746 1888 3796 Bekkero
1915 3750 1970 3795 et
1993 3750 2225 3795 recentt.
2253 3744 2376 3796 edd.
2407 3745 2603 3809 scripsi
2629 3761 2727 3810 pro

1630 3829 1801 3933 hfwf.
1843 3814 2147 3934 eAfilrtdgtuIrh
2197 3811 2730 3948 ἓοζῖθιξεὲἷῖζῌιῖι

1631 3952 1810 4016 Apion
1859 3954 1914 4002 in
1960 3953 2141 4004 Gloss.
2189 3955 2441 4003 Homerr.
2487 3952 2580 4018 (ut
2638 3955 2727 4007 Gr.

1634 4019 1844 4085 monet)
1893 4038 1949 4087 p.
1984 4020 2106 4085 608,
2149 4023 2219 4074 49
2264 4038 2417 4088 seqq.
2465 4021 2538 4072 ad
2580 4022 2725 4103 ,cale-

1632 4091 1742 4154 Ety
1747 4090 1872 4141 mol.
1912 4091 2145 4142 Gudian.
2179 4092 2403 4172 exponit
2432 4083 2535 4140 τὸν
2562 4081 2726 4140 ἄλλο-

1633 4155 1790 4239 δαπῆ
1825 4156 1921 4209 καὶ
1938 4154 2164 4240 ἔπηλυν
2199 4157 2294 4210 καὶ
2329 4153 2433 4210 τὸν
2468 4157 2642 4223 φίλον
2678 4176 2725 4213 s.

1631 4219 1734 4277 τὸν
1771 4221 2148 4294 ξενιζόμενον.
2186 4230 2340 4281 Idem
2368 4232 2453 4282 Cr.
2494 4228 2561 4279 de
2587 4245 2726 4279 voce

1629 4297 1732 4347 hae
1752 4299 1986 4349 conferri
2006 4300 2158 4350 iubet
2170 4300 2411 4350 Praefat.
2427 4298 2496 4348 ad
2519 4297 2727 4361 Ephori

1631 4366 1881 4432 fragmm.
1936 4384 1989 4434 p.
2048 4370 2231 4419 XXIX
2293 4368 2379 4420 ed.
2433 4368 2607 4417 Marx.
2669 4372 2725 4419 et
