3109 5092
1062 342 1558 403 EUTERPE.
1604 344 1688 405 ΙΙ.
1733 352 1821 408 74.
1867 353 1955 409 75.

2519 345 2645 407 593

369 515 445 585 δὲ
488 511 955 604 ἀποπειρηθῇ,
1003 511 1180 584 οὕτω
1223 513 1307 606 δὴ
1350 516 1757 605 κοιλήναντα
1796 515 1872 588 τὰ
1923 515 2093 604 ὤόν,
2139 515 2263 588 τὸν
2299 521 2551 607 πατέρα
2582 522 2649 601 ἐς

285 615 561 689 ussaiw&
601 619 980 704 ἐντιθέναι,
1027 618 1292 708 σμύρνῃ
1321 619 1394 688 δὲ
1422 618 1592 709 ἄλλῃ
1623 624 2032 710 ἐμπλάσσειν
2061 626 2259 691 τοῦτο
2279 673 2299 708 ,
2346 618 2484 691 κατ’
2515 618 2555 691 ὅ
2582 650 2646 691 τι

360 727 484 791 τοῦ
524 717 662 791 ὥοῦ
707 720 1100 811 ἐγκοιλήνας
1142 724 1425 811 ἐνέθηκε
1466 721 1588 794 τὸν
1630 727 1911 815 πατέρα·
1971 727 2364 813 ἐσκειμένου
2407 724 2483 794 δὲ
2520 729 2646 793 τοῦ

362 822 609 913 πατρὸς
629 876 648 910 ,
694 831 1009 912 γίνεσθαι
1051 821 1269 893 τώυτὸ
1307 825 1543 915 βάρος·
1602 828 2031 916 ἐμπλάσαντα
2078 828 2155 898 δὲ
2194 834 2492 916 κομίζειν
2523 855 2644 915 μιν

362 926 470 998 ἐπ’
507 927 863 1015 Αἰγύπτου
900 932 966 1008 ἐς
1005 933 1129 997 τοῦ
1157 923 1391 997 Ἡλίου
1435 926 1512 998 τὸ
1559 930 1727 1019 ἱρόν.
1834 936 2047 1001 ταῦτα
2088 931 2215 1019 μὲν
2242 935 2485 1000 τοῦτον
2524 927 2643 1000 τὸν

366 1028 559 1121 ὄρνιν
593 1035 863 1118 λέγουσι
903 1033 1178 1100 ποιέειν.

520 1136 675 1203 Εἰσὶ
706 1134 782 1203 δὲ
808 1136 961 1224 περὶ
990 1134 1217 1223 Θήβας
1245 1134 1376 1222 ἱροὶ
1405 1129 1631 1220 ὄφιες,
1668 1129 2063 1224 ἀνθρώπων
2089 1131 2402 1231 οτξὸαμῶς
2429 1133 2634 1222 ὃηλή-
2653 1142 2732 1201 74

364 1259 595 1326 μονες·
654 1245 723 1307 οἳ
748 1236 1039 1324 μεγάθει·
1076 1236 1300 1315 ἐόντες
1341 1237 1569 1324 μικροὶ
1614 1235 1741 1306 δύο
1780 1240 1982 1326 κε’ρεα
2010 1239 2364 1326 φορέουσι,
2415 1263 2637 1324 πεφυ-

363 1340 527 1409 κότα
569 1342 635 1422 ἐξ
673 1339 880 1429 ἄκρης
918 1344 1059 1440 τῆς.
1086 1342 1417 1427 κεφαλῆς,
1465 1336 1622 1418 τούς
1664 1338 2002 1409 θάπτουσι
2054 1337 2524 1420 ἀποθανόντας
2563 1342 2641 1408 ἐν

361 1449 453 1536 τῷ
483 1447 605 1535 ἱρῷ
632 1450 752 1512 τοῦ
777 1442 942 1522 Διός
960 1464 974 1478 ·
1020 1441 1264 1512 τούτου
1293 1441 1422 1532 γάρ
1449 1462 1659 1530 σφεας
1684 1449 1807 1511 τοῦ
1835 1446 2008 1512 θεοῦ
2028 1444 2193 1530 φασὶ
2224 1440 2398 1511 εἶναι
2430 1440 2635 1530 ἱρούς.

343 1545 531 1615 Ἔστι
574 1546 649 1615 δὲ
687 1551 900 1634 χῶρος
937 1550 1053 1634 τῆς
1082 1542 1394 1634 Ἀραβίης
1438 1542 1607 1642 κατὰ
1643 1550 1952 1615 Βουτοῦν
1994 1544 2194 1615 πόλιν
2224 1544 2510 1633 μάλιστα
2551 1572 2636 1634 κη
2652 1549 2733 1609 75

361 1763 457 1812 pro
492 1746 641 1814 vulg.
681 1736 891 1796 καθότι
927 1763 1049 1797 cum
1086 1750 1317 1796 recentt.
1359 1745 1449 1796 de-

363 1817 536 1867 dimus
582 1808 710 1865 κατ’
755 1805 790 1865 δ’
833 1831 903 1866 τι.
985 1817 1193 1866 Probat
1247 1816 1446 1866 Struve

362 1888 589 1949 Quaest.
621 1885 688 1936 de
722 1883 853 1938 dial.
884 1885 1091 1936 Herod.
1129 1885 1177 1935 1.
1204 1899 1331 1950 pag.
1356 1887 1443 1937 47.

695 2056 827 2106 Ciu>-
863 2056 1109 2107 LXXIV.

433 2152 565 2207 Εἰσὶ
601 2150 664 2207 δὲ
698 2153 828 2223 περὶ
861 2150 1056 2224 Θήβας
1099 2150 1219 2222 spol.
1262 2148 1431 2221 ὄφιες

356 2219 693 2292 ἀνθρώπων
767 2217 1034 2291 οὐδαμῶς
1105 2194 1448 2292 δηλήμονεςῇ

360 2298 444 2349 Ad
467 2303 846 2362 argumentum
871 2296 980 2347 loci
1008 2297 1214 2347 faciunt
1233 2295 1448 2346 Aeliani

359 2367 468 2417 loci
522 2367 590 2416 N.
647 2367 712 2417 A.
762 2366 874 2428 XI,
924 2365 984 2415 17
1045 2371 1100 2416 et
1151 2365 1341 2427 XVII,
1392 2367 1445 2415 5.

360 2436 700 2486 Pertinuisse
753 2435 1008 2485 videntur
1057 2435 1114 2485 hi
1167 2440 1446 2499 serpentes

360 2506 430 2555 ad
458 2506 717 2565 Cer-astas,
744 2505 810 2555 de
841 2505 1035 2570 quibus
1060 2504 1333 2554 Diodorus
1363 2519 1443 2553 re-

359 2576 467 2625 fert
501 2576 613 2636 111,
653 2574 751 2636 49,
789 2575 881 2624 ubi
917 2573 1064 2624 conf.
1097 2572 1447 2636 Wesseling„

358 2659 498 2710 quae
532 2648 714 2694 tamen
743 2643 956 2694 bestiae
994 2657 1114 2693 cum
1146 2646 1447 2692 venenatae

360 2715 501 2774 sint,
541 2713 642 2763 hoc
679 2713 857 2762 minus
881 2712 952 2762 ad
976 2711 1244 2762 Herodoti
1279 2711 1447 2760 verba

359 2782 628 2849 quadrare
666 2787 911 2846 apparet.
989 2781 1111 2842 Qua
1152 2779 1343 2830 eadem
1381 2795 1447 2829 ex

358 2867 527 2902 causa
560 2851 629 2900 ad
661 2851 857 2914 Najas,
895 2866 1035 2916 quae
1070 2850 1352 2912 dicuntur,
1389 2847 1447 2897 hi

359 2925 639 2985 serpentes
675 2921 866 2971 referri
901 2923 1193 2985 nequeunt.
1245 2916 1447 2967 Confer

357 2990 657 3054 Boettiger.
694 2990 750 3039 in
787 2989 1026 3040 Amalth.
1070 2988 1147 3037 11.
1184 3002 1312 3052 pag.
1345 2986 1445 3037 188

357 3075 473 3124 seq.
510 3060 567 3108 in
602 3063 720 3109 not.
806 3059 870 3109 In
906 3056 1232 3122 anaglyphis
1268 3058 1446 3120 Aegy-

355 3129 486 3193 ptiis
530 3129 627 3178 hos
678 3133 957 3192 serpentes
1006 3126 1217 3177 duobus
1269 3125 1444 3175 corni-

355 3198 456 3247 bus
495 3197 736 3263 insignes
774 3196 1046 3261 conspici,
1099 3193 1342 3245 intellexi
1377 3209 1443 3244 ex

356 3266 613 3317 Minutoli
645 3268 810 3318 Reise
847 3270 953 3316 etc.
992 3280 1120 3329 pag.
1160 3263 1280 3315 387.
1327 3264 1442 3314 Nec

355 3340 537 3386 tamen
573 3350 744 3400 genus
783 3339 880 3385 aut
914 3333 1150 3399 speciem
1175 3332 1443 3383 bestiolae

354 3406 664 3456 accuratius
703 3402 914 3453 definiri
944 3418 1132 3467 posse,
1168 3403 1443 3467 persuasit

357 3474 486 3524 mihi
519 3472 837 3525 Reinhardt.
872 3471 907 3522 1.
945 3470 982 3522 l.
1018 3487 1145 3536 pag.
1184 3471 1269 3522 30.
1310 3470 1444 3520 Wil-

353 3543 571 3594 kinson.
605 3541 882 3606 (Manners
903 3546 1007 3593 etc.
1033 3556 1140 3591 sec.
1175 3556 1279 3591 ser.
1310 3541 1357 3590 Ι.
1382 3556 1437 3604 p.

355 3614 475 3665 248.
506 3612 583 3663 11.
610 3627 662 3676 p.
685 3611 790 3661 246
816 3608 986 3675 seq.),
1014 3611 1106 3676 qui
1131 3612 1249 3674 ipse
1275 3624 1443 3673 prope

352 3683 562 3747 Fayum
600 3685 655 3730 et
691 3681 746 3730 in
781 3679 962 3730 insula
993 3679 1146 3729 lacus
1183 3678 1440 3728 Moeridis

357 3751 521 3801 talem
568 3755 871 3815 serpentem
908 3749 1073 3811 vidit,
1129 3749 1441 3812 frequentes

355 3819 577 3886 reperiri
613 3820 828 3870 eosdem
867 3819 947 3869 ait
977 3834 1074 3883 per
1111 3816 1441 3882 superiorem

354 3890 687 3954 Aegyptum,
726 3888 900 3938 rarius
936 3888 994 3936 in
1018 3887 1332 3951 regionibus
1364 3886 1442 3934 in-

356 3958 674 4017 ferioribus,
735 3957 832 4008 sed
879 3956 1167 4007 admodum
1215 3955 1441 4005 nocivos

357 4032 412 4077 et
445 4026 775 4091 periculosos
813 4042 932 4077 esse
970 4026 1123 4076 addit
1160 4024 1323 4084 adeo,
1380 4027 1443 4073 ut

356 4112 539 4146 eorum
566 4112 775 4146 morsus
793 4100 1019 4146 mortem
1040 4094 1249 4144 afferat.
1283 4092 1442 4155 Quod

353 4165 692 4216 Herodotum
729 4165 875 4215 haud
897 4167 1174 4228 expertum
1213 4177 1334 4211 esse
1366 4162 1447 4211 vi-

355 4235 469 4285 deri
505 4234 744 4285 laetatur
779 4235 864 4283 vir
899 4233 1125 4294 doctus,
1165 4247 1284 4282 cum
1321 4231 1445 4281 illos

354 4296 621 4368 οὐδαμῶς
665 4294 991 4368 ὃηλήμονας
1028 4301 1253 4360 diceret.
1328 4302 1447 4350 Mu-

353 4373 492 4428 mias
543 4373 704 4422 huius
760 4371 972 4421 bestiae
1029 4370 1252 4435 reperiri
1301 4368 1443 4419 idem

451 4474 787 4518 HERODOT.
836 4474 881 4513 1.

1548 1751 1830 1797 asseverat
1887 1747 1943 1795 in
1984 1746 2290 1796 Thebarum
2344 1745 2640 1811 necropoli.

1547 1816 1758 1865 Nomen
1804 1815 1949 1881 apud
1993 1815 2230 1866 Arabes:
2281 1816 2396 1880 Hye
2429 1816 2500 1865 bit
2536 1816 2643 1865 Ko-

1545 1887 1690 1948 νόου,
1705 1884 1849 1949 apud
1863 1885 2165 1935 Linnaeum
2186 1886 2364 1947 vipera
2382 1900 2427 1934 s.
2442 1885 2643 1936 coluber

1545 1962 1791 2004 cerastes,
1883 1953 2100 2004 Similes
2162 1958 2441 2017 serpentes
2493 1969 2641 2004 cera-

1547 2028 1664 2073 stas
1704 2023 1759 2071 in
1783 2022 1963 2087 Libya
1986 2024 2186 2074 Noster
2209 2021 2368 2072 affert
2394 2024 2489 2084 IV,
2520 2021 2637 2079 192.

1548 2119 1615 2129 —
1650 2091 1738 2142 Ad
1768 2091 2098 2143 locutionem
2132 2083 2376 2156 μεγάθεϊ
2408 2087 2639 2157 σμικροὶ

1553 2162 1698 2212 conf.
1738 2161 1785 2223 1,
1822 2163 1909 2212 51.

1620 2221 1756 2288 τοὺς
1774 2222 2065 2279 θάπτουσι
2086 2219 2523 2294 ἀποθανόντας]
2548 2229 2639 2280 Ita

1552 2315 1582 2349 e
1607 2299 1924 2351 Florentino
1962 2314 2082 2349 cum
2105 2298 2282 2350 Gaisf.
2305 2298 2454 2349 edidi
2480 2298 2633 2361 haec,

1550 2385 1689 2434 quae
1743 2369 1908 2434 vulgo
1966 2368 2221 2433 leguntur
2278 2368 2497 2418 inverso
2554 2383 2639 2418 or-

1549 2439 1700 2489 dine:
1738 2431 1873 2495 τούς
1892 2428 2302 2493 ἀποθανόντας
2326 2429 2635 2485 θάπτουσι.

1550 2509 1700 2558 Satis
1734 2512 1915 2557 autem
1953 2511 2199 2566 constat,
2236 2521 2344 2555 non
2380 2504 2555 2555 solum
2580 2506 2635 2553 in

1548 2575 1876 2641 anaglyphis
1920 2575 2205 2639 Aegyptiis
2250 2575 2474 2637 reperiri
2527 2589 2638 2622 ser-

1549 2650 1740 2711 pentes
1765 2648 2225 2709 repraesentatos‚
2261 2657 2448 2692 verum
2472 2642 2636 2691 etiam

1550 2715 1671 2779 ipsa
1723 2712 1994 2762 cadavera
2045 2710 2319 2761 medicata
2368 2711 2425 2759 in
2472 2710 2640 2775 hypo-

1550 2784 1702 2849 gaeis
1741 2787 1797 2832 et
1832 2781 2038 2845 cryptis
2087 2779 2259 2843 (conf.
2296 2794 2436 2844 quae
2473 2794 2639 2844 supra

1548 2851 1893 2902 laudavimus
1930 2849 2000 2900 ad
2037 2849 2113 2913 ΙΙ,
2149 2848 2244 2914 67)
2284 2856 2519 2900 exstare.

1618 2912 1827 2970 τούτου
1862 2911 1968 2984 γάρ
2004 2946 2074 2954 -
2106 2909 2255 2966 εἷναι
2292 2909 2478 2982 ἱρούς]
2515 2919 2638 2967 Ser-

1546 3005 1681 3056 pens
1706 2988 1984 3040 veteribus
2011 2986 2297 3052 Aegyptiis
2327 2991 2389 3036 ut
2416 2987 2635 3037 omnino

1546 3057 2004 3120 immortalitatis,
2062 3057 2143 3106 ita
2205 3056 2355 3106 Iovis
2417 3057 2636 3120 potissi-

1493 3150 1501 3157 ·
1545 3145 1690 3179 mum
1713 3128 1976 3178 Thebaici
2010 3125 2313 3191 symbolum
2351 3125 2634 3191 eidemque

1546 3201 1922 3249 consecratum
1961 3194 2177 3245 animal.
2241 3193 2459 3245 Iudicat
2495 3195 2636 3244 enim

1545 3284 1744 3317 numen
1781 3283 1840 3316 se
1869 3266 2045 3331 ipsum
2083 3265 2243 3330 quasi
2267 3263 2513 3314 revelans
2538 3279 2636 3328 per

1547 3342 1793 3401 tempora
1808 3373 1821 3398 ‚
1855 3339 2178 3400 tempusque
2199 3332 2325 3382 inde
2356 3338 2636 3381 aeternum

1544 3410 1599 3456 et
1654 3421 1794 3470 quae
1849 3404 1957 3453 alia
2011 3417 2133 3451 cum
2187 3401 2291 3451 hoc
2345 3401 2637 3449 coniuncta

1544 3478 1693 3527 sunt.
1784 3472 1870 3522 Cf.
1913 3472 2101 3522 Creuz.
2155 3470 2208 3518 in
2258 3468 2499 3532 Symbol.
2553 3467 2632 3517 ΙΙ.

1544 3559 1671 3609 pag.
1697 3545 1799 3593 225
1838 3556 1992 3605 seqq.
2064 3537 2206 3589 Add.
2244 3536 2476 3587 Bohlen:
2518 3538 2634 3586 Das

1544 3613 1655 3663 alte
1690 3610 1882 3661 Indien
1931 3609 1976 3659 1.
2028 3623 2155 3672 pag.
2200 3605 2301 3656 190
2347 3621 2492 3670 seq.,
2540 3606 2632 3670 qui

1542 3681 1686 3731 hanc
1740 3683 2051 3743 serpentum
2096 3676 2502 3723 venerationem
2560 3674 2633 3723 ad

1544 3750 1800 3801 Indorum
1826 3745 2239 3811 superstitiones
2265 3747 2505 3793 revocat.
2532 3743 2634 3792 Ae-

1544 3819 1854 3885 gyptiorum
1892 3815 1993 3865 deo
2026 3811 2218 3876 Kneph
2243 3812 2445 3862 Thebis
2483 3811 2634 3861 aliis-

1545 3903 1651 3953 que
1682 3887 1818 3937 locis
1854 3883 2001 3935 culto
2030 3885 2308 3945 serpentes
2342 3881 2513 3931 fuisse
2547 3897 2633 3930 sa·

1545 3972 1668 4008 cros
1689 3955 1886 4006 statuit
1910 3950 2204 4018 Seyffarth:
2244 3951 2500 4016 Beitritge
2521 3955 2631 4002 etc.

1542 4028 1621 4078 11.
1659 4040 1786 4091 pag.
1827 4024 1945 4076 103.

1900 4193 2031 4245 Cu.
2070 4192 2289 4242 LXXV.

1615 4288 1758 4354 not-r&
1788 4294 2047 4346 Βουτοῦν
2080 4286 2269 4358 πόλιν]
2310 4295 2472 4344 Butos
2504 4292 2634 4343 urbs

1549 4367 1658 4417 alia
1686 4367 1775 4416 hic
1807 4369 1894 4416 est
1924 4369 2088 4429 atque
2120 4362 2245 4424 illa,
2302 4364 2455 4412 cuius
2491 4376 2635 4410 men-

2177 4442 2257 4504 38
