3109 5092
559 396 683 459 870
1355 366 1888 456 Excnsssns
1934 393 2033 452 1x

561 590 615 642 p.
653 574 751 631 117
787 588 943 641 sqq.=
995 569 1239 622 declarat
1276 569 1368 621 illa
1407 585 1597 638 pacem
1634 573 1691 620 et
1734 567 1932 619 foedus
1962 566 2114 619 inter
2150 565 2419 634 Ramnen,
2468 564 2741 636 Aegypti
2788 586 2880 619 re·

560 674 709 725 gem,
752 660 808 707 et
847 655 1246 707 Chaldaeorum
1288 654 1620 723 principem,
1663 652 1761 722 qui
1796 669 1983 722 pacem
2025 668 2126 722 per
2160 650 2376 719 legatos
2420 651 2596 720 petit,
2658 652 2880 704 ineun-

560 741 717 807 dum,
748 740 1112 809 singulasque
1142 739 1307 791 huius
1335 738 1579 791 foederis
1623 737 1970 790 conditiones
1999 736 2273 805 utrimque
2304 736 2659 804 servandas,
2710 737 2877 789 addi—

560 826 637 878 tis
679 841 901 895 quoque
948 842 1133 877 earum
1174 823 1418 892 gentium
1452 822 1793 890 nominibus,
1836 839 1980 891 quae
2023 837 2141 874 cum
2172 819 2464 873 Chaldaeis
2508 821 2877 874 coniunctae

562 909 794 963 fuerint.
862 909 1027 962 Conf.
1063 908 1294 963 eundem
1325 927 1378 978 p.
1418 913 1520 967 158
1549 926 1711 978 seqq.

733 994 816 1046 Ab
861 993 1114 1046 orientali
1147 993 1262 1045 Nili
1293 993 1416 1063 ripa
1445 991 1514 1044 ad
1552 993 1776 1044 alteram
1808 991 2186 1060 transgressis
2219 989 2461 1041 occurrit
2505 990 2671 1042 inter
2708 992 2877 1044 vicos

562 1078 960 1132 Medinet-Abu
1004 1086 1060 1130 et
1095 1078 1327 1132 Gurnah
1367 1082 1772 1131 monumentum
1816 1094 1864 1128 s.
1908 1074 2166 1144 palatium
2206 1074 2775 1145 praestantissimum
2820 1082 2880 1128 et

560 1163 976 1235 amplissimum,
1022 1163 1172 1233 quod
1213 1179 1333 1216 cnm
1375 1163 1445 1216 ad
1477 1161 1716 1216 Ramsen
1764 1161 1908 1213 bunc
1941 1161 2219 1230 pertineat
2264 1165 2435 1228 atque
2476 1159 2545 1211 ab
2577 1161 2700 1212 hoc
2740 1161 2874 1230 ipso

560 1254 899 1302 exstructum
940 1248 1226 1313 videatur,
1285 1249 1624 1302 Ramseseion
1668 1264 1716 1298 s.
1762 1246 2077 1300 domicilium
2124 1245 2330 1300 Romaiu
2366 1243 2491 1297 iure
2530 1245 2873 1315 meritoque

561 1333 783 1385 vocavit
823 1331 1093 1383 Rosellini
1143 1334 1238 1400 (p.
1267 1335 1372 1391 227
1419 1331 1612 1401 seq.),
1668 1348 1787 1384 cum
1828 1336 1993 1382 antea
2032 1330 2214 1383 minus
2251 1334 2404 1383 recte
2438 1347 2471 1381 a
2510 1330 2871 1399 quibusdam

561 1417 928 1472 Memnoaium
970 1422 1296 1480 vocaretur3
1352 1417 1408 1468 id
1436 1434 1572 1468 vero
1614 1415 1795 1485 ipsum
1834 1415 1976 1468 idem
2005 1433 2131 1469 esse
2162 1420 2329 1484 atque
2367 1416 2752 1485 Oeymmdyae
2782 1434 2871 1468 se—

561 1500 834 1569 pulcrum,
877 1499 1026 1570 quod
1066 1498 1348 1552 Diodorus
1396 1500 1698 1570 descripsit
1739 1501 1785 1567 1,
1829 1503 1900 1559 47
1930 1519 2089 1571 sqq.,
2129 1500 2330 1553 dudum
2378 1499 2711 1552 docuerunt
2758 1500 2869 1552 viri

561 1583 836 1651 docti*),
892 1585 989 1655 qui
1033 1600 1177 1655 quae
1228 1584 1406 1637 adhuc
1450 1590 1759 1654 supersunt
1803 1585 1969 1638 huius
2026 1584 2260 1639 aedificii
2308 1590 2528 1654 partes,
2585 1600 2725 1651 cum
2772 1585 2863 1651 iis,

559 1686 703 1740 quae
746 1669 938 1722 retulit
976 1669 1282 1735 Diodorus,
1331 1675 1587 1724 accurate
1634 1670 2015 1735 contulerunt,
2060 1669 2427 1722 dissentiente
2471 1669 2711 1739 quidem
2754 1670 2864 1722 Le-

559 1754 785 1807 tronnio
803 1749 929 1821 **),
975 1755 1104 1823 qui,
1149 1770 1291 1822 quae
1324 1756 1606 1808 Diodorus
1638 1755 1842 1821 refert,
1887 1754 1957 1806 ad
1986 1755 2204 1808 fabulas
2238 1758 2295 1806 et
2322 1762 2628 1806 commenta
2665 1746 2861 1807 sacer·

560 1841 746 1892 dotum
793 1838 1036 1906 relegata
1080 1839 1229 1891 vult:
1281 1856 1427 1893 nunc
1468 1856 1632 1909 vero,
1678 1838 1773 1891 ubi
1816 1839 1995 1909 ipsum
2027 1838 2616 1892 Sesostridis-Ramsis
2653 1856 2859 1892 nomen

559 1925 844 1977 inventum
889 1928 978 1975 est
1020 1922 1074 1975 in
1119 1923 1221 1975 hoc
1259 1932 1644 1992 monumento,
1692 1923 1761 1975 ad
1792 1923 1941 1993 quod
1969 1924 2200 1976 Diodori
2243 1923 2683 1993 descriptionem
2729 1942 2857 1993 spe·

561 2016 710 2061 ctare
761 2014 1019 2063 accurata
1059 2006 1239 2077 ipsius
1282 2010 1447 2062 buius
1490 2008 1827 2061 monumenti
1868 2008 2201 2078 perquisitio
2249 2007 2441 2060 docuit
2461 2003 2625 2076 ***),
2684 2016 2857 2078 atque

558 2093 804 2145 eiusdem
836 2092 987 2160 regis
1017 2092 1268 2144 facinora
1294 2094 1350 2145 in
1381 2094 1690 2165 parietibus
1725 2093 2004 2163 insculpta
2035 2097 2561 2163 repraesentantur,
2594 2092 2855 2147 dubitari

557 2177 651 2231 vix
673 2177 898 2246 poterit,
930 2176 998 2228 ad
1027 2192 1193 2229 unum
1218 2178 1362 2230 hunc
1391 2197 1577 2247 regem
1601 2177 1799 2231 referri
1826 2195 1995 2247 posse
2025 2180 2127 2231 hoc
2154 2183 2578 2246 monumentum,
2618 2178 2782 2249 qnod
2805 2177 2852 2228 si

559 2280 592 2313 a
621 2261 866 2313 Diodoro
900 2260 1288 2327 Osymandyae
1321 2263 1538 2315 nomine
1570 2263 1939 2330 significatur,
1973 2263 2113 2315 satis
2146 2264 2201 2315 id
2231 2280 2296 2316 eo
2327 2261 2659 2332 explicatur,
2702 2261 2853 2333 qnod

559 2343 1188 2397 Sesostridem-Ramsen
1217 2346 1393 2415 fllium
1422 2347 1570 2416 (dei)
1603 2347 1855 2400 Mondou
1889 2347 2010 2399 sive
2041 2348 2343 2402 Mondouci
2378 2347 2436 2398 in
2479 2346 2623 2415 ipsis
2658 2346 2849 2415 Aegy-

558 2428 796 2499 ptiorum
830 2429 1194 2481 monumentis
1226 2431 1532 2499 praedicari
1564 2431 1842 2499 videmus,
1887 2431 2035 2484 unde
2070 2449 2264 2485 nomen
2312 2449 2346 2485 a
2371 2431 2619 2484 Diodoro
2660 2432 2848 2503 prola·

558 2521 670 2566 tum
704 2516 952 2566 exortum
983 2530 1109 2566 esse
1138 2532 1293 2567 nemo
1336 2533 1445 2569 non
1481 2515 1648 2569 videt.

727 2598 881 2651 Haec
913 2598 1091 2652 omnia
1124 2617 1191 2652 ex
1221 2601 1380 2670 ipsis,
1414 2618 1558 2670 quae
1594 2600 1772 2653 adhuc
1798 2608 2121 2670 supersunt,
2155 2599 2494 2653 Sesostridis
2522 2619 2845 2654 monumen·

559 2685 631 2737 tis
664 2700 838 2753 aeque
883 2683 1050 2737 ducta
1093 2690 1259 2754 atque
1308 2704 1337 2738 e
1384 2686 1716 2755 scriptorum
1752 2690 2001 2739 veterum
2043 2686 2152 2738 fide
2193 2685 2486 2752 dignorum
2527 2685 2843 2739 tesimoniis

559 2769 698 2822 satis
727 2769 1036 2837 docebunt,
1082 2769 1217 2838 quid
1245 2770 1314 2823 de
1348 2770 1420 2823 iis
1451 2770 1799 2825 sentiendum
1835 2770 1938 2837 sit,
1982 2770 2079 2839 qui
2109 2771 2177 2822 ad
2207 2767 2425 2822 fabulas
2457 2777 2555 2822 aut
2598 2769 2844 2824 carmina

557 2854 715 2924 epica
757 2871 804 2906 s.
849 2853 1076 2921 gentilia
1119 2855 1319 2907 referri
1363 2856 1591 2922 volunt,
1647 2872 1787 2925 quae
1828 2855 1898 2908 de
1930 2854 2244 2908 Sesostride
2285 2854 2575 2907 memoriae
2619 2854 2841 2925 prodita

557 2943 692 2991 sunt
720 2953 752 2988 a
783 2938 1151 3006 scriptoribus
1184 2939 1500 2992 veteribus:
1549 2957 1783 3009 quorum
1819 2957 1850 2993 e
1881 2956 2107 2992 numero
2140 2956 2307 2993 unum
2338 2937 2657 3007 Augustum
2697 2938 2837 2991 Gui-

556 3021 772 3073 lelmum
816 3020 883 3071 de
913 3021 1248 3089 Schlegel†)
1292 3023 1379 3074 hic
1419 3022 1679 3076 attulisse
1719 3024 2001 3091 sufficiat,
2053 3025 2151 3093 qui
2191 3022 2477 3095 (Indische
2518 3021 2839 3077 Bibliotbek

557 3104 600 3169 Ι,
630 3108 684 3162 4.
716 3120 772 3173 p.
790 3106 889 3162 411
926 3105 1116 3173 seqq.)
1148 3123 1357 3157 omnem
1389 3107 1456 3159 de
1469 3107 1809 3160 Sesostridis
1846 3108 2014 3161 rebus
2048 3107 2420 3162 narrationem
2449 3106 2689 3162 fluxisse
2722 3106 2835 3177 opi-

556 3194 723 3242 natur
754 3202 822 3238 ex
854 3186 1060 3255 epicis,
1094 3204 1238 3257 quae
1270 3190 1462 3258 fingit,
1499 3191 1897 3260 Aegyptiorum
1929 3193 2278 3258 carminibus,
2311 3193 2406 3262 qui
2436 3190 2527 3245 vel
2557 3211 2625 3246 ex
2656 3192 2832 3255 India,

554 3272 702 3326 unde
742 3271 799 3324 in
831 3269 1142 3340 Aegyptum
1180 3272 1303 3325 olim
1349 3275 1810 3345 immigraverint,
1861 3278 1996 3330 baec
2028 3277 2087 3330 in
2127 3294 2300 3330 novas
2333 3277 2499 3330 sedes
2533 3296 2722 3332 secum
2753 3284 2832 3329 at-

554 3358 818 3425 tulerint,
877 3356 1207 3427 Indicasque
1244 3359 1464 3412 fabulas
1510 3359 1565 3411 in
1613 3360 1945 3430 Aegyptium
2000 3380 2183 3431 regem
2223 3360 2645 3431 transtulerint3
2715 3378 2831 3415 cum

556 3461 698 3513 quae
730 3442 798 3494 de
829 3440 1148 3495 Sesostride
1181 3442 1344 3512 vulgo
1391 3451 1720 3513 narrentur,
1765 3451 1873 3499 tam
1903 3449 2114 3500 absona
2143 3447 2257 3500 sint
2286 3453 2343 3499 et
2373 3448 2441 3498 ab
2472 3446 2615 3499 omni
2650 3463 2827 3502 rerum

556 3528 795 3582 veritate
825 3543 1060 3595 prorsus
1091 3527 1300 3597 aliena,
1342 3536 1404 3581 ut
1433 3530 1554 3582 fieri
1586 3530 2005 3602 haudquaquam
2044 3531 2140 3585 illa
2173 3530 2426 3601 potuisse
2459 3531 2827 3585 existimemus

563 3629 800 3666 necesse
834 3612 926 3662 sit.
993 3612 1055 3663 In
1089 3613 1294 3682 quibus
1341 3613 1660 3667 refellendis
1692 3613 1856 3668 nolim
1886 3633 2103 3686 operam
2146 3614 2430 3685 oleumque
2462 3616 2729 3686 perdere3
2775 3614 2828 3666 id

552 3698 743 3767 potius
788 3694 1042 3761 afferam,
1088 3698 1236 3765 quod
1282 3698 1350 3750 ad
1378 3698 1718 3752 Herodotum
1766 3701 1938 3768 magis
1980 3702 2223 3772 pertinet
2260 3700 2329 3753 de
2358 3700 2677 3755 Sesostride
2717 3708 2825 3754 tra-

552 3782 801 3834 dentem:
851 3780 1028 3833 videri
1056 3782 1184 3833 mihi
1216 3799 1309 3851 ea,
1358 3800 1500 3852 quae
1537 3800 1657 3852 cap.
1694 3790 1797 3844 102
1841 3784 1907 3837 de
1952 3784 2164 3839 bellicis
2207 3784 2655 3855 expeditionibus
2699 3801 2825 3857 pro-

550 3865 791 3931 duntur,
841 3865 1074 3919 eundem
1114 3866 1287 3920 locum
1328 3875 1549 3935 tenere,
1604 3874 1768 3938 atque
1808 3886 1902 3937 ea,
1959 3888 2101 3941 quae
2143 3870 2288 3940 apud
2331 3869 2582 3923 Tacitum
2629 3867 2822 3923 Annal.

687 3993 742 4057 *)
793 3993 996 4044 Zollois
1042 3999 1097 4045 et
1143 3997 1427 4047 Divilliers
1476 3997 1756 4062 Descript.
1812 3997 1880 4048 de
1923 3998 2167 4064 l'Egypt.
2217 3997 2443 4064 Antiqq.
2498 3998 2566 4048 T.
2602 3999 2631 4049 I
2684 3999 2823 4061 (De-

553 4063 742 4126 script.
781 4061 1003 4126 general
1038 4064 1134 4116 des
1163 4066 1377 4117 Thebes
1422 4066 1582 4130 chap.
1596 4067 1648 4119 9.
1674 4070 1806 4118 sect.
1822 4066 1874 4119 3.
1901 4083 1954 4132 p.
1985 4066 2127 4131 121).
2177 4067 2303 4117 Gail
2336 4069 2495 4117 Mem.
2515 4069 2583 4118 de
2605 4067 2815 4119 l'Acad.

552 4132 648 4183 des
684 4131 943 4195 Inscript.
986 4133 1050 4182 T.
1095 4135 1247 4185 VIII.
1288 4152 1341 4199 p.
1364 4136 1460 4187 131
1486 4151 1609 4201 sqq.
1648 4135 1916 4202 Philolog.
1958 4138 2115 4188 XIII.
2155 4153 2209 4202 p.
2234 4137 2304 4189 89
2330 4152 2484 4202 seqq.

683 4198 772 4263 **)
811 4200 970 4250 Mem.
1009 4201 1075 4252 de
1109 4202 1321 4252 l’Aead.
1361 4204 1416 4253 d.
1454 4206 1628 4255 Inscr.
1668 4207 1764 4256 IX.
1806 4222 1860 4271 p.
1890 4207 2009 4259 317.

633 4267 806 4393 28*ἔῆ
859 4268 942 4320 Cf.
995 4270 1407 4335 champollion:
1457 4275 1675 4326 Lettres
1721 4274 1921 4328 ecrites
1961 4277 2235 4342 d’Egypte
2281 4280 2337 4326 et
2386 4275 2453 4325 de
2482 4273 2665 4326 Nubie
2712 4279 2813 4327 etc.

547 4356 602 4406 Ρ·
773 4356 891 4405 ssqq·

684 4408 955 4460 Salvolini
984 4407 1019 4457 1.
1051 4407 1088 4458 1.
1131 4426 1182 4475 p.
1210 4409 1310 4462 109
1328 4426 1480 4477 seqq.
1518 4412 1787 4465 Rosellini
1817 4414 1911 4466 1.1.
1942 4433 1993 4481 p.
2018 4415 2139 4467 228.
2174 4414 2421 4482 Bmgsch
2444 4431 2498 4479 p.
2521 4414 2626 4468 288
2658 4430 2808 4481 seqq.

683 4478 742 4542 †)
783 4478 1169 4545 Adstipulatm·
1205 4478 1440 4531 Bohlen:
1483 4482 1600 4533 Das
1639 4484 1750 4534 alte
1786 4485 2000 4538 Indien.
2037 4486 2083 4535 Ι.
2122 4501 2177 4550 p.
2207 4487 2300 4537 121
2335 4500 2488 4551 seqq.
