3109 5092
417 324 539 390 152

1278 314 1831 380 HERODOTI

414 502 541 572 καὶ·
565 498 753 569 εἶδον
791 492 910 566 τὸν
952 490 1199 583 νεκρὸν
1225 490 1427 581 μήκει·
1460 490 1610 562 ἶσον
1646 490 1842 561 ἐόντα
1879 493 1962 582 τῇ
2005 491 2206 583 σορῷ.
2271 482 2602 575 μετρήσας
2630 481 2707 552 δὲ

413 605 765 691 συνέχωσα
801 597 1036 669 ὀπίσω.
1134 593 1207 666 ‘0
1236 595 1364 685 μὲν
1408 593 1493 686 δή
1533 600 1605 667 οἰ
1625 601 1850 684 ἔλεγε,
1890 592 1972 664 τά
2011 619 2139 682 περ
2183 587 2483 661 ὀπώπεε·
2533 583 2570 659 ὁ
2606 587 2704 673 δὲ,

487 767 584 821 καὶ
619 761 782 819 εἶδον
811 759 916 817 τὸν
950 757 1157 829 νεκρὸν
1177 755 1348 830 μήκεϊ
1382 754 1514 812 ἴσον

419 834 588 893 ἰόντα
632 836 705 906 τῇ
758 834 935 903 σορῷ]
984 835 1137 887 Idem
1180 835 1247 885 de
1298 833 1512 884 Orestis

418 910 685 964 cadavere
733 911 939 972 septem
999 905 1330 965 cubitorum,
1373 918 1512 969 quae
1540 909 1551 917 ‘

418 997 550 1032 sane
577 976 703 1047 10¹1,
738 977 904 1042 pedes
928 975 1217 1026 Rhenanus
1252 978 1512 1038 aequant,

416 1052 661 1102 referunt
711 1046 930 1099 Solinus
977 1044 1312 1110 Polyhistor.
1361 1045 1409 1106 1,
1459 1045 1511 1094 7.

416 1137 473 1187 p.
514 1120 603 1171 31.
646 1118 764 1183 (qui
800 1132 907 1181 quo
941 1115 1154 1179 probet,
1190 1114 1297 1164 duo
1334 1129 1515 1163 exem-

417 1190 511 1257 pla
547 1189 755 1255 profert
790 1185 1067 1235 hominum
1099 1183 1384 1235 duodecim
1421 1198 1511 1247 pe-

418 1260 568 1323 dum)
614 1262 669 1307 et
704 1255 1026 1306 Philostrat.
1076 1255 1131 1303 in
1177 1253 1430 1304 Heroicc.
1465 1252 1510 1315 1,

417 1332 471 1381 2.
506 1345 559 1394 p.
601 1327 704 1379 608
743 1325 927 1376 Olear.
968 1340 1023 1388 p.
1049 1323 1137 1374 28.
1173 1324 1376 1384 Boias„
1423 1321 1513 1372 1110

422 1397 589 1449 etiam
635 1395 843 1446 addens
892 1393 1079 1444 Aiacis
1136 1393 1374 1444 cadaver
1416 1407 1513 1441 nn-

421 1467 598 1518 decim
634 1465 959 1516 cubitorum.
1009 1463 1125 1513 Nec
1159 1463 1274 1513 alia
1317 1461 1514 1513 desunt

418 1534 682 1602 exempla,
719 1533 915 1600 quibus
941 1538 1154 1582 veteres
1177 1533 1371 1583 heroas
1399 1546 1513 1581 ma-

420 1609 565 1657 iores
599 1603 871 1670 perhiberi
907 1607 1122 1654 statura
1163 1619 1230 1653 80
1273 1602 1514 1652 vastiore

420 1690 647 1740 corpore
703 1672 981 1738 praeditos
1031 1672 1383 1722 manifestum
1431 1671 1513 1721 fit.

416 1746 544 1798 Vid.
567 1743 726 1795 modo
746 1743 950 1792 Arnob.
977 1741 1131 1789 advs.
1166 1745 1315 1805 gent.
1330 1741 1405 1801 11,
1426 1741 1512 1789 75.

419 1833 474 1883 p.
500 1815 601 1866 105
636 1812 772 1878 ibiq.
814 1811 1002 1861 adnot.
1036 1808 1162 1861 Vol.
1196 1810 1277 1860 ΙΙ.
1314 1826 1368 1874 p.
1395 1806 1514 1869 113,

421 1891 478 1937 et
518 1900 659 1951 quae
706 1881 776 1932 ad
813 1879 1136 1932 Philostrati
1174 1879 1352 1931 locum
1396 1893 1516 1943 pro-

421 1955 662 2006 tulerunt
698 1951 806 2002 viri
844 1950 1011 2012 docti,
1038 1948 1300 2000 laudante
1319 1948 1511 2000 Creuz.

421 2027 479 2075 in
514 2024 838 2074 Commentt.
878 2019 1084 2070 Herod.
1127 2035 1181 2084 p.
1219 2017 1342 2070 301.
1375 2017 1513 2068 Add.

422 2093 674 2145 Nitzsch.
713 2091 783 2141 ad
821 2091 983 2140 Hom.
1026 2087 1228 2153 Odyss.
1267 2088 1368 2147 XI,
1392 2086 1516 2139 309.

422 2180 477 2229 p.
514 2163 617 2212 248
667 2165 721 2209 et
766 2160 823 2209 in
866 2157 1169 2209 Jahrbiich.
1213 2159 1266 2207 d.
1316 2155 1516 2207 Philol.

422 2248 476 2282 11.
518 2230 761 2293 Paedag.
801 2227 990 2292 Suppl.
1029 2227 1125 2277 IV.
1174 2243 1230 2292 p.
1278 2227 1362 2276 57.
1424 2224 1520 2276 At-

423 2316 529 2367 que
583 2312 922 2349 communem
983 2301 1228 2346 veterum
1282 2296 1516 2346 Graeco-

422 2385 541 2420 rum
616 2368 787 2418 fuisse
865 2366 1335 2429 superstitionem,
1412 2380 1520 2429 qua

421 2438 619 2506 prioris
657 2437 780 2489 aevi
822 2436 1066 2486 homines
1112 2436 1303 2485 maiori
1343 2438 1399 2485 et
1435 2449 1518 2484 ro-

420 2508 658 2561 bustiori
712 2522 939 2572 corpore
995 2506 1165 2556 fuisse
1216 2504 1517 2567 crederent,

429 2596 496 2630 ex
530 2579 636 2629 1180
666 2577 983 2628 Herodotea
1011 2576 1324 2627 narratione
1347 2575 1519 2639 potis-

422 2651 617 2701 simum
685 2646 907 2713 collegit
972 2647 1247 2697 Bredovr.:
1322 2646 1518 2696 Unter-

423 2718 671 2784 suchung
695 2718 831 2768 iiber
864 2715 1109 2768 einzelne
1133 2716 1518 2781 Gegenstiinde

422 2789 518 2839 der
556 2788 703 2838 alten
745 2787 1053 2838 Geschicht.
1100 2803 1154 2837 u.
1206 2784 1516 2850 Geograph.

422 2875 478 2924 p.
517 2857 605 2908 64.
651 2856 991 2908 Herodotum
1042 2860 1225 2907 tamen
1272 2856 1363 2904 vix
1413 2855 1516 2904 erit

424 2925 570 2992 quod
609 2940 731 2974 cum
772 2925 948 2977 Gellio
997 2925 1184 2975 Noctt.
1234 2926 1350 2975 Att.
1403 2924 1511 2987 III,

426 2995 513 3047 10.
562 2993 767 3043 idcirco
814 2994 1085 3043 hominem
1132 2994 1284 3044 dieas
1330 2994 1517 3044 confa-

424 3063 750 3123 bulatorem,
785 3064 1099 3127 praesertim
1136 3064 1229 3128 qui
1269 3062 1518 3113 retulerit

426 3148 509 3195 ea,
548 3147 688 3197 quae
722 3132 841 3195 ipse
879 3132 957 3180 810
992 3131 1198 3182 tradita
1235 3132 1517 3182 invenerat

423 3206 523 3253 aut
556 3202 627 3251 ab
665 3200 789 3250 aliis
827 3204 1135 3266 acceperat.
1190 3202 1269 3251 Ac
1316 3201 1402 3251 vel
1436 3217 1519 3251 re-

424 3270 657 3323 centiori
691 3274 874 3321 aetate
906 3270 1157 3334 reperiri,
1185 3287 1325 3336 quae
1357 3270 1518 3321 fidem

423 3341 720 3393 conciliare
750 3345 953 3406 queant
968 3340 1296 3391 Herodoteis
1334 3341 1514 3405 dictis,

422 3413 615 3463 merito
653 3413 908 3462 admonet
955 3410 1277 3462 LarcheruS.
1339 3410 1517 3461 Pluri-

423 3484 527 3534 bus
564 3496 780 3547 quoque
815 3480 885 3531 ad
929 3479 1074 3530 hunc
1116 3479 1297 3531 locum
1333 3480 1516 3546 dispu-

425 3558 508 3604 tat
543 3550 718 3602 Italus
754 3549 1022 3601 Herodoti
1063 3551 1329 3615 interpres
1349 3588 1363 3613 ‚
1401 3557 1515 3601 tum

423 3637 763 3673 communem
814 3621 1160 3686 antiquitatis
1210 3621 1516 3685 opinionem

425 3696 973 3752 commonstraturus,
1023 3706 1131 3756 qua
1177 3695 1391 3740 veteres
1424 3691 1516 3740 he·

424 3777 549 3811 roas
585 3765 875 3809 veneretur
927 3760 1182 3810 maiorem
1220 3775 1382 3824 quam
1421 3760 1516 3810 hu-

423 3843 638 3879 manam
663 3827 770 3877 illis
794 3828 1079 3879 tribuendo
1101 3832 1517 3891 staturam‚tum

425 3896 761 3949 Herodotum
817 3897 885 3946 ab
947 3899 1094 3947 omni
1162 3901 1517 3950 accusatione

423 3966 771 4027 liberaturus,
805 3965 1003 4031 quippe
1040 3966 1131 4031 qui
1169 3968 1402 4032 scriptor
1440 3969 1518 4019 fa·

421 4036 607 4087 bulam
644 4033 870 4084 multum
910 4035 1067 4084 abest
1116 4041 1180 4085 ut
1214 4036 1333 4099 ipse
1369 4039 1517 4088 inve-

423 4106 584 4165 nerit,
636 4108 696 4154 ut
738 4103 1290 4155 Lacedaemoniorum
1330 4122 1516 4157 narra-

421 4175 627 4227 tionem
678 4173 950 4235 retulerit‚
1001 4173 1177 4238 ipsum
1230 4173 1516 4226 ferrarium

420 4245 479 4295 in
527 4259 744 4294 scenam
795 4244 952 4309 quasi
1001 4242 1311 4309 loquentem
1360 4245 1517 4296 indu-

421 4329 550 4365 cens
581 4328 898 4379 omnemque
939 4314 1267 4364 narrationis
1306 4319 1513 4380 partem

423 4382 647 4435 mirifice
683 4385 841 4455 quasi
875 4385 1131 4452 mitigans
1157 4385 1336 4436 verbis
1363 4385 1513 4437 hisce

1616 764 1843 816 ferrario
1877 763 2128 814 tributis:
2163 750 2282 810 ὑπὸ
2326 751 2392 808 δὲ
2437 747 2711 820 ἀπιστίης

1615 827 1692 901 μὴ
1740 828 1843 899 μὲν
1889 830 2158 899 γενέσθαι
2206 820 2443 895 μηδαμὰ
2475 824 2712 892 μέζονας

1615 896 1969 967 ἀνθρώπους
2006 900 2121 952 τῶν
2154 898 2281 950 νῦν.
2320 899 2423 950 Η18
2462 899 2711 963 equidem

1616 974 1754 1026 nihil
1804 974 2003 1024 addere
2050 970 2255 1033 habeo,
2303 970 2410 1019 nisi
2446 969 2609 1032 illud,
2653 970 2711 1018 in

1616 1045 1951 1107 narratione,
1989 1057 2132 1108 quae
2180 1041 2325 1106 apud
2372 1038 2555 1091 Schol.
2591 1040 2711 1090 Ari·

1620 1116 1750 1166 stid.
1798 1113 1837 1165 1.
1897 1113 1937 1165 l.
1994 1129 2048 1177 p.
2112 1111 2215 1161 214
2261 1109 2493 1175 legitur,
2544 1124 2712 1162 novem

1621 1185 1805 1237 cubita
1843 1184 2057 1234 Orestis
2093 1181 2264 1232 tribui
2304 1179 2580 1230 cadaveri.
2630 1180 2711 1230 Ac

1618 1254 1869 1305 similiter
1919 1254 1977 1303 in
2027 1254 2418 1303 Deuteronom.
2469 1250 2575 1312 ΠΙ,
2626 1251 2710 1313 11,

1620 1326 1713 1391 qui
1747 1328 2078 1374 memoratur
2115 1322 2220 1386 Og,
2263 1336 2359 1371 rex
2395 1325 2573 1370 terrae
2607 1322 2713 1371 Ba-

1620 1411 1719 1446 san
1758 1412 1788 1445 e
1829 1394 2107 1459 gigantum
2166 1399 2355 1456 gente,
2388 1406 2528 1455 quae
2585 1390 2712 1440 olim

1619 1465 1991 1517 Palaestinam
2026 1462 2275 1523 incoluit,
2313 1462 2360 1510 is
2397 1460 2597 1511 dicitur
2617 1460 2712 1510 ha·

1619 1537 1802 1586 buisse
1848 1534 2049 1583 lectum
2091 1533 2320 1582 ferreum
2361 1546 2529 1582 novem
2566 1531 2714 1581 eubi-

1620 1616 1799 1656 tornm
1836 1605 1894 1652 in
1930 1603 2327 1667 longitudinem
2377 1605 2432 1651 et
2480 1606 2715 1666 quatuor

1619 1676 1675 1725 in
1721 1672 2088 1724 latitudinem.
2151 1671 2237 1721 Cf.
2287 1671 2560 1721 Bertheau
2610 1672 2717 1721 Zur

1621 1743 1818 1793 Gesch.
1868 1743 1922 1790 d.
1981 1741 2220 1793 Israelit.
2279 1757 2332 1804 p.
2378 1739 2500 1792 139.
2561 1740 2717 1790 Infra

1622 1812 1696 1875 11,
1745 1811 1834 1861 91.
1880 1810 2056 1860 simile
2110 1809 2365 1875 quiddam
2421 1811 2486 1859 de
2529 1809 2715 1860 Persei

1621 1882 1857 1946 vestigio
1895 1880 2048 1943 pedis
2094 1879 2262 1929 nimio
2309 1895 2439 1944 prae
2479 1880 2714 1930 hnmana

1622 1955 1838 2002 statura
1866 1948 2120 2014 legimus.
2176 1951 2348 2012 Quem
2394 1948 2572 1999 locum
2608 1965 2717 2000 una

1626 2037 1748 2072 cum
1786 2019 1909 2071 aliis
1960 2019 2148 2070 Nostri
2197 2018 2355 2069 affert
2401 2020 2468 2069 R.
2518 2019 2715 2071 Iacobs

1620 2093 1703 2142 De
1739 2090 2007 2140 mensuris
2053 2089 2322 2139 Herodoti
2367 2104 2422 2153 p.
2475 2091 2557 2151 12,
2622 2088 2714 2139 do·

1622 2176 1750 2211 cens
1788 2160 2157 2220 Herodotum,
2209 2160 2300 2223 qui
2345 2158 2402 2207 in
2447 2159 2713 2210 mensuris

1620 2228 1931 2281 iudicandis
1955 2244 2121 2293 saepe
2139 2229 2315 2278 utitur
2337 2243 2472 2278 voce
2507 2227 2713 2294 πῆχυς,

1622 2300 1917 2365 aliquoties
1965 2300 2129 2349 etiam
2177 2298 2283 2348 hoc
2328 2297 2596 2349 vocabulo
2634 2298 2715 2348 sic

1622 2385 1743 2421 esse
1774 2384 1967 2432 usum,
2008 2374 2070 2419 ut
2104 2372 2308 2419 certam
2346 2372 2401 2418 et
2437 2367 2715 2418 definitam

1621 2454 1930 2489 mensuram
1975 2439 2202 2489 reddere
2252 2437 2491 2489 noluisse
2548 2453 2714 2503 appa-

1620 2513 1759 2560 reat.
1799 2509 1879 2558 Ac
1913 2509 2118 2560 referre
2166 2523 2379 2573 quoque
2426 2507 2532 2558 huc
2564 2507 2713 2571 licet,

1621 2579 1870 2646 quamvis
1903 2580 2081 2629 minus
2118 2577 2446 2640 fabulosum,
2467 2579 2612 2643 quod
2642 2577 2715 2627 le-

1621 2650 1769 2715 gitur
1803 2649 1903 2709 IX,
1941 2649 2028 2700 83.
2065 2653 2192 2713 post
2224 2662 2464 2713 pugnam
2500 2648 2715 2698 Platae-

1621 2735 1804 2771 ensem
1842 2723 2059 2785 reperta
2094 2734 2216 2768 0880
2254 2733 2383 2768 ossa
2428 2711 2716 2781 πενταπή-

1620 2804 1748 2854 χεος
1791 2779 2021 2854 ἀνδρὸς,
2084 2789 2121 2837 1.
2162 2804 2210 2837 0.
2258 2787 2364 2838 viri
2409 2784 2502 2852 7¹AE
2553 2787 2712 2853 pedd.

1620 2859 1794 2910 Rben.
1832 2860 2035 2925 magni,
2072 2859 2245 2909 ubitu
2266 2857 2375 2907 vid.
2411 2863 2553 2908 nott.
2596 2857 2716 2919 „Si-

1621 2929 1772 2980 milia
1808 2928 1876 2978 de
1911 2927 2174 2995 Sigurdo,
2216 2927 2519 2993 Siegefrido
2568 2927 2716 2978 aliis-

1620 3014 1726 3064 que
1794 2999 1852 3047 in
1912 2999 2305 3050 Germanorum
2379 2996 2715 3062 aliorumque

1621 3068 1950 3119 carminibus
1994 3069 2190 3133 priscis
2239 3066 2459 3132 prodita
2503 3081 2718 3131 compa·

1620 3141 1708 3189 rat
1760 3153 1883 3188 cum
1940 3137 2093 3188 hisce
2139 3137 2469 3188 Herodoteis
2519 3137 2715 3187 Editor

1620 3223 1799 3258 novae
1824 3207 2081 3258 editionis
2106 3208 2315 3272 operis:
2360 3207 2476 3258 The
2502 3207 2716 3271 history

1622 3277 1684 3328 of
1729 3277 1822 3328 the
1873 3277 2104 3344 English
2150 3282 2345 3343 poetry
2389 3278 2464 3340 by
2522 3277 2714 3327 Thom.

1620 3348 1873 3407 Warton,
1912 3348 2140 3398 London
2195 3346 2351 3409 1814,
2398 3347 2617 3398 Prefac.
2660 3363 2713 3411 p.

1621 3417 1750 3469 32.“
1786 3417 1874 3467 Cr.

1690 3478 1765 3536 τοί
1808 3500 1916 3548 περ
1955 3475 2202 3551 ὀπώπεε]
2241 3472 2452 3533 ὄπωπα
2486 3485 2717 3548 perfecti

1618 3558 1795 3609 forma
1823 3554 2050 3606 Ionibus
2088 3570 2155 3605 ac
2188 3554 2367 3619 poetis
2405 3554 2581 3605 solum
2609 3554 2714 3605 fre-

1621 3630 1903 3693 quentata.
1936 3624 2064 3675 Vid.
2103 3623 2338 3676 Bredov.
2388 3640 2443 3689 p.
2484 3624 2606 3677 316.

1690 3687 1719 3745 ὁ
1753 3688 1845 3757 δὲ,
1885 3684 2136 3751 ἐννώσας
2187 3685 2257 3743 τὰ
2298 3686 2592 3760 λεγόμενα]
2629 3683 2716 3743 ἒν-

1622 3756 1811 3822 varinae
1864 3780 1962 3814 suo
2020 3779 2168 3814 more
2214 3761 2356 3813 dixit
2401 3763 2715 3815 Herodotus

1619 3851 1716 3899 pro
1745 3824 2040 3899 ἐννοήσας,
2078 3833 2223 3900 quod
2260 3834 2435 3898 ipsum
2461 3834 2550 3884 hic
2573 3848 2713 3884 unus

1620 3905 1759 3955 liber
1793 3919 2074 3969 perperam
2115 3903 2290 3955 offert.
2329 3903 2485 3954 Infra
2534 3904 2578 3963 Ι,
2616 3903 2712 3956 68:

1621 3963 1878 4035 ἐνένωτο,
1917 3972 2043 4024 0011.
2067 3973 2214 4036 1,86.
2236 3973 2499 4035 V11,206.
2515 3974 2613 4033 IX,
2627 3973 2714 4035 53,

1620 4043 1715 4092 ubi
1749 4043 1907 4107 plura
1946 4045 2271 4106 interpretes
2318 4043 2548 4104 Batavi,
2587 4042 2712 4094 coll.

1622 4111 1849 4176 Gregor.
1889 4113 2014 4165 Cor.
2052 4112 2120 4162 de
2154 4112 2284 4163 dial.
2321 4113 2494 4163 Ionic.
2535 4115 2587 4173 §-
2621 4112 2709 4162 04.

1620 4196 1673 4244 p.
1725 4182 1829 4233 503
1870 4182 2087 4233 Schaef.
2127 4181 2363 4232 Bredov.
2405 4199 2459 4243 p.
2500 4181 2618 4233 195.
2657 4187 2713 4232 et

1617 4251 1802 4316 Bergk
1838 4251 1907 4302 ad
1944 4250 2510 4317 Anacreont.Reliqq.
2549 4268 2602 4315 p.
2644 4250 2712 4301 04

1617 4335 1770 4386 seqq.
1809 4321 2056 4372 Pertinet
2099 4320 2207 4371 huc
2245 4336 2460 4386 quoque
2500 4311 2712 4386 ἀνέβω-

1618 4403 1731 4455 σεν,
1774 4389 1841 4441 de
1877 4406 1983 4457 quo
2031 4391 2264 4441 diximus
2311 4391 2383 4441 ad
2427 4390 2474 4454 Ι,
2519 4390 2603 4442 10.
2641 4418 2712 4429 —
