3109 5092
1111 373 1604 433 EUTERPE.
1650 374 1735 433 ΙΙ.
1784 380 1868 436 17.
1916 384 2001 438 18.

2561 372 2686 434 467

408 534 544 608 ἀπὸ
584 537 831 627 ταύτης
877 546 992 630 τῆς
1033 542 1262 623 πόλιος
1308 551 1593 631 σχίζεται
1638 551 1994 632 τριφασίας
2033 540 2263 624 ὁδούς·
2325 547 2435 614 καὶ
2479 541 2521 633 ἡ
2561 545 2686 634 μὲν

413 640 579 730 πρὸς
624 639 726 729 ἠῶ
763 646 1108 730 τρέπεται,
1149 645 1223 715 τὸ
1260 650 1565 715 καλέεται
1607 646 1996 735 Πηλούσιον
2036 647 2245 735 στόμα
2267 670 2282 684 ·
2318 643 2461 736 ἡδὶ
2495 650 2684 736 ἑτέρη

409 751 548 814 τῶν
573 739 758 814 ὁδῶν
791 744 957 834 πρὸς
986 749 1274 838 ἑσπέρην
1318 756 1450 837 ἔχει
1470 771 1484 784 ·
1539 755 1737 819 τοῦτο
1780 750 1856 818 δὲ
1887 749 2291 837 Κανωβικὸν
2323 752 2531 839 στόμα
2570 754 2680 819 κέ-

411 857 669 937 κληται.
731 842 774 936 ἦ
805 849 880 917 δὲ
910 848 994 938 δὴ
1023 854 1177 919 ἰθέα
1203 857 1339 921 τῶν
1373 848 1558 923 ὁδῶν
1601 858 1739 944 τῷν
1768 859 1997 945 Νείλῳ
2035 855 2171 922 ἐστὶ
2212 851 2365 943 ἥδε·
2410 851 2685 922 ἄνωθεν

413 951 784 1039 φερόμενος
813 955 879 1031 ές
909 950 984 1021 τὸ
1011 951 1130 1035 ὀξὺ
1162 960 1283 1022 τοῦ
1308 958 1531 1023 Δέλτα
1560 951 1945 1024 ἀπικνέεται
1967 975 1981 991 ·
2027 953 2103 1025 τὸ
2148 956 2224 1024 δὲ
2258 953 2390 1025 ἀπὸ
2417 955 2683 1039 τούτου,

414 1062 655 1142 σχίζων
682 1057 887 1141 μέσον
912 1054 988 1123 τὸ
1011 1059 1255 1142 Δέλτα,
1288 1059 1353 1138 ἐς
1379 1058 1733 1126 θάλασσαν
1763 1060 1942 1139 ἐξίει,
1971 1055 2126 1127 οὔτε
2156 1061 2508 1147 ἐλαχίστην
2534 1063 2681 1146 μοι’-

416 1185 543 1246 ρην
579 1162 699 1226 τοῦ
728 1153 970 1238 ὕδατος
999 1160 1449 1247 παρεχόμενος
1474 1161 1720 1249 ταύτῃ,
1762 1157 1917 1229 οὔτε
1951 1158 2188 1250 ἥκιστα
2227 1158 2682 1249 οὐνομαστήν·

414 1258 489 1328 τὸ
508 1262 813 1329 καλέεται
833 1260 1339 1358 Σεβεννυτικὸν
1355 1262 1584 1350 στόμα.
1619 1270 1757 1332 ἔστι
1781 1263 1855 1331 δὲ
1880 1265 1991 1332 καὶ
2011 1267 2204 1355 ἔτερα
2230 1264 2512 1352 διφάσια
2533 1260 2683 1331 στό·

414 1391 609 1452 ματα,
638 1360 769 1430 ἀπὸ
796 1368 917 1432 τοῦ
943 1371 1450 1452 Σεβεννυτικοῦ
1475 1363 1994 1453 ἀποσχισθέντα,
2016 1369 2309 1456 φέροντα
2335 1369 2401 1446 ές
2425 1365 2684 1434 θάλασ-

337 1483 431 1534 112
446 1487 602 1533 σαν·
641 1481 810 1534 τοῖσι
842 1464 1180 1555 οὐνόματα
1216 1473 1437 1539 κέεται
1465 1468 1623 1538 τάδε
1643 1521 1661 1554 ,
1689 1475 1781 1561 τῷ
1807 1469 1933 1557 μὲν
1957 1467 2281 1538 Σαϊτικὸν
2310 1465 2565 1552 αὐτῶν,
2593 1471 2688 1559 τῷ

419 1569 492 1636 δὲ
525 1568 939 1657 Μενδήσιον.
995 1567 1071 1638 τὸ
1100 1570 1173 1639 δὲ
1201 1579 1604 1659 Βολβίτινον
1632 1571 1840 1660 στόμα
1871 1574 1982 1640 καὶ
2010 1570 2086 1640 τὸ
2112 1569 2529 1641 Βουκολικὸν
2563 1566 2688 1639 οὐκ

417 1673 737 1757 ἰθαγενέα
791 1671 1081 1758 στόματά
1128 1676 1305 1760 ἐστι,
1357 1670 1504 1743 ἀλλ’
1541 1671 1813 1762 ὀρυκτά.
1900 1677 2291 1765 Μαρτυρέει
2333 1676 2414 1743 δέ
2450 1700 2561 1762 μοι
2604 1677 2779 1761 τῇ18

417 1773 673 1863 γνώμῃ,
704 1769 804 1842 ὅτι
831 1775 1122 1865 τοσαύτη
1151 1778 1290 1845 ἐστὶ
1321 1786 1687 1863 Αἴγυπτος,
1717 1773 1884 1863 ὅσην
1905 1774 2057 1846 τινὰ
2081 1776 2213 1864 ἐγώ
2239 1774 2686 1863 ἀποδείκνυμι

417 1972 539 2031 λιος
575 1965 689 2038 ᾆέει
718 1966 800 2030 εἷς
823 1963 932 2022 έών
970 1963 999 2022 ὁ
1022 1971 1252 2039 Νεῖλος]
1274 1975 1359 2024 De
1373 1977 1503 2025 Cer-

421 2059 605 2094 casoro
635 2042 832 2108 oppido
867 2043 1010 2093 conf.
1039 2042 1294 2092 Strabon.
1323 2043 1501 2094 XVII.

423 2130 478 2178 p.
514 2113 617 2163 806
652 2115 701 2162 D
740 2128 783 2163 s·
841 2112 974 2164 1160
1008 2118 1076 2174 et,
1113 2112 1378 2163 Herodot.
1425 2113 1500 2174 11,

429 2184 511 2233 15.
555 2181 635 2232 19.
674 2181 760 2231 97.
832 2181 947 2231 Nec
984 2181 1241 2239 disfientit
1277 2183 1505 2245 Pompo-

421 2253 543 2301 nius
557 2250 701 2300 Mela
725 2250 770 2312 1,
795 2249 829 2299 9
849 2249 983 2300 haec
1010 2251 1277 2300 scribens:
1305 2251 1505 2312 „quta

424 2323 774 2370 Cercasorum
833 2319 1091 2384 oppidum
1142 2319 1341 2384 triplex
1387 2334 1505 2369 esse

426 2388 625 2454 (Nilus)
673 2388 924 2452 incipit.“
1000 2388 1282 2438 Cercasori
1326 2388 1507 2438 locum

423 2474 566 2508 nunc
603 2471 868 2521 occupare
904 2457 1093 2506 dicunt
1124 2457 1304 2507 vicum
1340 2457 1508 2506 Elcsas

424 2544 469 2578 s.
520 2526 694 2576 Aksas
738 2527 793 2575 in
838 2525 1165 2577 occidentali
1211 2527 1332 2590 ripa
1375 2526 1506 2589 Nili,

422 2612 523 2646 nec
555 2594 881 2646 audiendum
905 2610 1026 2645 esse
1051 2596 1278 2659 Savum,
1315 2595 1383 2645 V.
1415 2597 1507 2658 D„

427 2667 516 2731 qui
553 2666 607 2714 in
654 2679 796 2730 pago
833 2664 1175 2714 Charakanie
1222 2663 1292 2714 ab
1332 2663 1509 2713 orien-

425 2733 523 2784 tali
561 2734 680 2798 ripa
713 2733 826 2784 Nili
861 2737 1098 2783 veterem
1138 2734 1320 2784 urbem
1349 2748 1512 2798 quae-

428 2804 598 2853 sierit.
696 2802 855 2853 Conf.
913 2801 1326 2852 Schlichthorst.
1382 2803 1416 2852 1.
1471 2801 1509 2852 l.

426 2889 551 2938 pag.
576 2872 644 2924 63
672 2876 726 2922 et
751 2872 1076 2922 Hartmann.
1101 2871 1138 2920 l.
1167 2870 1203 2920 l.
1231 2886 1357 2935 pag.
1389 2870 1508 2922 783.

427 2941 608 2992 Nilum
655 2955 782 2990 vero
829 2939 1020 2990 scribit
1063 2941 1142 2989 Le
1203 2938 1339 2990 Pere
1387 2939 1513 3002 (De-

430 3012 617 3074 script.
656 3009 723 3059 de
756 3009 997 3074 l’Egypt.
1037 3009 1082 3059 1.
1118 3024 1243 3074 pag.
1285 3008 1412 3073 119)
1448 3024 1511 3059 eo

426 3080 550 3129 loco
588 3078 779 3140 dividi,
819 3079 911 3143 qui
948 3093 1091 3127 nunc
1129 3079 1380 3144 cognitus
1417 3094 1512 3128 no-

427 3150 571 3198 mine
597 3147 1174 3211 Bam-et-Baquarak.
1248 3149 1409 3197 Hunc
1437 3148 1514 3197 lo·

430 3234 577 3279 cum,
625 3217 722 3266 ubi
754 3215 911 3265 Nilus
955 3216 1010 3264 in
1057 3216 1282 3266 brachia
1314 3216 1513 3266 discin-

430 3287 601 3346 ditur,
657 3300 802 3335 nunc
846 3285 1032 3335 vocari
1074 3286 1272 3336 Be‘cous
1308 3301 1352 3338 s.
1402 3286 1511 3335 Ba-

427 3371 611 3422 quouz‚
651 3355 707 3404 in
743 3354 885 3404 fecie
923 3353 1153 3404 obelisci
1196 3370 1362 3419 prope
1399 3356 1513 3404 Ma-

426 3424 650 3489 taryeh,
703 3439 824 3472 cum
871 3423 1098 3472 Sicardo
1148 3428 1204 3473 et
1247 3424 1512 3474 Reunelio

427 3494 626 3543 statuit
650 3492 1007 3541 Letronuius:
1047 3492 1384 3542 Becherches
1422 3508 1515 3542 sur

426 3563 503 3612 les
535 3563 784 3626 frag-tum.
823 3560 889 3610 de
923 3561 1127 3611 Heron.
1168 3578 1223 3626 p.
1256 3560 1371 3611 138.
1433 3563 1514 3611 De

429 3631 653 3696 reliquis
692 3630 805 3680 vid.
843 3630 1073 3679 Excurs.

498 3691 534 3763 ἡ
560 3693 624 3748 δὲ
643 3692 716 3762 δὴ
738 3695 875 3749 ἰθέα
899 3696 1013 3747 τῶν
1039 3689 1192 3745 ὁδῶν
1218 3695 1298 3774 τῷ
1327 3694 1515 3761 Νείλῳ

430 3784 481 3818 κ.
538 3783 584 3817 τ.
633 3766 704 3833 λ.]
758 3765 841 3817 Ad
895 3766 1140 3818 dativum
1201 3780 1278 3831 τῳ
1325 3762 1515 3830 Νείλῳ

434 3836 642 3887 consul.
691 3836 889 3886 Matth.
943 3836 1035 3886 Gr.
1087 3834 1179 3885 Gr.
1228 3848 1353 3898 pag.
1395 3834 1515 3893 714,

434 3911 489 3956 et
526 3904 595 3955 ad
640 3907 871 3955 formam
917 3893 1051 3964 ἐξίει
1094 3901 1207 3953 vid.
1256 3906 1395 3952 nott.
1446 3901 1518 3950 ad

433 3975 478 4036 1,
518 3974 571 4024 6.
611 3973 728 4024 180.
802 3972 975 4024 Paulo
1000 3976 1127 4036 post
1146 3986 1266 4022 cum
1285 3975 1516 4020 recentt.

434 4044 578 4093 edidi
627 4035 804 4107 ταύτῃ
850 4056 948 4105 pro
1007 4041 1099 4090 vu]
1141 4045 1235 4090 ato
1288 4032 1516 4102 ταύτην.

433 4111 516 4162 Ad
531 4111 698 4160 verba
714 4100 949 4159 ἄνωθεν
972 4122 1079 4172 φερ
1116 4121 1288 4174 μενος
1303 4111 1358 4157 et
1380 4122 1520 4172 quae

433 4185 734 4246 sequuntur
767 4194 832 4227 ex
861 4177 1308 4228 antecedentibus
1339 4181 1520 4226 mente

431 4248 782 4313 repetendum
821 4237 851 4295 ὁ
889 4245 1122 4306 Nenos-3
1162 4245 1351 4296 addita
1393 4248 1521 4294 sunt

432 4319 568 4368 haec
593 4315 663 4367 ad
690 4311 1064 4381 explicandam
1097 4316 1381 4376 rationem,
1413 4329 1521 4378 qua

433 4387 654 4436 tertium
689 4384 793 4435 hoc
830 4383 942 4434 Nili
991 4384 1192 4434 ostium
1240 4385 1393 4433 recta
1428 4382 1518 4432 via

1606 1976 1677 2025 ad
1702 1990 1849 2026 mare
1877 1975 2155 2041 procedat.
2224 1977 2409 2027 Nilum
2436 1975 2578 2027 enim
2599 1973 2693 2024 ad-

1608 2045 1690 2094 dit
1726 2061 1760 2094 a
1792 2046 2162 2109 superioribus
2193 2046 2430 2112 Aegypti
2460 2043 2691 2110 regioni-

1606 2115 1709 2164 bus
1731 2114 2012 2179 delapsum
2041 2117 2113 2166 ad
2139 2115 2377 2181 regionis
2408 2114 2574 2164 Delta
2603 2128 2691 2163 ca·

1608 2199 1799 2233 cumen
1841 2185 2139 2248 pervenire;
2185 2185 2313 2234 inde
2354 2188 2538 2234 autem
2579 2181 2696 2245 (ubi

1609 2253 1869 2303 orientem
1884 2257 1940 2302 et
1962 2254 2297 2304 occidentem
2315 2268 2506 2303 versus
2527 2254 2583 2301 in
2594 2252 2695 2301 Pe—

1607 2322 1872 2372 lusiacum
1905 2327 1963 2372 et
1983 2321 2313 2387 Conopicum
2337 2322 2615 2373 brachium
2640 2333 2697 2370 se

1611 2390 1878 2456 diviserit)
1946 2392 2181 2442 medium
2234 2391 2400 2441 Delta
2450 2389 2699 2440 scinden-

1610 2466 1719 2510 tem
1755 2459 1881 2524 (hoc
1928 2462 2093 2511 tertio
2136 2458 2387 2524 brachio)
2432 2461 2587 2510 recta
2633 2458 2692 2506 iu

1610 2545 1759 2579 mare
1794 2530 1959 2580 exire.
2032 2529 2189 2579 Conf.
2220 2530 2494 2579 Letronne
2526 2528 2564 2579 l.
2600 2527 2638 2576 l.

1682 2622 1921 2694 διφάσια
1944 2620 2214 2693 στόματα,
2252 2619 2291 2678 ἀ
2312 2621 2397 2678 πὸ
2432 2624 2555 2677 τοῦ
2582 2624 2697 2675 Σε-

1614 2697 1649 2767 β
1662 2715 1687 2750 ε
1702 2715 1778 2749 νν
1790 2715 1824 2748 υ
1839 2714 1900 2747 τι
1914 2714 1946 2747 κ
1959 2713 1987 2746 ο
2004 2696 2060 2764 ὖ]
2091 2698 2248 2760 Quod
2280 2695 2694 2750 Schlichthorst‚

1615 2769 1652 2819 1.
1690 2768 1729 2818 1.
1769 2783 1898 2833 pag.
1936 2767 2005 2817 38
2040 2767 2229 2830 reponi
2262 2765 2406 2816 vult:
2443 2755 2559 2813 ἀπὸ
2593 2759 2696 2813 τοῦ

1613 2833 1983 2898 Βουκολικοῦ,
2007 2851 2070 2885 eo
2092 2836 2244 2886 libris
2264 2834 2583 2900 praesertim
2606 2830 2699 2883 ad-

1614 2905 1960 2956 versantibus
1986 2905 2205 2956 minime
2232 2920 2386 2970 opus.
2446 2904 2561 2953 Nec
2588 2916 2699 2951 me-

1615 2977 1700 3040 gis
1738 2990 1901 3039 opus,
1939 2973 2102 3039 paulo
2140 2974 2368 3025 inferius
2404 2972 2700 3024 rescribere

1621 3037 1929 3093 Τανιτικόν
1964 3059 2060 3108 pro
2098 3034 2392 3105 Σαϊτικὸν,
2428 3047 2490 3092 ut
2525 3040 2697 3091 eidem

1617 3113 1821 3178 placuit
1857 3112 2276 3164 Schlichthorst.
2312 3113 2351 3165 l.
2386 3112 2425 3163 l.
2454 3127 2580 3177 pag.
2607 3110 2695 3160 42.

1617 3184 1701 3233 Tu
1738 3182 1927 3233 videas
1962 3185 2189 3234 Excurs.

1682 3282 1763 3351 τῷ
1802 3278 1907 3347 μὲν
1942 3277 2216 3334 Σαϊτικὸν
2250 3275 2467 3344 αὐτῶν,
2514 3278 2594 3345 τῷ
2638 3273 2702 3328 δῖ
2758 3312 2767 3320 .

1617 3347 1977 3418 Μενδήσιον]
2014 3345 2231 3403 αὐτῶν
2267 3368 2387 3403 cum
2419 3350 2591 3400 Gaisf.
2621 3363 2703 3396 rea

1616 3423 1777 3487 posui
1823 3437 1920 3486 pro
1967 3413 2237 3471 αὐτέων.
2277 3452 2346 3459 -
2404 3410 2700 3481 ἰθαγενὴς,

1619 3490 1764 3556 quod
1793 3490 2058 3554 reperitur
2082 3491 2225 3539 infra
2256 3502 2467 3554 quoque
2492 3486 2588 3547 VI,
2615 3482 2701 3543 53,

1617 3559 1906 3622 exponitur
1950 3549 2209 3622 γνήσιος,
2257 3558 2524 3621 genuinus,
2572 3552 2704 3600 nati-

1619 3643 1725 3678 vus.
1791 3628 2003 3677 Natura
2042 3628 2184 3676 enim
2220 3640 2360 3689 quae
2386 3626 2515 3671 sunt
2542 3620 2704 3684 ostio,

1620 3699 1965 3760 opponuntur
1994 3695 2093 3756 iis,
2134 3709 2272 3759 quae
2306 3690 2580 3742 hominum
2614 3702 2702 3736 ars

1621 3764 1827 3825 effecit,
1877 3779 1997 3814 cum
2049 3763 2296 3827 primitus
2350 3759 2566 3809 minime
2614 3771 2701 3805 ex·-

1621 3833 1893 3895 stiterint,
1950 3835 2239 3898 antequam
2293 3827 2565 3878 homiuum
2613 3841 2703 3873 ac-

1621 3902 1847 3952 cesserit
1883 3916 2066 3966 opera.
2151 3898 2306 3950 Conf.
2345 3897 2568 3957 Gregor.
2602 3894 2704 3942 Co-

1621 3970 1786 4020 rinth.
1826 3970 1892 4019 de
1925 3969 2142 4019 dialect.
2183 3968 2304 4017 Ion.
2341 3967 2391 4026 g.
2434 3963 2561 4025 161,
2608 3960 2702 4011 ubi

1626 4038 1781 4104 plura
1820 4040 1992 4089 Koen.
2042 4042 2204 4102 atque
2246 4031 2522 4084 Schaeser.
2576 4045 2708 4094 pag*

1626 4109 1720 4158 551
1762 4107 1885 4156 coll.
1924 4122 2049 4171 pag.
2087 4105 2189 4155 294
2225 4102 2354 4151 edit.
2396 4099 2611 4150 Schaef.
2649 4102 2705 4148 et

1624 4175 1865 4226 Lobeck.
1926 4176 1996 4225 ad
2050 4171 2340 4236 Phrynich.
2395 4183 2520 4232 pag.
2582 4167 2702 4218 648.

1623 4244 1780 4307 Apud
1811 4243 2089 4293 Aristotel.
2114 4237 2397 4291 Meteorol.
2427 4237 2501 4299 11,
2529 4236 2579 4299 6,
2624 4236 2705 4284 11.

1626 4304 1903 4376 ἰθαγενὴς
1939 4312 2137 4363 dicitnr
2169 4312 2396 4368 ventus,
2451 4298 2617 4361 νότος
2654 4307 2709 4352 et

1622 4377 1883 4446 ζέφυρος.

2159 4454 2241 4516 30
2255 4452 2292 4491 ”’
