3109 5092
341 2541 350 2552 ·
377 2528 590 2580 schrift.
624 2530 674 2580 d.
701 2532 905 2584 Berlin.
933 2532 1105 2585 Acad.
1143 2531 1294 2585 1851.

1143 355 1648 418 EUTERPE.
1696 355 1782 414 II.
1831 365 1886 417 2.

2525 351 2643 413 431

373 523 490 607 τὰς
515 540 760 614 χεῖρας.
815 523 897 595 τὰ
922 525 1052 614 μὲν
1079 524 1164 617 δὴ
1193 532 1425 618 πρῶτα
1463 524 1756 608 ἀκούσας
1784 523 2030 616 ἥσυχος
2070 516 2157 614 ἦν
2180 520 2217 596 ὁ
2240 523 2510 613 ποιμήν.
2562 519 2652 605 ὡς

371 628 451 700 δὲ
495 628 816 714 πολλάκις
855 633 1192 717 φοιτέοντι
1242 634 1355 700 καὶ
1400 627 1857 754 ἐπιμελομένῳ
1910 627 2163 702 πολλὸν
2200 619 2287 717 ἦν
2336 632 2532 697 τοῦτο
2576 625 2652 700 τὸ

374 738 553 816 ἔπος,
583 728 762 801 οὕτω
791 731 875 822 δὴ
897 733 1198 823 σημήνας
1223 742 1320 829 τῷ
1347 731 1696 824 δεσπότῃ’
1668 732 1874 822 ήγαγε
1906 730 1987 801 τὰ
2014 737 2251 806 παιδία
2282 730 2649 802 κελεύσαν-

371 853 483 914 τος
513 831 581 916 ἐς
607 834 768 918 ὄψιν
805 835 932 926 τὴν
973 834 1259 908 ἐκείνου.
1318 835 1613 918 ἀκούσας
1653 837 1729 906 δὲ
1764 839 1881 906 καὶ
1917 833 2116 916 αὐτὸς
2146 831 2191 904 δ’
2219 834 2653 924 Ψαμμήτιχος
2708 837 2717 850 ‘

374 934 837 1026 ἒιωνθάνετο,
865 944 1110 1024 οῑτινες
1146 937 1537 1062 ἀνθρώπων
1574 940 1773 1030 βεκός
1800 969 1864 1009 τι
1900 942 2237 1009 καλέουσι.
2297 937 2650 1012 πυνθανό-

369 1067 574 1130 μενος
599 1039 682 1114 δὲ
701 1037 972 1132 εὕρισκε
993 1039 1288 1136 ’Φρύγας
1307 1048 1671 1124 καλέοντας
1711 1041 1830 1114 τὸν
1859 1067 2081 1132 αρτον.
2134 1039 2310 1112 οὕτω
2351 1040 2650 1130 συνεχώ-

373 1165 589 1234 ρησαν
617 1146 1011 1234 Αἰγύπτιοι,
1051 1151 1168 1217 καὶ
1195 1148 1474 1242 τοιούτῳ
1507 1146 2054 1237 σταθμησάμενοι
2087 1146 2460 1238 πρήγματι,
2498 1142 2656 1224 τούς

375 1345 508 1414 ibiq.
535 1346 819 1401 Radbeck.
849 1348 1090 1402 Atlantis
1129 1354 1170 1399 t.
1203 1345 1249 1401 Ι.
1279 1349 1463 1415 p.808

375 1431 566 1466 vocem
611 1416 760 1468 illam
811 1434 931 1470 cum
977 1418 1464 1470 Scandinaviorum

378 1485 532 1536 Bake
562 1487 877 1552 (ιοιιιροιιίι.ι
864 1485 900 1515 “
938 1490 1034 1541 Gr.
1098 1488 1182 1539 Ad
1220 1488 1467 1540 Senseri-

374 1560 559 1604 tanam
610 1556 884 1622 lingnam,
939 1560 996 1608 in
1050 1567 1166 1625 qt&
1191 1549 1362 1612 Maae'
1368 1561 1464 1622 -ja

371 1624 652 1759 aasz?
683 1630 1210 1762 “emm
1243 1629 1528 1748 azaz&

375 1779 428 1828 p.
457 1765 554 1824 51·
590 1766 660 1815 ad
684 1765 977 1830 Perdicam,
1017 1715 1114 1826 αξη,
1138 1770 1292 1830 panis
1320 1767 1468 1817 dica-

375 1839 464 1883 tur
481 1834 712 1899 peland',
735 1838 1036 1890 Hammon-
1021 1854 1077 1887 ιιι
1095 1838 1241 1889 Anu.
1265 1837 1462 1896 Vienn-

374 1901 570 1956 XLVI.
599 1921 653 1970 p.
683 1906 797 1957 119.
819 1905 1071 1972 Propius
1097 1907 1358 1958 accedere
1388 1908 1467 1957 vi-

376 1972 535 2024 detur
587 1974 715 2038 bute,
774 1991 882 2041 qua
926 1989 1062 2028 voce
1107 1976 1465 2038 Albanenses,

376 2044 469 2107 qui
499 2058 642 2094 nunc
663 2011 933 2108 dicuntur,
996 2045 1311 2113 anendesig
1311 2050 1467 2107 nant,

371 2117 516 2162 teste
566 2113 800 2178 Kopitar
846 2062 991 2168 ibid?

427 2267 613 2316 puscc.
651 2269 823 2319 nuper
859 2255 1020 2305 editis
1057 2267 1113 2319 p.
1134 2254 1231 2319 39,
1270 2256 1342 2306 20
1378 2256 1464 2310 ed.

376 2319 563 2382 Tafe13
604 2337 633 2371 e
665 2323 1060 2378 recentioribus
1097 2325 1285 2374 Osann
1311 2326 1369 2374 in
1403 2323 1468 2374 li-

343 2405 354 2416 ·
377 2390 503 2456 bro,
537 2391 628 2454 qui
651 2393 966 2444 inscribitur
981 2394 1161 2444 Midas
1189 2398 1293 2445 (πο.
1319 2410 1372 2459 p.
1397 2394 1464 2444 55

373 2459 502 2509 coll.
542 2459 610 2510 43
649 2463 704 2512 et
744 2463 860 2516 Iac.
901 2464 1104 2515 Grimm
1150 2464 1236 2516 int
1279 2464 1465 2516 Deuk-

1333 2545 1461 2599 pag.

378 2599 482 2650 123
501 2613 676 2665 seqq„
710 2603 802 2666 qui
829 2603 970 2654 hanc
1001 2604 1369 2655 narrationem
1394 2603 1464 2653 ad

377 2667 592 2718 fabulas
613 2670 858 2737 relegare
873 2672 1014 2723 velle
1030 2673 1263 2734 videtur,
1280 2687 1468 2738 quam-

378 2753 570 2803 quam,
619 2745 679 2790 ut
717 2757 841 2791 mox
877 2742 1187 2804 afferemus,
1229 2757 1341 2793 non
1378 2743 1467 2793 de-

378 2812 508 2857 sunt
553 2808 640 2857 vel
688 2807 1003 2863 recentioris
1056 2811 1257 2863 aetatis
1306 2825 1467 2862 cona-

379 2878 529 2926 mina
563 2893 785 2941 prorsus
823 2881 1039 2932 similia.

449 2936 832 3030 ἐπιμελομένῳ
873 2943 1087 3000 πολλὸν
1135 2938 1233 3016 ἦν]
1286 2950 1465 3017 Vulgo

377 3003 865 3088 ἐπιμελουμένοις
904 3033 1003 3072 nos
1030 3021 1273 3071 dedimus
1311 3020 1464 3084 illud,

377 3085 524 3150 quod
557 3085 712 3139 libris
748 3091 1215 3141 consentientibus
1242 3106 1465 3141 revoca-

375 3155 458 3204 vit
471 3154 1014 3224 Schweighaeuserus
1032 3161 1283 3226 quodque
1299 3175 1462 3211 unum

376 3223 744 3277 Herodoteum
786 3244 907 3279 esse
941 3229 1196 3292 probavit
1228 3229 1462 3281 Bredov.

377 3310 431 3357 p.
453 3293 574 3346 364.
627 3298 714 3348 Tu
740 3298 812 3349 cf.
837 3298 1044 3352 Herod.
1073 3299 1119 3360 Ι,
1144 3297 1233 3352 98.
1259 3299 1336 3361 ΙΙ,
1368 3300 1465 3350 174

378 3390 445 3401 —
472 3359 743 3423 πολλάκις
781 3370 837 3433 (p
842 3384 903 3417 ro
939 3366 1202 3434 πολλάκι)
1249 3369 1462 3433 scripsi,

376 3438 440 3483 ut
475 3431 522 3494 I,
560 3432 655 3498 36,
693 3437 787 3485 ubi
805 3384 936 3488 pvid..

448 3498 544 3551 καὶ
565 3474 807 3573 τοιούτω
830 3496 1299 3569 σταθμησάμενοι
1323 3496 1466 3569 πρή-

378 3571 565 3638 γματι]
615 3574 652 3623 i.
688 3589 738 3626 e.
786 3584 854 3625 et
901 3590 961 3625 eo
1013 3576 1260 3640 quidem
1309 3589 1464 3639 arqu-

377 3649 537 3691 mento
574 3644 735 3720 ducti,
773 3643 917 3710 quod
953 3644 1106 3710 iungi
1144 3644 1306 3694 debet
1343 3659 1465 3693 cum

379 3681 813 3794 συνεχώρησαν,
856 3730 890 3764 a
924 3729 1030 3779 quo
1071 3714 1192 3779 ipso
1230 3711 1467 3792 pendent

378 3779 587 3846 reliqua
623 3775 760 3840 τοὺς
783 3751 1010 3847 Φρύγας
1043 3774 1466 3848 πρεσβυτέρους

377 3841 527 3899 εἶναι
564 3841 806 3901 §mm-mv.
862 3853 1089 3915 Moneo,
1127 3868 1198 3903 ne
1234 3853 1292 3901 in
1328 3855 1468 3901 stru-

380 3924 538 3969 ctura
570 3921 690 3985 quis
726 3921 982 3984 haereat,
1020 3923 1077 3971 in
1115 3937 1223 3987 qua
1248 3923 1357 3971 iam
1387 3921 1464 3969 ni-

381 3988 458 4038 hil
495 3990 626 4052 erit,
663 3990 806 4055 quod
842 4005 941 4040 nos
979 3990 1237 4042 offendat.
1292 3989 1469 4040 Simili

379 4057 782 4122 significatione
818 4060 1086 4125 reperitur
1122 4051 1471 4124 ἑπισταθμᾶ-

382 4124 522 4175 σθαι
567 4130 630 4177 in
667 4128 924 4193 Aeschyli
959 4130 1152 4195 Agam.
1195 4128 1320 4190 159,
1374 4128 1470 4178 ubi

378 4196 493 4246 vid.
522 4197 824 4248 Blomfield.
852 4197 1094 4250 Glossar.
1149 4201 1234 4252 De
1262 4198 1467 4259 dativo,

287 4286 296 4292 ·
380 4265 474 4330 qui
507 4266 729 4317 additur
752 4267 877 4317 huic
904 4269 1069 4318 verbo
1095 4283 1268 4332 aeque
1302 4272 1468 4332 atque

379 4334 546 4384 verbo
584 4334 1016 4402 τεκμαίρεσθαι,
1066 4336 1220 4399 aliis,
1260 4338 1467 4387 monuit

376 4403 653 4456 Kuehner.
692 4404 785 4456 Gr.
827 4406 920 4457 Gr.
960 4408 1011 4469 5.
1033 4405 1165 4470 586,
1203 4420 1260 4470 e,
1297 4405 1469 4457 Hero-

1014 2047 1486 2182 p.105.Attigit'

375 2193 591 2301 guoqte
649 2184 966 2236 Herodotea
1019 2185 1347 2236 Eustathius
1409 2187 1486 2235 in'

1568 1347 1686 1398 doti
1710 1347 1847 1398 locis
1869 1346 2074 1398 allatis.
2112 1347 2196 1399 Cf.
2220 1350 2385 1400 etiam
2407 1347 2453 1412 1,
2472 1347 2560 1398 57.
2586 1375 2656 1385 —

1567 1419 1651 1468 De
1694 1417 1817 1482 ipsa
1850 1421 1915 1467 re‘
1947 1419 2056 1468 iam
2100 1415 2170 1467 ad
2203 1420 2418 1469 initium
2454 1418 2651 1483 capitis

1570 1487 1837 1553 quaedam
1867 1489 2189 1539 monuimus.
2244 1487 2351 1539 Hic
2386 1487 2493 1538 loci
2523 1488 2656 1537 Lar-

1569 1557 1716 1608 cheri
1754 1563 2005 1608 notamus
2032 1557 2321 1623 iudicium,
2358 1559 2657 1623 quiPsam-

1515 1627 1849 1678 ·mitich'1m
1883 1629 2071 1678 censet
2095 1629 2272 1682 minus
2298 1644 2525 1693 gnarum
2555 1627 2658 1676 ori-

1570 1697 1712 1762 ginis
1751 1696 1897 1762 Phry
1978 1713 2058 1760 m,
2100 1697 2304 1763 quippe
2348 1712 2486 1762 quae
2521 1711 2657 1762 gens

1569 1767 1643 1815 sit
1683 1765 1871 1830 stirpis
1954 1764 2289 1831 uropaeae(
2269 1764 2415 1831 (coll.
2446 1764 2654 1817 Herod.

1566 1835 1704 1897 VII,
1743 1835 1837 1903 73)
1849 1834 2158 1901 ,adeoque
2203 1841 2348 1890 toste
2388 1835 2657 1887 Strabone

1566 1903 1663 1955 lib.
1686 1905 1755 1955 X.
1791 1921 1842 1969 p.
1872 1905 1993 1968 722,
2018 1903 2083 1956 A.
2117 1905 2388 1956 Thracum
2419 1905 2653 1957 colonia.

1566 1974 1691 2036 Quo
1716 1977 1899 2024 tamen
1926 1975 2129 2026 rectius
2155 1976 2419 2028 statuisse
2440 1975 2658 2024 videtur

1567 2044 1777 2098 Hoeck.
1808 2043 2000 2108 (Creta
2026 2045 2071 2095 Ι.
2095 2061 2221 2111 pag.
2244 2041 2344 2098 117
2372 2061 2487 2112 seq.
2511 2044 2656 2110 127).

1568 2111 1653 2164 Ex
1690 2113 1960 2166 Herodoti
1992 2114 2137 2166 enim
2174 2114 2489 2167 narratione
2523 2112 2658 2164 illud

1569 2189 1718 2234 certe
1752 2182 1939 2247 colligi
1976 2199 2141 2249 posse
2172 2188 2361 2249 putat,
2408 2185 2656 2250 Phryges

1568 2253 1694 2303 olim
1753 2254 2166 2317 antiquissimos
2219 2253 2385 2320 vulgo
2437 2254 2656 2308 habitos

1565 2338 1713 2386 esse,
1767 2322 2101 2390 multumque
2156 2319 2571 2390 distinguendos
2624 2338 2658 2371 a

1564 2392 1810 2454 Graecis,
1845 2408 1967 2444 cum
1991 2398 2175 2458 patres
2198 2393 2458 2444 habuisse
2472 2395 2661 2446 Arme«

1567 2464 1687 2514 nios
1725 2461 2016 2512 admodum
2046 2463 2341 2515 verisimile
2365 2464 2464 2527 sit,
2501 2462 2658 2512 illud-

1567 2545 1673 2596 que
1702 2532 1866 2581 etiam
1898 2532 2157 2596 probetur
2188 2532 2392 2599 lingua,
2431 2547 2571 2597 qnae
2598 2536 2658 2580 ut

1553 2613 1601 2652 a
1639 2601 1851 2653 Graeca
1883 2600 2073 2666 lingua
2106 2603 2187 2651 ita
2222 2602 2290 2651 ab
2336 2601 2460 2652 aliis
2492 2601 2659 2666 ‘plane

1570 2671 1804 2732 diversa,
1834 2669 2145 2735 Phrygibus
2173 2671 2464 2735 peculiaris
2495 2685 2658 2735 quae-

1568 2740 1693 2789 dam
1732 2739 1916 2790 suerit.
1973 2741 2162 2805 Neque
2190 2739 2350 2790 aliter
2381 2740 2658 2790 iudicasse

1568 2809 1729 2860 video
1765 2811 1830 2860 Ρ.
1858 2809 1927 2859 de
1952 2810 2245 2875 Koeppen:
2285 2809 2655 2875 Nordgestad.

1570 2879 1625 2930 d.
1662 2881 1822 2929 Pont.
1863 2896 1918 2944 p.
1955 2880 2043 2931 71.
2094 2880 2338 2930 Eandem
2388 2880 2658 2945 discepta-

1567 2949 1799 3010 tionem,
1842 2964 2003 3014 quam
2026 2950 2172 2999 inter
2196 2949 2443 3016 Phryges
2478 2954 2534 3000 et
2555 2950 2659 3000 Ae-

1570 3020 1790 3085 gyptios
1814 3019 2019 3070 factam
2040 3019 2146 3070 hoc
2170 3018 2291 3070 loco
2314 3024 2533 3070 enarrat
2549 3019 2659 3070 He-

1568 3090 1812 3153 rodotus,
1828 3089 1995 3139 simili
2014 3089 2130 3140 fere
2151 3089 2310 3140 modo
2334 3088 2476 3141 inter
2488 3089 2659 3154 Phry·

1568 3174 1665 3224 ges
1703 3164 1759 3224 et
1796 3157 2028 3211 Orcades
2072 3161 2278 3211 factam
2324 3160 2493 3210 tradit
2539 3160 2656 3223 My-

1568 3228 1902 3294 thographus
1926 3229 2230 3281 Vaticanus
2246 3267 2260 3292 ,
2300 3246 2461 3294 quem
2486 3229 2657 3282 edidit

1566 3299 1747 3361 Rode,
1787 3299 1894 3349 111.
1924 3300 1976 3350 l.
2005 3301 2055 3349 5.
2101 3300 2184 3350 11.
2218 3303 2259 3348 t.
2288 3300 2337 3350 1.
2374 3315 2504 3365 pag.
2531 3299 2653 3348 157.

1635 3369 1704 3418 In
1750 3366 1997 3418 clausula
2042 3368 2242 3418 addere
2277 3367 2462 3431 iuvat,
2512 3365 2658 3432 quod

1566 3452 1632 3486 ex
1653 3436 1841 3487 eodem
1859 3436 2131 3486 Larchero
2151 3438 2523 3500 cognovimus,
2540 3450 2658 3485 sae-

1566 3505 1687 3556 culo
1719 3506 1928 3556 decimo
1958 3506 2148 3571 quinto
2172 3510 2301 3570 post
2324 3505 2450 3556 Chr.
2480 3521 2534 3555 n.
2570 3503 2656 3553 Ia-

1567 3575 1761 3624 cobum
1797 3575 1906 3636 IV,
1956 3575 2176 3625 Scotiae
2222 3590 2436 3638 regern,
2482 3572 2659 3624 simile

1567 3643 1824 3709 quiddam
1853 3648 2018 3708 atque
2042 3642 2488 3693 Psammitichum
2522 3643 2656 3692 fuis-

1568 3729 1628 3763 se
1661 3718 1960 3778 expertum.
2012 3714 2166 3763 Duos
2191 3711 2343 3762 illum
2365 3713 2549 3763 ferunt
2574 3713 2656 3761 in-

1568 3783 1748 3834 fantes
1784 3783 1841 3832 in
1878 3781 2111 3833 insulam
2148 3781 2469 3845 seclusisse,
2506 3782 2657 3832 addi-

1568 3857 1627 3901 to
1651 3857 1800 3902 muto
1824 3852 2058 3913 homine,
2086 3852 2180 3915 qui
2203 3852 2442 3915 ipsorum
2469 3866 2656 3901 curam
2741 3877 2747 3882 ·

1570 3925 1804 3987 gereret.
1856 3922 1941 3971 En
1968 3921 2118 3985 ipsos
2146 3921 2407 3983 infantes,
2441 3922 2532 3971 ubi
2562 3921 2656 3971 ad-

1568 3990 1674 4041 ulti
1701 3990 1933 4052 fuerint,
1962 3988 2217 4040 Paradisi
2239 3990 2509 4056 linguam,
2544 3992 2580 4042 i.
2605 4006 2654 4046 e.

1570 4060 1926 4122 Hebraicam,
1986 4058 2247 4110 edidisse!
2308 4059 2453 4123 Quid
2510 4059 2657 4125 quod

1570 4129 1905 4179 Fridericum
1972 4129 2268 4179 secundum
2288 4167 2302 4192 ,
2375 4128 2657 4180 celeberri-

1571 4214 1715 4247 mum
1752 4198 2074 4249 Germaniae
2119 4203 2282 4265 atque
2328 4197 2525 4249 Italiae
2559 4200 2659 4248 im-

1571 4271 1894 4332 peratorem,
1933 4267 2142 4333 aliquot
2173 4269 2417 4319 infantes
2448 4283 2483 4318 a
2514 4273 2655 4318 cete-

1569 4337 1645 4386 ris
1700 4336 2008 4387 hominibus
2062 4336 2304 4387 seclusos
2361 4337 2656 4387 nutrivisse

1567 4406 1751 4457 ferunt
1800 4406 2102 4472 iisdemque
2152 4405 2503 4458 interdixisse
2518 4440 2533 4470 ,
2586 4420 2656 4457 ne
