3109 5092
1095 351 1592 411 EU'PERPE.
1635 352 1721 412 11.
1773 363 1891 415 104.

358 521 487 613 γὰρ
517 525 630 592 καὶ
656 526 874 611 ἕτεροι
899 527 1208 593 τοιοῦτοι.

2510 351 2633 411 655

1314 521 1485 594 ἀλλὰ
1532 531 1785 595 τοισίδε
1812 528 1924 595 καὶ
1951 531 2230 615 μᾶλλον,
2269 520 2370 593 ὅτι
2396 528 2636 613 μοῦνοι

359 626 635 698 πάντων
661 622 1054 715 ἀνθρώπων
1077 625 1324 714 Κόλχοι
1352 630 1466 696 καὶ
1477 628 1838 714 Αἰγύπτιοι
1866 632 1976 697 καὶ
2007 634 2330 707 Αἰθίοπες
2360 625 2629 717 περιτά-

276 749 366 803 151
387 758 665 818 μνονται
692 725 814 798 ἀπ’
846 726 1051 819 ἀρχῆς
1094 727 1174 799 τὰ
1214 736 1461 800 αἰδοῖα.

1571 739 1884 812 Φοίνικες
1925 733 2001 802 δὲ
2042 735 2155 801 καὶ
2197 730 2415 821 Σύροι
2455 735 2525 799 οἱ
2558 732 2634 800 ἐν

355 838 436 924 τῇ
469 840 890 921 Παλαιστίνῃ
934 833 1047 902 καὶ
1087 830 1279 902 αὐτοὶ
1310 828 1747 922 ὁμολογέουσι
1787 832 1947 925 παρ’
1986 842 2386 922 Αἰγυπτίων
2420 861 2630 923 μεμα-

354 938 664 1024 θηκέναι,
702 935 946 1027 Σύριοι
978 935 1053 1004 δὲ
1090 941 1160 1005 οἱ
1180 938 1335 1025 περὶ
1371 936 1821 1026 Θερμώδοντα
1858 939 1973 1007 καὶ
2000 940 2395 1028 Παρθένιον
2425 962 2631 1007 ποτα-

356 1134 492 1186 sical
541 1135 753 1201 history
807 1137 869 1187 of
915 1137 1184 1187 Mankind
1241 1138 1320 1189 11.
1383 1154 1440 1204 p.

356 1209 458 1257 227
486 1221 637 1271 seqq.
677 1205 764 1257 ed.
800 1210 957 1270 tert.,
1007 1209 1256 1270 Morton,
1307 1208 1442 1258 Nott

356 1281 412 1324 ct
479 1274 740 1326 Gliddom
813 1277 997 1341 Types
1062 1278 1125 1327 of
1174 1277 1441 1327 Mankind

356 1343 555 1408 (Lond.
604 1344 760 1409 1854)
815 1361 942 1411 pag.
991 1348 1095 1397 215
1142 1361 1292 1412 seqq.
1337 1349 1442 1398 229

357 1430 508 1478 seqq.
590 1414 675 1464 Ad
723 1414 1059 1466 Herodotum
1109 1420 1170 1465 ut
1204 1415 1440 1477 redeam,

355 1484 451 1548 qui
506 1484 648 1534 cutis
694 1481 878 1534 colore
925 1484 1232 1549 capilloque
1279 1485 1443 1535 simili

356 1552 680 1602 Colchorum
702 1554 966 1619 originem
977 1556 1302 1620 Aegyptiam
1324 1572 1445 1620 pro-

355 1623 486 1672 bare
533 1622 744 1685 studet,
794 1625 989 1677 Ritter.
1032 1623 1291 1674 Vorhalle
1334 1631 1439 1675 etc.

355 1707 408 1756 p.
444 1694 511 1743 42
559 1691 663 1742 hoc
696 1692 963 1743 Herodoti
996 1699 1319 1759 argumento
1365 1695 1444 1744 ni-

356 1760 432 1810 hil
466 1761 793 1826 Aegyptiam
825 1763 1148 1814 Colchorum
1176 1764 1441 1828 originem

354 1830 575 1895 probari
630 1832 942 1894 contendit,
1014 1848 1136 1883 cum
1196 1838 1250 1883 et
1319 1833 1443 1883 Indi

355 1906 409 1949 et
448 1900 743 1965 Aethiopes
786 1902 1013 1952 eundem
1063 1906 1258 1966 gerant
1293 1902 1441 1952 colo-

352 1985 465 2019 rem
488 1969 867 2036 capillumque,
896 1971 1232 2022 Herodotum
1257 1977 1437 2022 autem

351 2039 660 2089 istiusmodi
693 2040 868 2091 crines
906 2042 959 2091 in
986 2041 1203 2091 Colchis
1239 2057 1303 2091 eo
1329 2057 1439 2091 ma-

352 2109 437 2173 gis
460 2108 816 2171 adverterint,
844 2126 951 2175 quo
976 2110 1198 2161 accolae
1224 2116 1436 2175 genteS,

352 2178 608 2243 Scythae,
643 2179 883 2230 Thraces
911 2181 1149 2242 Pontici,
1180 2180 1321 2230 aliae
1345 2196 1439 2230 na-

353 2249 556 2312 tiones,
593 2247 761 2298 alium
794 2265 1017 2314 prorsus
1051 2247 1308 2314 capillum
1347 2250 1438 2300 ha·

351 2317 538 2368 beant.
623 2319 776 2380 Quae
817 2334 946 2368 num
993 2319 1063 2370 ad
1098 2319 1436 2369 Herodotum

350 2386 703 2437 refellendum
735 2387 984 2450 valeant,
1033 2389 1149 2438 iure
1185 2388 1437 2439 dubitan-

350 2456 498 2506 dum.
551 2456 778 2506 Accedit
814 2458 884 2508 ad
922 2457 1188 2508 Herodoti
1224 2464 1438 2508 senten-

351 2526 484 2575 tiam
513 2525 812 2591 Pindarus,
846 2528 942 2592 qui
973 2527 1136 2592 Pyth.
1176 2527 1285 2590 IV,
1334 2527 1437 2577 37ss

350 2594 498 2660 (212)
556 2587 813 2660 Κόλχους
865 2597 1004 2646 dixit
1064 2593 1436 2659 κελαινῶπας,

349 2664 442 2713 ubi
478 2663 591 2716 vid.
630 2664 868 2730 Scholia,
900 2666 957 2715 in
994 2665 1188 2731 quibus
1224 2658 1439 2731 Κόλχοι

348 2733 601 2784 dicuntur
634 2726 1025 2800 μελανόχροες.
1095 2735 1327 2785 Tzetses
1365 2732 1436 2783 ad

347 2801 691 2867 Lycophron.
740 2806 840 2855 174
894 2803 1019 2856 coll.
1079 2802 1210 2854 887:
1268 2796 1329 2852 οἱ
1371 2795 1436 2852 δὲ

351 2863 561 2936 Κόλχοι
591 2867 686 2920 καὶ
722 2862 959 2923 Ἰνδικοὶ
994 2863 1231 2922 Σκύθαι
1267 2867 1432 2936 εἰσίν,

349 2940 525 2990 minus
561 2940 752 3006 utique
783 2948 1062 2995 accurate.

415 3001 554 3059 ἀλλὰ
603 3009 843 3078 τοισίὸε]
891 3009 1135 3073 τοιαίδε,
1188 3016 1252 3061 ut
1291 3026 1434 3061 nunc

349 3078 544 3141 edunt,
591 3079 792 3131 dudum
828 3080 1076 3133 voluerat
1108 3080 1340 3132 Werfer.
1378 3080 1434 3130 in

347 3149 497 3200 Actt.
542 3148 693 3213 phill.
740 3152 928 3202 Monn.
969 3152 1027 3213 I,
1071 3152 1119 3201 1.
1170 3165 1296 3215 pag.
1345 3151 1431 3201 98.

347 3220 419 3268 Et
470 3218 614 3268 cons.
663 3219 926 3271 Herodot.
977 3221 1033 3283 1,
1079 3219 1167 3270 32.
1253 3219 1432 3284 Vulgo

344 3290 494 3337 τοῖσι
529 3278 634 3351 δή.

419 3345 506 3405 ὅτι
544 3353 753 3419 μοῦνοι
788 3383 855 3391 -
890 3345 992 3404 ἀπ’
1029 3347 1206 3422 ἀρχῆς
1240 3350 1311 3406 τὰ
1344 3350 1434 3407 αἰ-

344 3420 503 3489 δοῖα]
551 3427 635 3475 De
668 3425 1082 3477 circumcisione
1118 3441 1284 3490 supra
1317 3441 1433 3476 mo-

344 3494 561 3545 nuimus
593 3493 663 3544 ad
699 3494 775 3556 11,
812 3495 910 3557 37,
946 3495 1044 3545 ubi
1077 3496 1205 3545 vide
1244 3494 1429 3546 laudd.

344 3563 553 3614 Afferre
606 3578 822 3629 quoque
865 3568 1108 3628 poteram
1161 3580 1224 3614 co
1263 3564 1432 3614 iosius

348 3633 450 3683 hac
474 3633 542 3683 de
568 3648 626 3682 re
649 3638 978 3698 exponentes
1005 3633 1219 3693 Michae
1244 3669 1258 3684 .
1288 3635 1430 3684 Mos.

347 3703 540 3753 Recht.
587 3706 718 3754 tom.
759 3702 853 3752 IV.
909 3701 962 3764 ξ.
1012 3704 1111 3754 185
1156 3708 1212 3753 et
1258 3718 1430 3767 nuper

346 3771 633 3821 admodum
696 3772 1027 3823 Soerensen:
1099 3771 1428 3822 Untersuch.

347 3842 481 3891 iiber
517 3840 571 3890 d.
614 3841 952 3892 Pentateuch
996 3841 1041 3892 1.
1084 3856 1142 3905 p.
1182 3842 1280 3892 144
1315 3856 1427 3905 seq.

343 3911 431 3961 Ad
467 3914 712 3960 nostrum
736 3911 913 3961 locum
947 3909 1156 3961 consul.
1186 3909 1432 3974 inprimis

345 3979 606 4029 Meiners.
627 3980 683 4028 in
708 3980 1002 4043 scriptione
1020 3994 1186 4043 supra
1208 3977 1432 4029 laudata

343 4063 472 4111 pag.
496 4048 600 4097 208
627 4052 682 4096 et
701 4047 1014 4099 Hoffmann.
1035 4048 1072 4098 l.
1098 4048 1135 4097 l.
1161 4064 1285 4112 pag.
1308 4048 1432 4099 267.

347 4117 646 4179 Postquam
667 4118 810 4165 enim
829 4115 1071 4180 pluribus
1091 4117 1429 4181 disputatum

345 4189 430 4234 est
467 4200 502 4233 a
537 4184 668 4234 viris
714 4184 892 4235 doctis
944 4186 1012 4235 de
1056 4186 1221 4235 moris
1271 4185 1429 4234 istius

345 4253 583 4318 origine,
623 4251 754 4303 illud
791 4254 929 4303 satis
966 4254 1173 4304 firmum
1203 4258 1432 4304 certum·

344 4339 451 4387 que
487 4322 732 4384 videtur,
779 4322 1080 4387 Aegyptios
1114 4323 1305 4387 utique
1339 4338 1432 4387 per

345 4407 558 4442 omnem
591 4392 975 4457 antiquitatem
1006 4391 1210 4456 primos
1242 4391 1431 4455 fuisse,

1544 1140 1640 1203 qui
1683 1139 2148 1190 circumcisionem
2197 1144 2254 1190 et
2297 1140 2405 1204 ipsi
2448 1138 2634 1190 obser·-

1543 1208 1727 1259 varint
1749 1214 1804 1258 et
1829 1209 1899 1259 ad
1923 1208 2063 1259 alias
2089 1207 2472 1259 transtulerint
2502 1224 2633 1274 gen-

1544 1283 1654 1338 tes;
1693 1283 1755 1328 ut
1775 1277 1861 1328 vel
1889 1278 2079 1328 Iudaei
2104 1279 2233 1328 inde
2264 1277 2632 1329 circumcisio-

1544 1363 1664 1397 nem
1704 1348 1982 1412 accepisse
2003 1347 2232 1413 putandi
2266 1348 2396 1411 sint,
2432 1347 2631 1411 ipsum-

1542 1431 1648 1482 que
1691 1417 2057 1468 Abrahamum
2106 1433 2173 1467 ex
2216 1418 2468 1482 Aegypto
2514 1431 2634 1465 eam

1541 1487 1867 1550 repetivisse
1903 1501 2073 1550 nuper
2118 1486 2413 1537 contendat
2442 1485 2634 1536 Fried-

1543 1556 1722 1605 reich:
1768 1557 1875 1606 Zur
1909 1556 2086 1606 Bibel.
2131 1556 2212 1607 11.
2264 1572 2320 1621 p.
2367 1555 2437 1605 49
2474 1570 2629 1620 seqq.

1553 1625 1642 1674 101
1683 1640 1836 1691 seqq.
1871 1625 2175 1676 Phoenices
2205 1640 2336 1676 vero
2359 1625 2431 1675 ab
2455 1625 2633 1689 Aegy-

1541 1694 1704 1758 ptiis,
1746 1695 2065 1760 quibuscum
2093 1697 2473 1745 commercium
2503 1709 2633 1758 age-

1543 1764 1705 1826 bant,
1742 1764 1885 1814 hunc
1908 1779 2110 1814 morem
2134 1764 2475 1826 assumsisse,
2510 1778 2633 1827 pro-

1541 1832 1673 1882 bare
1720 1848 1931 1899 quoque
1978 1833 2190 1883 studuit
2232 1834 2471 1883 Hovers:
2525 1832 2631 1881 Die

1539 1902 1801 1952 Phoenix.
1838 1903 1885 1952 1.
1917 1918 2042 1968 pag.
2070 1902 2141 1953 60
2164 1917 2277 1968 seq.
2334 1901 2491 1953 Unde
2520 1917 2631 1951 ma-

1540 1972 1683 2020 xime
1734 1972 1996 2037 probatur
2044 1971 2311 2022 Herodoti
2366 1971 2629 2034 narratio,

1540 2041 1634 2105 qui
1669 2041 1727 2091 in
1752 2057 1816 2091 eo
1847 2041 2030 2106 potius
2067 2039 2151 2105 (ut
2184 2045 2368 2092 monet
2392 2039 2631 2091 Michae-

1536 2109 1607 2159 lis
1646 2108 1683 2160 l.
1733 2109 1771 2161 1.
1818 2127 1943 2177 pag.
1989 2111 2052 2161 17
2091 2110 2230 2175 not.)
2280 2111 2467 2176 lapsus
2507 2124 2629 2160 esse

1537 2178 1820 2243 videatur,
1859 2180 2002 2246 quod
2040 2181 2191 2245 ipsos
2224 2181 2458 2231 Iudaeos
2492 2180 2631 2230 talia

1538 2262 1598 2298 se
1631 2249 1701 2299 ab
1732 2251 2019 2315 Aegyptiis
2056 2250 2333 2315 accepisse
2368 2248 2630 2301 confiten-

1537 2323 1623 2369 tes
1657 2320 1824 2381 facit,
1876 2335 1999 2370 cum
2034 2321 2501 2370 circumcisionem
2539 2318 2627 2368 dei

1539 2389 1695 2439 iussu
1765 2390 2072 2439 institutam
2137 2405 2202 2439 ex
2264 2390 2627 2440 remotissimo

1540 2472 1677 2508 aevo
1740 2462 2069 2522 repeterent.
2158 2458 2243 2509 Ad
2302 2459 2631 2524 Aegyptium

1539 2526 1862 2577 Colchorum
1893 2528 2157 2592 originem
2194 2528 2527 2593 probandam
2560 2542 2631 2577 ne

1537 2595 1643 2645 hoc
1677 2596 1893 2660 quidem
1930 2597 2114 2646 valere
2148 2602 2523 2661 argumentum
2544 2633 2559 2657 ,
2595 2613 2630 2646 a

1539 2665 1951 2715 circumcisione
1979 2667 2232 2727 ductum,
2270 2666 2467 2716 Ritteri
2505 2664 2626 2729 (1.1.

1537 2750 1591 2798 p.
1617 2732 1681 2781 41
1713 2734 1853 2799 seq.)
1890 2738 1976 2784 est
2005 2734 2296 2795 sententia,
2336 2749 2457 2785 cum
2480 2734 2629 2798 apud

1537 2803 1777 2865 Arabes,
1852 2803 2167 2853 Homeritas
2240 2804 2631 2869 Hebraeosque

1537 2871 1666 2922 inde
1725 2873 1795 2922 ab
1855 2872 2164 2924 Abrahamo
2232 2874 2288 2922 in
2351 2873 2629 2923 interioris

1534 2941 1702 2991 Asiae
1725 2944 2037 3008 regionibns
2072 2943 2413 2993 circumcisio
2437 2943 2495 2992 in
2523 2957 2629 2993 usu

1536 3010 1702 3060 fuerit
1741 3018 1796 3062 et
1829 3012 1901 3063 ad
1938 3014 2111 3079 ipsam
2156 3011 2471 3077 religionem
2507 3028 2628 3078 spe-

1536 3081 1720 3132 ctarit.

1606 3140 1792 3214 Σύροι
1831 3144 1892 3199 οἷ
1922 3141 1982 3199 ἐν
2016 3148 2087 3217 τῇ
2126 3148 2497 3216 Παλαιστίνῃ]
2536 3151 2626 3201 In·

1533 3218 1734 3284 telligit
1766 3220 2039 3271 Hebraeos
2085 3220 2203 3270 sive
2254 3219 2475 3269 Iudaeos
2520 3221 2624 3285 (cf.

1532 3285 1862 3339 Billerbeck.
1902 3290 2069 3341 Asiae
2101 3288 2372 3339 Herodot.
2407 3288 2623 3338 difficil.

1533 3372 1660 3422 pag.
1691 3360 1746 3409 4.
1786 3359 1869 3409 12.
1907 3358 2191 3408 Michaelis
2228 3357 2267 3408 1.
2308 3357 2345 3406 l.
2391 3372 2516 3421 pag.
2558 3357 2622 3407 17

1532 3431 1650 3476 not.
1690 3426 1993 3491 Seyffartht
2041 3427 2384 3477 Grundsiitze
2417 3423 2470 3475 d.
2505 3425 2625 3489 My·

1533 3493 1743 3561 tholog.
1780 3503 1887 3547 etc.
1917 3512 1973 3560 p.
1998 3494 2086 3546 33.
2115 3497 2202 3544 72.
2237 3494 2433 3544 Stark:
2470 3493 2625 3543 Gaza

1533 3579 1662 3629 pag.
1689 3566 1757 3615 58
1783 3579 1899 3629 seq.
1923 3564 2065 3629 97.),
2104 3563 2173 3613 de
2209 3563 2403 3627 quibus
2439 3567 2623 3611 tamen

1535 3632 1755 3682 omnino
1811 3633 2155 3707 agcuratiora
2212 3633 2305 3681 vix
2367 3630 2625 3681 habuisse

1527 3702 1746 3751 videtur
1790 3702 2006 3753 Noster.
2082 3701 2248 3750 Oram
2298 3699 2625 3750 maritimam

1531 3771 1864 3822 Phoenicum
1899 3785 2032 3821 sane
2069 3768 2163 3819 ille
2191 3769 2517 3834 cognovisse
2546 3769 2624 3819 vi-

1532 3840 1717 3901 detur;
1771 3842 1828 3889 in
1870 3839 2181 3889 interiorem
2226 3839 2467 3903 regionis
2515 3842 2626 3887 tra-

1533 3914 1681 3959 ctum
1718 3924 1753 3958 a
1787 3907 2008 3958 Iudaeis
2044 3907 2349 3957 habitatum
2380 3908 2473 3958 vix
2505 3922 2627 3972 per·

1531 3978 1752 4027 venisse
1805 3976 1959 4027 illum
2018 3975 2357 4027 crediderim.
2460 3976 2623 4028 Conf.

1535 4061 1677 4112 quae
1709 4046 1859 4096 infra
1894 4046 2134 4095 dicemus
2158 4045 2228 4095 ad
2260 4046 2338 4107 11,
2369 4044 2487 4097 159.
2512 4046 2623 4109 111,

1532 4118 1567 4165 ὃ
1601 4121 1658 4165 et
1683 4115 1796 4165 vid.
1822 4115 2046 4166 Rennel.
2069 4114 2107 4165 l.
2140 4114 2181 4166 l.
2200 4130 2252 4178 p.
2277 4115 2397 4176 488,
2434 4114 2621 4179 Heyse

1533 4186 1761 4246 Quaest.
1783 4183 1990 4236 Herod.
2007 4199 2135 4249 pag.
2150 4183 2218 4233 93
2239 4199 2352 4249 seq.
2377 4189 2432 4233 et
2451 4176 2629 4234 Dahl-'

1533 4269 1714 4304 mann.
1747 4254 1951 4304 Herod.
1990 4269 2044 4318 p.
2083 4256 2171 4304 75.

1606 4314 1811 4386 Σύριοι
1863 4315 1926 4370 δὲ
1964 4316 2025 4370 οἱ
2070 4316 2201 4384 περὶ
2237 4311 2623 4383 Θερμώδοντα

1533 4388 1630 4442 καὶ
1683 4383 2023 4454 Παρθένιον
2074 4382 2352 4454 ποταμὸν]
2412 4389 2619 4439 Intelli-
