3109 5092
370 934 450 994 36

457 343 537 404 82
1326 338 1865 402 HERODOTI

458 513 806 604 τυγχάνεις
845 518 1116 600 ἔκγονος
1167 508 1335 597 ἔων,
1383 515 1493 582 καὶ
1529 509 1869 602 ἐλήλυθας
1911 507 1978 591 ἐς
2010 517 2285 599 φίλους·
2351 516 2525 579 ἔνθα
2564 505 2736 597 ἀμη-

458 618 768 708 χανήσεις
796 615 1123 706 χρήματος
1153 612 1468 701 οὐδενὸς,
1508 620 1736 704 μένων
1767 612 1842 685 ἐν
1872 610 2215 705 ἡμετέρου.
2273 609 2634 702 συμφορὴν
2664 611 2741 680 δε

460 720 712 809 ταύτην
738 715 833 799 ὥς
868 718 1249 807 κουφότατα
1285 721 1551 809 φέρων,
1591 721 1972 809 κερδανέεις
2000 727 2336 788 πλεῖστον.
2397 712 2467 784 ‘0
2496 715 2621 803 μὲν
2658 712 2742 802 δὴ

465 829 730 894 δίαιταν
774 821 909 912 εἶχε
952 819 1028 892 ἐν
1068 829 1389 913 Κροίσου.

605 925 714 996 Ἐν
759 926 835 995 δὲ
890 931 984 1020 τῷ
1039 923 1223 1019 αὐτῷ
1273 924 1493 1019 χρόνῳ
1542 922 1757 1017 τούτῳ
1817 919 1894 993 ἐν
1946 928 2041 1018 τῷ
2067 929 2339 1048 Μυσίῳ
2396 918 2745 1013 Οὐλύμπῳ

464 1024 582 1111 ὑὸς
618 1034 838 1120 χρῆμα
879 1036 1137 1117 γίνεται
1180 1030 1382 1118 μέγα·
1439 1024 1862 1118 ὁρμεαὶμενος
1904 1026 1978 1095 δὲ
2012 1016 2207 1107 οὗτος
2240 1023 2314 1096 ἐκ
2347 1030 2469 1095 τοῦ
2511 1022 2748 1114 οὔρεος

463 1213 519 1261 p.
557 1198 660 1247 472
710 1194 783 1261 (p.
833 1194 935 1246 306
972 1195 1057 1246 ed.
1100 1194 1277 1259 Gal.),
1330 1194 1558 1261 Agatho-

463 1283 600 1329 nem,
639 1267 730 1331 qui
772 1261 903 1327 περὶ
937 1255 1178 1328 ὄρτυγος
1214 1263 1560 1328 φιλονεικῶν

468 1352 502 1385 a
538 1337 707 1385 fratre
742 1334 1062 1383 interfectus
1101 1334 1284 1383 fuerit.

537 1399 685 1454 ἔνθα
717 1394 1103 1467 ἀμηχανήσεις
1135 1395 1424 1486 χρήματος
1462 1394 1561 1452 οὖ-

468 1466 656 1538 δενός]
696 1473 731 1521 i.
770 1488 819 1522 e.
857 1471 927 1521 ibi
961 1474 1143 1521 nullius
1178 1475 1260 1522 rei
1292 1474 1558 1538 indiyebis,

468 1557 607 1607 quae
662 1540 873 1590 scilicet
931 1541 1001 1590 ad
1049 1541 1256 1592 victum
1311 1558 1562 1593 necessa-

469 1613 609 1661 rium
646 1611 902 1675 pertinet.
954 1610 1099 1661 Hinc
1135 1618 1261 1676 apte
1297 1611 1401 1663 boc
1438 1611 1558 1662 loco

470 1696 602 1731 usus
640 1685 748 1742 cst,
789 1685 1044 1730 monente
1068 1681 1184 1744 Cr„
1222 1682 1451 1746 Segnar.
1490 1681 1561 1731 ad

471 1717 849 1831 explicandum
910 1748 1043 1799 illud
1094 1748 1388 1802 Clementis
1437 1752 1561 1801 Alc-

470 1820 751 1870 xandrini:
789 1810 1105 1903 ἀμηχανεῖν
1128 1816 1279 1886 βίου,
1308 1822 1345 1870 i.
1360 1837 1407 1871 e.
1431 1824 1560 1870 victu

472 1905 654 1939 carere
694 1892 1020 1949 necessario;
1057 1889 1171 1941 vid.
1200 1890 1296 1939 ad.
1324 1891 1458 1953 Quis
1484 1890 1561 1939 di-

474 1975 568 2008 ves
606 1957 972 2011 etc.185.

545 2026 735 2109 μένων
754 1974 841 2076 Ρὲν
876 2018 1239 2095 ἡμετέρου]
1287 2027 1466 2094 Vulgo
1503 2018 1565 2077 ἐν

474 2087 798 2161 ἡμετέροις,
834 2097 977 2161 quod
1015 2098 1309 2147 eMediceo
1332 2097 1565 2162 aliisque

476 2181 622 2216 nunc
658 2169 927 2215 mutatum
962 2170 1047 2216 est
1082 2167 1138 2215 in
1175 2157 1234 2215 ἐν
1272 2158 1564 2247 ἡμετέρου,

478 2235 560 2284 uti
587 2234 713 2295 VII,
749 2236 801 2285 8.
841 2238 891 2297 §-
932 2237 991 2285 4:
1030 2228 1100 2284 τὰ
1132 2231 1435 2300 τιμιώτατα
1469 2249 1563 2282 νο-

479 2301 692 2369 μίζεται
727 2295 795 2353 ἐν
840 2299 1196 2368 ἡμετέρου,
1244 2304 1337 2353 ubi
1384 2310 1568 2354 tamen

480 2370 668 2422 itidem
705 2372 831 2422 libri
876 2373 1113 2423 variant.
1185 2373 1328 2422 Hinc
1363 2374 1567 2423 Coracs

482 2441 553 2492 ad
571 2441 1066 2492 HeliodoriAethio
1106 2457 1161 2507 p.
1176 2442 1281 2522 VI,
1317 2444 1369 2492 2.
1391 2458 1446 2506 p.
1467 2441 1570 2493 109

482 2527 598 2576 seq.
646 2511 810 2561 scribi
853 2512 1006 2563 iubet
1082 2527 1114 2560 ν
1161 2503 1440 2579 ἡμετέρῳ,
1499 2526 1569 2559 ne

481 2581 694 2631 scilicet
713 2580 911 2645 duplex
936 2580 1142 2645 ellipsis
1169 2580 1243 2630 sit
1276 2548 1571 2631 stat'uenda

483 2643 544 2700 lv
578 2641 853 2715 ἡμετέρου
902 2648 1069 2700 οἴκου
1117 2646 1278 2717 οἴκῳ.
1355 2650 1463 2701 Sed
1500 2650 1570 2699 si-

484 2719 608 2770 mile
657 2719 911 2784 quiddam
961 2736 1027 2771 ex
1059 2721 1350 2770 Homerico
1386 2721 1570 2799 hymn.

484 2790 541 2839 in
575 2789 810 2839 Mercur.
850 2789 977 2841 370.
1024 2776 1208 2853 ἦλθεν
1244 2782 1300 2846 ἐς
1338 2779 1574 2854 ἡμετέ-

488 2871 610 2920 ρου
648 2850 943 2921 διζήμενος
975 2852 1268 2916 εἰλίποδας
1297 2856 1479 2925 βοῦς·
1466 2874 1575 2908 1am

486 2927 694 2991 priores
730 2927 1052 2991 interpretes
1090 2926 1406 2978 attulerunt.
1456 2928 1576 2978 Mu-

488 2996 630 3043 tavit
667 2996 962 3045 Bai-nesius
1009 2989 1063 3052 ἐς
1106 2987 1407 3060 ἡμέτερον,
1455 3013 1575 3061 pro-

487 3064 655 3113 bante
688 3063 900 3129 Ilgenio
934 3064 991 3113 in
1017 3065 1343 3116 Animadvv.
1369 3081 1422 3130 p.
1453 3064 1577 3117 413.

492 3133 611 3214 Quo
667 3134 880 3184 cautius
936 3133 991 3183 in
1046 3138 1197 3183 textu
1251 3134 1469 3199 reliquit
1523 3126 1580 3191 ἐς

488 3193 765 3265 ἡμετέρου
801 3203 1069 3252 Matthiae
1115 3203 1184 3252 ad
1221 3209 1465 3253 nostrum
1500 3203 1579 3253 lo-

491 3285 613 3321 cum
630 3271 947 3334 respiciens.
970 3271 1126 3336 Apud
1139 3273 1359 3322 Homer.
1374 3272 1577 3337 odyss.

489 3339 778 3419 V11,301
851 3340 1015 3406 vulgo
1072 3342 1277 3391 editum
1332 3341 1579 3405 legimus,

488 3397 626 3476 ἦγεν
675 3401 730 3467 ἐς
787 3400 1158 3474 ἡμέτερον,
1231 3410 1377 3476 quod
1439 3410 1583 3460 idem

491 3478 718 3544 praebet
752 3479 922 3530 codex
956 3479 1311 3541 Harleianus;
1351 3481 1408 3530 in
1444 3497 1583 3531 mar-

492 3551 620 3631 gine
655 3555 837 3599 tamen
854 3550 1206 3630 adscriptum
1242 3555 1351 3600 est:
1402 3538 1585 3607 οὕτως

493 3633 569 3747 ἕρ,
533 3616 793 3684 μετέρου·
839 3610 1068 3669 ἆττικόν
1099 3612 1162 3669 δὲ
1198 3611 1261 3669 τὸ
1285 3617 1469 3686 σχῆμα
1506 3609 1585 3676 ὦς

584 3680 949 3737 διδασκάλου.
1023 3690 1102 3739 Ac
1137 3695 1321 3741 tuetur
1353 3689 1482 3752 hoc,
1521 3692 1584 3738 ut

493 3757 863 3807 Herodoteum
888 3748 943 3814 ἔς
976 3748 1266 3822 ἡμετέρου,
1299 3759 1583 3809 Bekkerus

492 3826 549 3876 in
584 3825 1582 3890 Ephemeridd.Ienenss.1809.nr.

496 3894 616 3945 247.
659 3911 711 3959 p.
740 3894 857 3955 159,
896 3896 1075 3944 causis
1112 3896 1276 3946 altius
1314 3898 1581 3961 repetitis,

498 3963 892 4028 ccognatione
943 3965 1171 4027 genitivi
1215 3965 1582 4028 personalium

533 4033 870 4087 ronominum
891 4035 945 4081 et
969 4034 1421 4115 possessivorum,
1446 4051 1585 4115 quac

500 4101 628 4152 inde
664 4101 901 4151 deducta
933 4106 1091 4163 sunt3
1127 4106 1190 4151 ut
1227 4091 1338 4159 ssc‘
1310 4103 1584 4168 ἡμετέρου

502 4170 691 4223 eodem
730 4171 841 4221 fere
881 4171 1039 4221 modo
1075 4188 1141 4221 ac
1176 4187 1340 4221 sensu
1379 4172 1584 4222 dictum

502 4242 603 4301 sit,
661 4256 765 4306 quo
815 4230 932 4298 ἐς
906 4238 1091 4304 ημῶν,
1139 4240 1249 4291 alia
1298 4241 1354 4290 id
1391 4256 1584 4306 genua.

503 4310 610 4361 Sed
633 4309 759 4360 vide
783 4325 997 4376 quoque
1020 4326 1102 4371 ea,
1127 4325 1265 4375 quae
1288 4311 1359 4361 ad
1380 4311 1582 4377 Odyss.

500 4380 576 4442 11,
615 4380 700 4431 55.
751 4379 1007 4430 disseruit
1041 4379 1287 4431 Nitzsch.
1332 4395 1460 4447 pag.
1497 4382 1583 4446 75,

1661 1198 1716 1243 et
1751 1209 1890 1259 qnae
1921 1195 1988 1245 dc
2022 1194 2126 1245 hoc
2155 1195 2342 1246 eodem
2373 1192 2597 1243 Homeri
2627 1189 2750 1239 loco

1663 1269 1718 1313 et
1762 1265 1958 1314 ceteris
2006 1280 2178 1330 nuper
2234 1264 2493 1315 disseruit
2535 1263 2752 1326 Kayser

1662 1334 1718 1383 in
1763 1334 2159 1386 Schneidewin.
2209 1334 2477 1397 Philolog.
2537 1332 2635 1381 lx.
2691 1345 2746 1395 p.

1661 1403 1784 1455 310.
1822 1430 1893 1438 -
1939 1404 2024 1454 Ad
2064 1405 2291 1453 formam
2339 1402 2508 1453 futuri
2549 1396 2750 1463 κερδα-

1664 1468 1809 1529 νέεις
1853 1475 2001 1525 conf.
2058 1473 2260 1524 similia
2314 1472 2459 1538 apud
2511 1470 2750 1521 Bredov.

1664 1559 1717 1608 p
1735 1601 2038 1691 συμφορὴν
2074 1604 2137 1659 δε
2172 1602 2388 1674 ταύτην
2424 1600 2501 1667 ὡς
2535 1600 2752 1673 κουφό-

1662 1696 1803 1730 τατα
1846 1675 2056 1745 φέρων]
2105 1680 2143 1729 i.
2193 1681 2559 1739 e.1evissime,
2609 1694 2756 1744 quam

1663 1752 1920 1800 moderate
1967 1750 2186 1813 serendo
2230 1750 2361 1799 hanc
2403 1751 2753 1800 calamitatem.

1664 1820 1973 1885 Adscripsit
2031 1820 2128 1869 Cr.
2187 1818 2452 1871 Valcken.
2515 1818 2755 1869 Diatrib.

1668 1889 1918 1955 Euripid.
1956 1904 2009 1952 p.
2052 1888 2170 1940 113.

2003 2060 2136 2111 CAP.
2171 2061 2421 2111 XXXVI.

1738 2155 1798 2213 ἐν
1843 2159 1924 2230 τῷ
1971 2161 2183 2231 Μυσίῳ
2232 2153 2548 2229 Οὐλύμπῳ]
2598 2162 2756 2213 Conf.

1668 2232 1874 2284 Herod.
1916 2233 2050 2295 VII,
2090 2234 2174 2282 74.
2250 2232 2513 2298 Οἱγιιιρυ
2546 2233 2759 2297 Mysiae

1671 2319 1822 2353 mons
1861 2302 2028 2366 probe
2064 2302 2132 2351 ab
2160 2302 2282 2352 aliis
2312 2302 2604 2363 montibUS,
2644 2302 2761 2367 qui-

1669 2372 1772 2421 bus
1796 2372 1939 2420 idem
1965 2386 2178 2433 nomen,
2207 2371 2616 2422 discernendus.
2657 2374 2761 2421 Est

1670 2457 1799 2490 vcro
1844 2440 1935 2489 ille
1971 2456 2163 2503 mons,
2214 2441 2307 2507 qui
2351 2456 2385 2490 a
2422 2440 2649 2490 meridie
2679 2456 2762 2489 se-

1673 2509 2036 2575 ptentrionem
2092 2524 2283 2559 versus
2340 2509 2410 2560 ad
2448 2509 2762 2574 Bithyniam

1672 2594 1844 2645 usque
1898 2579 2160 2644 pertinet,
2231 2580 2520 2629 maximam
2581 2585 2764 2628 tamen

1673 2653 1883 2714 partem
1928 2648 1998 2697 ad
2047 2649 2308 2714 Mysiam,
2365 2648 2507 2698 unde
2564 2664 2766 2713 cogno-

1675 2734 1798 2768 men
1846 2719 2031 2769 traxit.
2107 2719 2243 2768 Inde
2293 2735 2404 2768 non
2447 2720 2640 2768 mirum
2675 2718 2765 2767 Bi-

1677 2788 1902 2852 thyniae
1952 2792 2131 2838 terrae
2187 2789 2331 2838 hunc
2388 2792 2626 2838 montem
2673 2787 2765 2837 ad-

1679 2857 1873 2921 scribi,
1959 2859 2280 2923 praesertim
2350 2874 2471 2908 cnm
2541 2858 2764 2922 antiqno

1679 2943 1814 2977 aevo
1880 2927 2088 2992 Mysia,
2167 2943 2305 2993 quae
2363 2927 2588 2977 Homeri
2663 2931 2765 2987 est,

1678 2996 1992 3060 Bithyniam
2055 3010 2248 3047 versus
2313 2996 2479 3048 latins
2532 3001 2765 3061 pateret.

1684 3066 1789 3125 Qui
1836 3066 1975 3115 idem
2023 3066 2254 3131 denique
2300 3082 2455 3119 mons
2505 3066 2768 3131 Olympus

1685 3135 1880 3198 Lydius
1925 3149 2138 3201 quoque
2196 3137 2533 3199 nominatur,
2588 3137 2769 3185 minus

1681 3209 1940 3253 accurata
1976 3205 2184 3254 scilicet
2218 3205 2403 3255 finium
2430 3206 2771 3256 uniuscuius-

1682 3288 1786 3337 que
1833 3278 2010 3322 terrae
2052 3273 2416 3339 descriptione
2454 3276 2604 3325 facta
2648 3290 2769 3324 sae-

1680 3357 1855 3407 peque
1892 3357 1989 3406 pro
2034 3348 2336 3408 temporum
2375 3345 2588 3395 ratione
2624 3360 2770 3395 com-

1680 3415 1912 3460 mutata.
1988 3411 2145 3463 Conf.
2187 3414 2383 3464 Strabo
2412 3414 2540 3465 XII.
2566 3430 2620 3479 p.
2644 3414 2769 3466 857.

1682 3480 1871 3530 Monet
1924 3482 2022 3531 Cr.
2070 3483 2126 3531 in
2171 3483 2445 3549 Fragmm.
2490 3484 2770 3534 historice.

1682 3565 1735 3632 p.
1763 3550 1864 3601 175
1886 3566 2002 3616 seq.
2025 3551 2143 3613 177,
2169 3567 2312 3602 nunc
2336 3553 2543 3603 addens
2566 3552 2772 3604 Sestini

1685 3620 1743 3668 in
1791 3620 2056 3685 „Voyage
2116 3621 2251 3671 dans
2299 3621 2354 3671 la
2397 3621 2568 3672 Grece
2615 3622 2773 3673 Asia-

1647 3740 1650 3743 .
1684 3689 1873 3753 tique“
1898 3689 2148 3753 (Parisiis
2171 3689 2325 3756 1789)
2358 3691 2533 3742 Lettr.
2561 3692 2769 3742 XVIII.

1683 3773 1737 3823 p.
1791 3758 1887 3808 143
1924 3774 2076 3824 seqq.
2122 3759 2378 3825 graphice
2424 3761 2566 3810 hunc
2619 3776 2772 3811 mon-

1683 3831 1793 3877 tem
1847 3828 2261 3880 describentem.
2346 3829 2432 3878 Tu
2479 3829 2594 3880 vid.
2641 3831 2774 3879 For-

1683 3897 1854 3962 biger.
1906 3898 2125 3949 Handb.
2181 3897 2233 3947 d.
2285 3896 2381 3950 alt.
2445 3899 2645 3963 Geogr.
2694 3900 2772 3949 H.

1684 3981 1741 4031 p.
1780 3967 1902 4029 113,
1949 3969 2040 4033 qui
2077 3972 2323 4018 veterum
2360 3967 2508 4019 locos
2557 3970 2624 4019 de
2671 3969 2778 4019 hoc

1687 4042 1897 4099 monte,
1946 4038 2032 4087 cui
2074 4053 2220 4088 nunc
2265 4053 2461 4088 nomen
2511 4036 2781 4103 Tumamiji

1686 4119 1732 4154 s.
1769 4106 2269 4184 Tumandscludaqlz,
2306 4109 2641 4174 suppeditat.

1755 4163 1861 4232 ὑὸς
1918 4173 2105 4241 χρῆμα
2163 4175 2378 4241 γίνεται
2431 4175 2591 4244 μέγα]
2652 4179 2690 4229 i.
2727 4195 2778 4230 e.

1688 4260 1856 4307 „aper
1887 4246 2100 4311 inqentis
2121 4248 2495 4312 magnitudini&
2503 4250 2537 4274 “
2573 4252 2636 4297 ut
2662 4263 2780 4297 ver·

1688 4278 1758 4363 ’tit
1793 4314 2144 4380 Hoogeveen.
2193 4316 2264 4366 ad
2307 4317 2493 4381 Viget.
2532 4315 2599 4366 de
2632 4315 2779 4367 Idio-

1687 4382 1833 4435 tism.
1870 4399 1924 4447 p.
1967 4384 2099 4448 157,
2147 4384 2243 4435 ubi
2275 4385 2388 4437 vid.
2425 4384 2686 4435 Zeunium
2723 4391 2780 4437 et
