3109 5092
411 334 531 393 444

1275 329 1816 426 HERODQTI

409 512 705 576 σταδίων
721 527 735 540 ·
770 501 955 595 ἡμὲν
980 504 1108 594 γὰρ
1126 509 1191 585 ἐς
1205 514 1431 575 Πῖσαν
1445 506 1510 586 ἐξ
1531 501 1878 592 Ἀθηνέων
1899 509 2180 572 καταδεῖ
2202 511 2688 574 πεντεκαίδεκα

410 614 735 693 σταδίων,
770 604 860 690 ὧς
889 607 979 698 μὴ
1018 609 1190 679 εἶναι
1221 614 1683 678 πεντακοσίων
1719 609 1830 675 καὶ
1865 614 2130 694 χιλίων·
2186 603 2227 696 ἡ
2260 608 2333 677 δὲ
2371 612 2436 688 ἐς
2457 605 2689 678 Ἡλίου

356 712 609 790 8πόλιν
647 710 778 780 ἀπὸ
821 712 1166 801 θαλάσσης
1207 722 1453 800 πληροῖ
1494 708 1559 791 ἐς
1599 710 1715 781 τὸν
1757 708 2056 800 ἀριθμὸν
2091 717 2350 780 τοῦτον.
2407 710 2567 780 Ἀπὸ
2616 712 2690 780 δὲ

399 812 633 885 Ἡλίου
671 816 898 897 πόλιος
925 815 1068 885 ἅνω
1101 815 1270 886 ἰόντι
1302 814 1529 904 στεινή
1561 818 1697 883 ἐστι
1732 825 2098 901 Αἴγυπτος.
2157 819 2236 900 τῇ
2268 814 2393 901 μὲν
2420 814 2550 903 γὰρ
2576 820 2691 903 τῆς

403 918 713 1009 Ἀραβίης
740 913 939 1010 οὖρος
966 922 1432 1007 παρατέταται,
1451 921 1665 1006 φέρον
1682 915 1798 986 ἀπ’
1822 916 2072 1005 ἄρκτου
2096 915 2260 1006 πρὸς
2279 925 2693 1006 μεσαμβρίης

337 1011 348 1020 ’
409 1051 480 1092 τε
501 1025 613 1091 καὶ
627 1022 851 1108 νότου,
870 1025 1000 1092 αἰεὶ
1018 1020 1158 1092 ἅνω
1176 1040 1401 1092 τεῖνον
1419 1025 1485 1100 ἐς
1496 1019 1620 1109 τὴν
1635 1018 1973 1109 Ἐρυθρὴν
1994 1024 2408 1109 καλεομένην
2429 1020 2687 1091 θάλασ-

411 1148 561 1210 σαν,
592 1128 666 1194 έν
699 1133 794 1219 τῷ
822 1132 897 1195 αἱ
920 1135 1304 1214 λιθοτομίαι
1345 1131 1575 1210 ἔνεισι,
1607 1129 1682 1192 αἰ
1705 1126 1771 1203 ἐς
1797 1121 1913 1203 τὰς
1943 1130 2326 1212 πυραμίδας
2355 1151 2689 1212 κατατμη-

410 1326 583 1388 lusi0,
639 1327 811 1376 totius
857 1343 986 1377 orae
1025 1328 1330 1378 maritimae
1376 1326 1499 1377 loco

412 1397 643 1446 maxime
687 1397 890 1461 insigni
939 1401 993 1446 et
1047 1398 1320 1463 frequenti
1373 1404 1501 1446 ante

413 1465 797 1520 Alexandriam
850 1467 1150 1530 conditam,
1206 1483 1326 1516 cum
1372 1467 1501 1516 scri-

414 1536 589 1585 beret:
628 1527 761 1584 ἆπὸ
800 1506 1158 1600 θαλάσσης
1190 1552 1308 1586 ανω
1335 1527 1500 1584 ἰόντι.

793 1708 925 1760 Cu.
961 1709 1123 1759 VIII.

484 1806 554 1877 τῇ
599 1803 703 1873 μὲν
761 1804 866 1876 γὰρ
928 1811 1030 1876 τῆς
1095 1802 1351 1876 Ἀραβιής
1407 1793 1504 1856 οὗ·

418 1895 517 1944 ρος
547 1877 954 1961 παρατέταται]
983 1883 1128 1945 Resp
1133 1881 1335 1931 ondent
1353 1878 1504 1927 hisce

417 1950 610 2000 verba:
647 1941 711 1997 τὸ
751 1945 812 2000 δὲ
851 1944 996 2031 πρὸς
1033 1898 1248 2016 Λιβύης
1284 1945 1384 2012 τῆς
1412 1941 1505 1996 Αί-

419 2010 668 2083 γύπτου,
710 2007 884 2081 οὖρος
922 2011 1055 2068 ἄλλο
1093 2017 1363 2082 πέτρινον
1398 2014 1507 2065 τεί-

421 2102 529 2148 νει,
580 2088 659 2135 ita
702 2093 764 2137 ut
799 2089 1024 2153 primum
1070 2094 1281 2138 montes
1332 2087 1507 2136 orien-

420 2163 528 2206 tem
577 2172 766 2205 versus
814 2159 942 2208 inde
990 2158 1058 2207 ab
1095 2157 1300 2208 Arabia
1334 2157 1509 2220 Aegy-

418 2230 573 2291 ptum
610 2226 890 2289 cingentes
929 2228 1335 2288 describantur,
1385 2224 1509 2274 dein

423 2295 632 2358 Libyae
667 2300 906 2357 montes,
957 2297 1047 2362 qui
1080 2298 1385 2360 Aegyptum
1424 2309 1510 2343 oc·

424 2364 692 2414 cidentem
741 2380 932 2414 versus
991 2381 1024 2415 a
1080 2366 1290 2430 reliqua
1335 2364 1512 2428 Libya

422 2437 731 2484 secernunt.
787 2434 1019 2485 Arabiae
1043 2450 1196 2494 mons,
1227 2449 1384 2498 quem
1419 2449 1512 2481 vo-

423 2507 515 2553 eat
546 2503 880 2567 Herodotus,
918 2520 1026 2554 non
1062 2504 1205 2554 alius
1242 2509 1326 2553 est
1347 2508 1512 2567 atque

420 2575 487 2635 is,
525 2574 616 2638 qui
642 2588 786 2625 nunc
817 2572 1122 2639 appellatur
1147 2575 1332 2636 Djebel
1359 2571 1511 2621 Mok-

423 2643 610 2704 Iratam,
629 2643 695 2692 de
711 2660 816 2709 quo
840 2650 1097 2694 accurate
1117 2645 1364 2709 disputat
1377 2644 1514 2692 Rus·

425 2728 644 2790 segg-er:
674 2714 873 2764 Reisen
896 2718 1000 2763 etc.
1023 2714 1068 2775 Ι,
1089 2717 1137 2765 1.
1162 2730 1216 2778 p.
1236 2713 1338 2763 264
1361 2727 1513 2776 seqq.

426 2813 498 2822 —-
535 2769 710 2862 οὖρος
747 2783 870 2832 dedi
907 2788 968 2832 ut
1005 2784 1082 2846 ῙΙ,
1114 2785 1166 2834 6.
1206 2784 1292 2833 12.
1453 2795 1466 2812 ⁹

496 2841 670 2900 αἰεὶ”
634 2866 753 2899 ανω
788 2855 980 2901 τεῖνον
1006 2823 1082 2909 ἐς
1085 2845 1192 2915 τὴν
1217 2839 1517 2913 Ἐρυθρὴν

429 2938 479 2969 κ.
528 2934 574 2967 τ.
624 2917 695 2983 λ.]
762 2922 799 2970 i.
850 2937 896 2969 e.
950 2937 1146 2984 semper
1195 2937 1391 2971 sursum
1440 2917 1517 2982 (in

429 2985 625 3050 altius)
651 2990 860 3039 tendens
882 3004 1038 3069 usque
1062 2991 1134 3038 ad
1153 2991 1353 3039 rubrum
1386 2987 1521 3054 quod

431 3059 615 3108 dicitur
649 3073 820 3116 meere5
854 3057 948 3106 ubi
982 3073 1101 3106 ανω
1137 3059 1322 3108 latiori
1353 3072 1517 3108 sensu

431 3125 807 3205 accipiendum
838 3141 946 3175 non
982 3127 1141 3176 aliter
1166 3132 1331 3192 atque
1352 3125 1517 3206 paulo

432 3201 561 3247 ante
599 3184 767 3274 (ανω
805 3187 987 3273 ἰόντι)
1023 3200 1078 3245 et
1099 3197 1175 3260 11,
1205 3198 1303 3246 155
1342 3187 1517 3260 (ἀνα-

432 3262 662 3316 πλέοντι
709 3254 824 3312 α’πὸ
874 3235 1175 3328 θαλάσσης
1212 3256 1354 3331 ἄνω)
1394 3264 1518 3315 coll.

433 3335 478 3397 1,
517 3335 602 3383 72.
644 3333 762 3383 130.
803 3334 897 3397 IV,
936 3333 1031 3396 18,
1071 3335 1140 3384 de
1173 3339 1386 3396 monte,
1426 3333 1521 3398 qui

433 3421 467 3455 a
500 3403 869 3466 septentrione
914 3405 1189 3454 meridiem
1223 3420 1415 3455 versus
1450 3401 1522 3453 ad

432 3470 735 3538 superiores
774 3472 1014 3537 Aegypti
1046 3478 1257 3524 tractus
1293 3473 1523 3539 porrigi-

433 3549 541 3593 tur.
589 3542 703 3590 Nos
730 3542 870 3591 fere:
900 3544 1287 3603 lundeinwci'rts;
1325 3544 1397 3593 cf.
1421 3544 1524 3592 Bo-

432 3612 555 3664 brik
595 3628 649 3675 p.
695 3611 813 3661 190.
896 3611 1117 3662 Rubrum
1163 3628 1329 3666 mare.
1379 3611 1524 3676 quod

432 3681 618 3732 latiori
640 3696 802 3731 sensu
830 3680 896 3730 de
915 3680 1088 3732 Indico
1110 3685 1241 3732 mari
1264 3697 1309 3732 s.
1325 3681 1525 3731 Oceano

438 3752 547 3803 dici
585 3765 751 3814 supra
783 3749 876 3814 (ad
900 3750 950 3812 Ι,
991 3752 1016 3802 l
1046 3751 1168 3801 coll.
1195 3751 1284 3813 11,
1328 3751 1414 3813 11)
1451 3749 1528 3797 vi-

442 3823 647 3881 dimuS,
690 3819 744 3869 h.
778 3819 814 3870 l.
851 3819 1012 3870 huius
1050 3822 1213 3870 maris
1253 3836 1368 3870 eam
1408 3834 1527 3882 par·

439 3895 568 3949 tem,
606 3889 694 3938 cui
719 3904 864 3939 nunc
886 3889 1105 3941 Arabici
1135 3891 1286 3939 sinus
1311 3903 1526 3948 nomen,

441 3957 747 4020 declarare,
784 3963 1111 4008 monuerunt
1143 3959 1392 4022 Breiger:
1441 3957 1527 4006 De

441 4026 765 4093 quibusdam
813 4026 1022 4077 difficil.
1072 4029 1270 4092 Geogr.
1320 4024 1528 4077 Herod.

440 4112 567 4162 pag.
617 4095 701 4144 ll.
741 4097 804 4144 14
841 4101 894 4143 et
931 4097 1115 4160 Heyse
1163 4098 1388 4159 Quaest.
1422 4095 1531 4144 He-

439 4164 595 4216 rodd.
660 4179 715 4227 p.
772 4163 891 4212 103.
1000 4166 1324 4215 Aceuratius
1388 4165 1531 4214 inter

441 4239 728 4296 utrumque
747 4232 1140 4316 distinguitur
1125 4251 1183 4284 m
1205 4234 1425 4284 serioris
1444 4248 1533 4282 ae·

442 4304 574 4356 tatis
611 4302 996 4365 inscriptione,
1042 4303 1099 4351 in
1136 4319 1244 4383 qua
1279 4303 1531 4353 Callima·

442 4377 574 4431 chus
601 4373 950 4453 praedicatur
975 4365 1283 4439 στρατηγὸς
1305 4370 1405 4438 τῆς
1425 4364 1471 4421 I
1473 4387 1531 4420 ν

1604 1323 1771 1390 δικῆς
1805 1319 1900 1373 καὶ
1930 1316 2217 1388 Ἐρυθρᾶς
2248 1316 2560 1389 θαλάσσης,
2600 1325 2697 1374 ubi

1605 1397 1823 1445 rubrum
1875 1410 2024 1443 mare
2074 1393 2139 1443 de
2188 1394 2308 1444 sinu
2346 1395 2579 1445 Arabico
2617 1396 2695 1443 in·

1603 1463 1957 1529 telligendum
2003 1479 2123 1513 esse
2169 1479 2326 1513 nemo
2374 1479 2482 1514 non
2518 1464 2691 1524 videt3

1607 1536 1752 1584 conf.
1813 1534 2119 1583 Letronne:
2184 1533 2416 1583 Journal
2463 1534 2513 1585 d.
2564 1533 2694 1584 Sav.

1609 1603 1762 1654 1842.
1803 1619 1929 1668 pag.
1962 1603 2085 1652 664.
2656 1640 2661 1645 .

1678 1665 1737 1720 ἐν
1772 1670 1851 1755 τῷ
1887 1665 1952 1721 αἱ
1982 1669 2314 1734 λιθοτομίαι
2352 1665 2521 1720 ἔνεισι
2559 1687 2607 1720 κ.
2648 1688 2694 1719 τ

1606 1739 1681 1805 L]
1736 1734 1810 1789 αἱ
1842 1757 1940 1805 pro
1977 1735 2096 1789 και
2144 1756 2265 1790 cum
2302 1746 2531 1791 reeentt.
2570 1742 2693 1791 edd.

1609 1811 1924 1875 scripsimus
1949 1799 2208 1860 librcfrum
2235 1811 2583 1860 auctoritate.
2618 1811 2699 1860 De

1609 1880 1894 1943 lapicidinis
1933 1880 2078 1929 conf.
2119 1879 2208 1941 ΙΙ,
2252 1880 2349 1929 124
2386 1881 2517 1944 ibiq.
2559 1885 2698 1930 nott.

1612 1955 1667 2000 et
1704 1949 1781 2010 11,
1822 1947 1942 1999 158.
2016 1950 2118 1998 Est
2153 1950 2401 1999 nimirum
2439 1950 2701 1999 montium

1610 2024 1819 2068 tractus
1866 2034 1932 2067 ex
1967 2017 2197 2068 adverso
2242 2018 2393 2068 urbis
2442 2019 2703 2082 Memphi-

1613 2089 1696 2138 dis
1734 2089 1790 2137 in
1826 2087 2078 2136 orientali
2115 2088 2235 2152 ripa
2257 2087 2369 2138 Nili
2406 2104 2704 2152 exsurgens

1613 2163 1727 2207 tum
1764 2157 2026 2207 orientem
2072 2172 2260 2206 versus
2310 2173 2481 2222 usque
2519 2158 2589 2207 ad
2637 2158 2707 2207 si-

1613 2243 1739 2276 num
1761 2226 2082 2287 Arabicum,
2120 2231 2234 2275 tum
2275 2226 2551 2276 meridiem
2585 2244 2705 2277 ver-

1615 2311 1707 2346 sus
1744 2295 1855 2346 Nili
1892 2296 2040 2360 ripas
2064 2295 2252 2360 legens
2278 2297 2348 2345 ad
2374 2297 2705 2360 superiorem

1614 2381 1787 2430 usque
1809 2368 2119 2428 Aegyptum
2136 2402 2149 2426 ,
2184 2365 2281 2414 ubi
2307 2370 2435 2415 sunt
2460 2366 2708 2430 inprimis

1613 2451 1781 2499 prope
1828 2435 2042 2498 Syenen
2088 2438 2330 2496 montes,
2380 2435 2525 2486 unde
2572 2435 2706 2500 lapi-

1617 2505 1711 2554 des
1748 2504 1817 2553 ad
1864 2504 2099 2552 maxima
2134 2504 2525 2569 Aegyptiorum
2563 2505 2711 2555 aedi-

1615 2574 1767 2636 ficia,
1806 2572 2036 2636 templa,
2075 2573 2374 2636 obeliscos,
2404 2573 2512 2623 alia
2540 2573 2594 2623 id
2620 2591 2711 2639 ge·

1616 2660 1747 2704 nne,
1805 2658 1925 2692 esse
1972 2657 2163 2692 caesos
2210 2643 2447 2708 vestigia
2486 2642 2712 2692 indubia

1614 2712 1883 2776 hodieque
1917 2716 2364 2762 commonstrant.
2441 2713 2583 2775 Quin
2606 2714 2713 2766 Ro-

1619 2797 1898 2831 manorum
1933 2786 2119 2830 aetate
2168 2781 2346 2831 adhuc
2379 2780 2713 2846 lapicidinae

1617 2851 1745 2901 illae
1794 2850 2074 2900 adhibitae
2121 2855 2275 2913 sunt,
2323 2851 2468 2915 quod
2513 2850 2713 2901 docent

1619 2920 2003 2984 inscriptiones
2037 2935 2071 2969 a
2092 2920 2389 2969 Letronnio
2414 2936 2584 2984 nuper
2617 2936 2711 2985 pu-

1618 2990 1858 3040 blicatae
1884 2993 1939 3038 et
1968 2988 2275 3038 illustratae
2300 2989 2355 3037 in
2375 2989 2710 3040 Recherches

1620 3064 1727 3110 etc.
1765 3073 1894 3122 pag.
1924 3057 2043 3108 360.
2079 3057 2180 3109 366
2219 3074 2331 3122 seq.
2404 3060 2487 3110 Cr.
2521 3060 2587 3109 de
2622 3059 2710 3108 his

1617 3128 1933 3191 lapicidinis
1979 3126 2189 3176 consuli
2249 3127 2369 3176 vult
2410 3127 2580 3177 Feam
2642 3129 2713 3177 ad

1621 3195 2063 3246 Winekelmanni
2086 3196 2296 3246 Hister.
2320 3197 2436 3246 Art.
2460 3197 2504 3247 1.
2545 3196 2709 3262 (Opp.

1623 3271 1756 3316 tom.
1785 3265 1919 3330 ΙΙΙ.)
1959 3280 2084 3330 pag.
2112 3264 2214 3315 365
2247 3281 2362 3329 seq.
2403 3265 2489 3317 ed.
2515 3268 2710 3316 Dresd.

1626 3341 1681 3385 et
1739 3335 2033 3399 praecipue
2093 3334 2280 3385 Gallos
2343 3334 2563 3398 doctos,
2628 3337 2715 3387 Io-

1624 3404 1828 3464 mard.,
1866 3401 2123 3464 Roziere,
2161 3403 2480 3454 Desvilliers
2520 3406 2573 3453 in
2608 3405 2716 3455 De—

1627 3474 1815 3538 script.
1855 3471 1922 3521 de
1953 3472 2195 3537 l'Egypt.
2234 3473 2458 3538 Antiqq.
2480 3474 2526 3524 1.
2557 3475 2714 3540 chap.

1626 3546 1679 3593 4.
1719 3560 1772 3607 p.
1817 3541 1878 3592 13
1917 3557 2071 3605 seqq.
2111 3548 2165 3592 et
2202 3542 2357 3604 chap.
2396 3544 2447 3592 2.
2488 3558 2614 3608 pag.
2650 3545 2716 3594 10

1628 3627 1781 3677 seqq.
1828 3611 1912 3660 Tu
1940 3610 2065 3659 add.
2088 3611 2331 3675 inprimis
2356 3612 2531 3661 Ritter
2549 3630 2561 3660 ι
2582 3612 2717 3662 Erd-

1627 3680 1811 3730 kunde
1841 3680 1887 3729 Ι.
1912 3696 1968 3743 p.
1996 3678 2098 3730 696
2125 3696 2277 3745 seqq.
2318 3681 2529 3730 Ternas
2556 3680 2717 3731 huius

1630 3750 1829 3799 montis
1876 3752 2062 3813 partes
2116 3748 2209 3798 ille
2260 3747 2525 3814 distingui
2582 3750 2718 3812 vult,

1628 3818 1862 3883 priorem
1909 3817 2186 3867 meridiem
2233 3833 2426 3868 versus
2482 3820 2717 3868 omnium

1630 3888 1861 3937 maxime
1909 3887 2096 3948 sitam,
2150 3902 2184 3936 a
2213 3886 2385 3936 Philis
2425 3886 2605 3938 insula
2635 3903 2723 3937 us-

1632 3972 1737 4021 que
1774 3956 1844 4006 ad
1877 3956 2121 4020 Syenen,
2168 3955 2311 4006 unde
2360 3957 2563 4020 optime
2607 3958 2725 4022 qui·

1632 4041 1739 4091 que
1804 4025 2128 4089 proveniant
2187 4024 2396 4088 lapides
2463 4025 2726 4091 (Syenitas

1634 4095 1798 4159 vulgo
1838 4091 2431 4160 appellant—Granio
2468 4096 2540 4145 ad
2577 4096 2725 4145 colu-

1634 4179 1818 4226 mnas,
1857 4161 2129 4225 colossoS‚
2165 4162 2462 4226 obeliscos,
2508 4168 2724 4214 statuas

1635 4234 1862 4297 ipsaque
1913 4232 2115 4296 templa
2167 4233 2381 4296 integra
2433 4234 2724 4298 aptissimi.

1635 4303 1720 4352 De
1793 4302 1898 4351 hoc
1962 4301 2145 4367 lapide
2198 4302 2425 4365 Syenita
2484 4303 2727 4368 Aegypti

1638 4371 1799 4424 rubro
1846 4372 2255 4424 accuratissime
2300 4373 2574 4439 quaesivit
2616 4374 2728 4426 De-
