3109 5092
1213 392 1466 455 CLIO.
1511 395 1564 453 I.
1611 403 1733 460 199.

2485 398 2595 458 401

325 563 579 654 τρόπον
619 559 801 636 ὁδῶν
831 572 1058 654 ἔχουσι
1088 564 1201 636 διὰ
1224 575 1364 638 τῶν
1396 574 1777 656 γυναικῶν,
1809 566 1900 638 δι’
1938 560 2035 638 ὦν
2078 576 2147 639 οἰ
2178 573 2382 652 ξεῖνοι
2426 576 2601 654 διεξ-

240 685 312 738 95
334 668 551 749 ιόντες
612 672 1015 757 ἐκλέγονται.

1114 677 1285 741 ἔνθα
1337 670 1543 742 ἐπεὰν
1596 678 1807 761 ἵζηται
1861 670 2069 761 γυνὴ,
2141 671 2224 742 οὐ
2280 672 2606 761 πρότερον

327 770 822 842 ἀπαλλάσσεται
856 776 923 852 ἐς
948 772 1030 842 τά
1059 780 1273 860 οἰκία,
1320 772 1363 863 ἥ
1389 784 1489 854 τίς
1517 780 1588 843 οἰ
1622 779 1864 858 ξείνων
1922 774 2252 865 ἀργύριον
2294 776 2605 868 ἐμβαλών

329 879 396 956 ἐς
423 873 506 944 τὰ
544 875 842 962 γούνατα
884 882 1096 969 μιχθῇ
1132 881 1257 960 ἔξω
1295 884 1415 948 τοῦ
1458 883 1628 965 ἱροῦ.
1702 880 2077 968 ἐμβαλόντα
2120 880 2194 949 δὲ
2243 886 2349 950 δεῖ
2389 885 2604 949 εἰπεῖν

325 978 642 1049 τοσόνδε·

697 977 1061 1049 Ἐπικαλέω
1087 1009 1189 1051 τοι
1220 980 1344 1071 τὴν
1384 979 1554 1050 θεὸν
1585 981 1921 1052 Μύλιττα.
2003 982 2319 1053 Μύλιττα
2362 983 2437 1051 δὲ
2479 1011 2598 1052 κα-

328 1085 556 1152 λέουσι
596 1079 722 1171 τὴν
762 1081 1168 1209 Ἀφροδίτην
1214 1082 1571 1174 Ἀσσύριοι.
1652 1084 1727 1154 τὸ
1783 1086 1859 1155 δὲ
1925 1082 2252 1211 ἀργύριον
2307 1087 2604 1175 μέγαθός

327 1189 466 1254 ἐστι
514 1181 675 1254 ὅσον
704 1208 838 1255 ων·
902 1183 984 1256 οὐ
1031 1214 1160 1277 γαρ
1199 1186 1290 1277 μὴ
1326 1185 1710 1276 απώσηται·

1783 1186 1865 1258 ού
1910 1216 2040 1277 γαρ
2084 1195 2153 1258 οἰ
2184 1193 2380 1278 θέμις
2427 1192 2599 1258 ἐστί·

326 1297 582 1376 γίνεται
618 1285 746 1377 γὰρ
791 1286 940 1379 ἱρὸν
986 1296 1183 1359 τοῦτο
1227 1288 1301 1358 τὰ
1331 1288 1678 1380 ἀργύριον.
1736 1297 1828 1384 τῷ
1858 1293 1931 1361 δὲ
1976 1319 2217 1385 πρωτω
2247 1292 2601 1381 ἐμβαλόντι

327 1395 577 1476 ἕπεται,
605 1389 766 1460 οὐδὲ
783 1389 1162 1485 ἀποδοκιμᾷ
1184 1390 1454 1462 οὐδένα.
1496 1393 1702 1464 ἐπεὰν
1731 1395 1806 1463 δὲ
1822 1401 2056 1483 μιχθῇ,
2089 1393 2604 1485 ἀποσιωσαμένη

326 1500 408 1584 τῇ
435 1500 600 1588 θεῷ,
630 1492 1120 1565 ἀπαλλάσσεται
1151 1499 1216 1576 ἐς
1244 1495 1326 1565 τὰ
1355 1503 1535 1566 οἰκιά
1553 1518 1570 1533 ·
1628 1500 1739 1566 καὶ
1759 1495 1942 1567 τώπὸ
1977 1498 2219 1568 τούτου
2257 1496 2384 1568 οὐκ
2424 1495 2603 1568 οὕτω

327 1662 499 1712 tivum
524 1652 682 1712 ὁδῶν
717 1679 747 1713 e
772 1661 978 1713 scholio
1015 1664 1073 1712 in
1103 1667 1311 1714 textum
1340 1664 1412 1713 ir-

325 1732 560 1796 repsisse
596 1734 906 1797 suspicatur
930 1733 1231 1798 Schweigh.
1265 1732 1409 1783 Eltz.

328 1799 579 1864 (Jahrbb.
617 1802 705 1853 fiir
727 1800 995 1867 Philolog.
1034 1802 1145 1852 und
1170 1802 1409 1884 Paedag.

325 1869 514 1935 Suppl.
550 1871 648 1922 IX.
684 1888 737 1937 p.
771 1871 894 1937 119)
944 1871 1224 1936 vulgatam
1265 1863 1413 1921 ὁδὸν

325 1939 512 2020 (quam
550 1956 580 1991 e
611 1940 925 1992 melioribus
955 1940 1108 1991 libris
1137 1946 1413 1992 mutarunt

323 2009 381 2058 in
420 2000 595 2074 ὁδῶν)
645 2011 890 2061 revocari
925 2009 1046 2060 vult
1081 2012 1185 2061 hoc
1221 2026 1410 2060 sensu:

325 2079 630 2142 „transitus
661 2095 1070 2145 quoquoversus
1093 2087 1245 2130 recta
1271 2079 1418 2130 linea

326 2148 558 2210 „directi
591 2150 778 2199 hahent
807 2153 907 2199 iter
937 2148 1280 2215 (peregrinis)
1321 2166 1418 2214 per

326 2217 645 2279 „mulieres‚
698 2234 833 2283 quas
882 2224 1229 2269 transeuntes
1266 2235 1415 2284 pere-

327 2288 508 2352 „grini
544 2287 822 2352 deligunt,
858 2287 964 2338 hoc
998 2294 1109 2350 est,
1148 2289 1412 2338 transitus

328 2356 500 2418 „dant
536 2356 640 2407 iter
673 2373 770 2422 per
794 2357 1065 2408 mulieres.
1073 2359 1108 2383 “
1160 2359 1241 2408 Ac
1269 2373 1413 2407 rece-

324 2393 443 2544 'p’it
459 2425 708 2491 Lhardy;
764 2442 869 2492 quo
922 2427 1135 2476 cautius
1184 2428 1412 2477 retinuit

361 2492 480 2544 δῶν
505 2495 759 2545 Dindorf.
816 2497 1006 2561 Neque
1040 2496 1182 2546 enim
1187 2496 1409 2572 placet,

323 2564 488 2645 quod
489 2565 771 2615 Bekkerus
796 2566 1030 2615 coniecit
1054 2556 1126 2614 δι’
1167 2555 1278 2628 ὧν,
1317 2581 1411 2615 ne—

322 2650 426 2699 que
466 2624 706 2696 ὁσαιῶν,
746 2635 891 2700 quod
926 2636 1153 2685 Dietsch
1189 2651 1255 2685 ex
1287 2651 1413 2685 con—

326 2704 534 2753 iectura
564 2704 799 2768 recepit,
841 2709 940 2766 „ut
965 2704 1279 2756 Herodotus
1316 2720 1411 2754 nu·

321 2789 525 2823 merum
542 2775 750 2823 viarum
773 2788 870 2838 pro
888 2789 1109 2824 numero
1130 2774 1411 2825 mulierum

324 2844 532 2892 varium
573 2843 742 2892 fuisse
780 2842 1171 2908 significaretst‘
1215 2844 1411 2924 Quam-

324 2927 484 2976 quam
524 2928 632 2962 non
681 2927 851 2976 nege,
904 2914 1205 2976 genitivum
1255 2904 1413 2961 ὁδῶν

324 2982 554 3042 habere,
584 2996 690 3046 quo
729 2980 992 3043 offendat,
1032 2984 1148 3032 sive
1172 2982 1243 3032 acl
1265 2972 1411 3061 διέξ-

323 3048 452 3099 οδοι
482 3051 777 3111 referatur,
807 3051 924 3100 sive
953 3051 1023 3101 ad
1059 3066 1248 3101 παντα
1281 3042 1411 3114 τρό-

322 3134 465 3182 πον,
522 3119 664 3185 quod
711 3118 799 3170 vel
855 3120 1031 3170 minus
1093 3126 1278 3185 aptum
1334 3121 1412 3168 vi-

324 3190 440 3239 deri
459 3193 722 3255 queat.—-
751 3187 1131 3254 σχοινοτενέες
1157 3185 1411 3249 διέξοδοι

323 3260 607 3309 Muentero
656 3258 694 3309 l.
732 3258 769 3307 l.
818 3263 976 3308 sunt:
1026 3263 1114 3309 mit
1155 3257 1412 3307 Selem'iren

324 3329 631 3393 eingesasaete
647 3330 839 3392 Gdnye.
872 3328 979 3378 Sed
1004 3327 1411 3392 iudiceHeynio

325 3396 391 3463 (l.
422 3396 460 3447 l.
481 3398 720 3462 pag.31)
745 3397 850 3446 hoc
876 3397 954 3446 ita
981 3397 1409 3462 intelligendum,

323 3473 386 3516 ut
412 3482 772 3531 unaquaeque
800 3465 990 3517 mulier
1009 3469 1232 3532 funiculo
1250 3483 1412 3530 prae-

324 3544 460 3586 tento
486 3543 719 3600 tanquam
748 3537 940 3586 inclusa
967 3537 1198 3598 sederit,
1239 3551 1410 3601 eoque

249 3611 278 3631 ’·
323 3607 486 3655 etiam
525 3605 893 3666 referendum,
942 3606 1084 3670 quod
1121 3606 1176 3654 iu
1211 3606 1407 3655 Iex-em.

321 3675 498 3739 Epist.
525 3689 606 3723 vs.
633 3673 700 3724 43
732 3673 951 3738 legitur,
978 3677 1165 3726 sedere
1192 3674 1261 3724 ad
1288 3674 1409 3723 vias

321 3741 573 3793 mulieres
593 3741 975 3806 περιθεμένας
994 3743 1217 3809 σχοινία
1230 3781 1244 3806 ,
1270 3759 1410 3809 quae

322 3813 389 3862 ‹le
412 3811 627 3862 corollis
657 3810 978 3877 plexilibus‚
1016 3814 1210 3878 quibus
1245 3818 1410 3877 caput

321 3882 502 3932 fuerat
536 3887 814 3944 ornatum,
863 3883 955 3931 vix
993 3882 1132 3933 bene
1176 3882 1409 3947 intelligi

321 3951 550 4016 possint.
593 3951 730 4000 Mihi
752 3955 1134 4016 σχοινοτενέες
1154 3948 1408 4012 διέξοδοι

321 4036 431 4070 ιιοιι
457 4021 615 4070 aliter
646 4026 810 4099 atque
845 4036 1011 4085 supra
1046 4022 1090 4080 Ι,
1127 4019 1223 4070 189
1255 4032 1406 4084 σχοι-

320 4087 578 4146 νοτενὲες
597 4081 873 4154 διώρυχες
894 4090 1137 4140 indicare
1155 4088 1407 4139 videntur

319 4159 441 4208 vias
466 4168 610 4208 reeta
639 4161 772 4209 linea
807 4159 1019 4218 duc-ms,-
1052 4174 1150 4209 nos
1177 4158 1406 4208 dicimus

318 4228 718 4309 schnurqerade.
749 4227 908 4277 Conf.
933 4228 1200 4306 Iacobsp.
1217 4227 1300 4278 37.
1318 4228 1404 4278 50.

382 4288 693 4345 Ἐπικαλέω
718 4311 806 4345 τοι
833 4288 940 4361 τὴν
964 4290 1131 4360 θεὸν]
1163 4311 1268 4356 τοι,
1295 4297 1334 4346 1.
1356 4312 1403 4345 e.

321 4378 430 4427 σοι,
467 4365 571 4422 tibi,
605 4373 737 4416 tuam
762 4369 811 4416 in
834 4369 1072 4431 matiam,
1101 4373 1154 4415 ut
1178 4365 1267 4416 tibi
1283 4380 1409 4428 pro-

313 4436 447 4497 pitia
470 4435 609 4485 adsit
625 4435 739 4485 dea.
782 4432 912 4486 Noli
936 4451 1057 4486 cnm
1073 4432 1292 4499 Heynio
1311 4431 1407 4484 1.1.

413 4534 751 4579 ΒΕΒΟὈΟΤ.
798 4534 844 4578 1.

1513 1681 1641 1730 pag.
1663 1666 1732 1717 32
1755 1665 2067 1730 intelligere
2097 1656 2189 1715 ἐπὶ
2217 1660 2334 1728 σοὶ,
2374 1667 2409 1715 i.
2435 1682 2483 1716 e.
2518 1674 2606 1716 tua

1513 1751 1691 1784 causa.
1750 1736 1940 1802 Neque
1968 1736 2129 1785 etiam
2159 1740 2305 1785 recte
2333 1735 2605 1800 Schweig-

1512 1804 1762 1855 haeuser.
1800 1806 1855 1855 in
1882 1807 2067 1855 Lexic.
2093 1804 2298 1854 Herod.
2338 1805 2384 1854 Ι.
2424 1822 2477 1870 p.
2502 1807 2605 1855 255

1511 1873 1598 1922 his
1617 1873 1798 1923 verbis
1822 1874 1964 1924 hanc
1986 1875 2313 1924 sententiam
2340 1875 2606 1925 contineri

1514 1947 1701 2008 putat:
1744 1960 1877 2008 „per
1898 1944 2055 1993 deam
2079 1948 2132 1993 te
2159 1943 2429 2002 obtestor;
2470 1944 2605 1994 deae

1514 2013 1732 2062 nomine
1781 2019 1837 2064 te
1892 2011 2159 2077 compello
2207 2018 2262 2063 et
2313 2014 2601 2064 invitatum

1519 2081 1742 2132 velim.“

1585 2143 1650 2199 τὸ
1670 2141 1783 2199 δὲ
1750 2142 2029 2213 ἀργύριον
2050 2141 2308 2213 μέγαθός
2330 2139 2498 2198 ἐστι
2462 2163 2602 2198 οσον

1515 2206 1665 2286 ὦν]
1650 2238 1688 2270 ι.
1714 2236 1760 2272 e.
1787 2222 2005 2281 pec-unia
2030 2221 2464 2284 quantulacunque
2490 2221 2602 2284 sue-

1514 2291 1600 2339 rit.
1663 2290 1820 2340 Conf.
1859 2289 1933 2367 ΙΙ,
1973 2292 2059 2339 22.

1586 2348 1655 2407 οὗ
1691 2351 1797 2422 γὰρ
1835 2350 1912 2421 μὴ
1941 2349 2258 2420 ἀπώσηται]
2293 2358 2329 2407 1.
2356 2374 2403 2407 e.
2445 2374 2604 2423 neque

1510 2430 1636 2477 enim
1670 2426 1886 2487 (mulier
1920 2425 2234 2492 pecuniam)
2268 2430 2485 2487 reiis-iet,
2520 2444 2604 2477 re-

1507 2498 1757 2559 pudiabit.
1809 2497 1966 2559 Quod
1986 2496 2254 2546 Matthiae
2289 2498 2345 2545 in
2382 2497 2474 2547 Gr.
2506 2498 2599 2548 Gr.

1512 2582 1642 2631 pag.
1656 2565 1758 2616 728
1780 2566 1903 2615 edit.
1934 2567 2147 2631 prioris,
2170 2566 2603 2630 probanteWer«

1512 2637 1628 2686 fero
1659 2636 1714 2684 in
1752 2636 1900 2685 Actt.
1938 2633 2151 2700 philoll.
2174 2635 2423 2685 Monacc.
2458 2636 2505 2684 Ι.
2544 2651 2596 2698 p.

1513 2706 1635 2760 ⁶¹28.
1657 2705 1746 2754 hic
1767 2705 2037 2769 corrigere
2063 2703 2281 2754 volebat
2292 2695 2598 2764 απιόσεται,

1513 2774 1651 2823 satis
1685 2774 1790 2823 iam
1816 2774 1920 2838 ipsi
1957 2773 2317 2838 prohibebant
2347 2773 2474 2823 libri
2510 2789 2600 2822 ve-

1515 2842 1675 2904 tusti,
1732 2843 1789 2892 in
1832 2842 2062 2907 vulgata
2105 2843 2339 2894 lectione
2388 2843 2599 2907 conspi-

1512 2916 1718 2962 rantes.
1778 2913 1894 2962 Nec
1930 2913 2154 2962 eandem
2179 2918 2306 2977 post
2331 2913 2600 2962 Matthiae

1515 2983 1686 3032 fuisse
1706 2981 2050 3044 sententiam,
2072 2982 2197 3032 inde
2217 2980 2435 3044 colligo,
2455 2982 2600 3047 quod

1515 3053 1570 3101 in
1597 3051 1771 3101 altera
1792 3052 2191 3102 Grammatieae
2220 3052 2459 3102 editione
2492 3053 2600 3101 He-

1514 3121 1798 3171 rodoteum
1834 3120 2011 3171 locum
2057 3122 2242 3171 omisit
2291 3120 2439 3202 (pag.
2472 3121 2597 3184 087)

1514 3192 1887 3255 aoristumque
1914 3192 2077 3240 etiam
2103 3195 2228 3254 post
2259 3187 2327 3239 οὐ
2361 3183 2437 3254 μὴ
2470 3190 2599 3239 ferri

1511 3275 1675 3325 posse
1711 3261 1871 3310 docet
1898 3258 1979 3324 (p.
2007 3259 2112 3311 088
2139 3275 2252 3324 seq.
2258 3257 2306 3318 ).
2362 3260 2449 3309 Tu
2474 3259 2600 3309 vide

1512 3345 1658 3380 nunc
1684 3328 1750 3378 de
1766 3329 1851 3378 his
1880 3333 2234 3393 exponentem
2256 3326 2599 3378 Baeumlein.

1511 3397 1841 3449 Untersuch.
1885 3397 2020 3447 iiber
2055 3397 2142 3446 die
2186 3397 2400 3447 Griech.
2447 3396 2596 3445 Mod.

1512 3484 1567 3532 p.
1600 3466 1697 3518 117
1727 3483 1878 3531 seqq.
1911 3466 2033 3518 coll.
2063 3465 2334 3516 Kuehner.
2374 3465 2466 3516 Gr.
2502 3464 2596 3515 Gr.

1510 3536 1558 3598 5.
1584 3534 1704 3586 779.
1742 3536 1978 3584 Verbum
2003 3526 2394 3592 ἀπωθεῖσθαι,
2423 3549 2598 3595 asper-

1509 3607 1657 3665 nari,
1711 3603 1921 3669 aliquot
1978 3602 2236 3667 exemplis
2302 3602 2598 3652 illustravit

1511 3643 1853 3725 W'er'ferusl.
1880 3673 1916 3722 l.
1956 3690 2010 3738 p.
2033 3673 2153 3722 229.

1577 3734 2019 3812 αποσιωσαμὲνη
2058 3738 2128 3807 τῇ
2163 3736 2306 3806 θεῷ]
2349 3740 2386 3790 1.
2414 3755 2462 3789 e.
2492 3755 2596 3787 mu-

1505 3816 1621 3868 lier.
1657 3828 1787 3877 quae
1809 3812 1922 3862 huie
1951 3812 2167 3862 Veneris
2189 3811 2423 3874 religioni
2442 3809 2595 3859 satis-

1503 3884 1721 3947 fecerit.
1773 3897 1817 3935 s,
1869 3897 1997 3947 quae
2034 3881 2273 3944 defuncta
2307 3879 2470 3942 suerit
2500 3877 2596 3925 leae

1507 3954 1766 4017 reliyione.
1827 3951 1968 4002 Sunt
1998 3951 2166 4000 verba
2188 3946 2596 4012 wyttenbachii

1508 4022 1567 4070 in
1596 4019 1820 4072 Selectt.
1856 4021 2011 4070 histt.
2048 4017 2258 4083 p.,354
2303 4018 2399 4067 ubi
2437 4014 2596 4065 simul

1510 4105 1631 4139 eam
1662 4090 1817 4138 verbi
1849 4035 2245 4151 ἀφοσιοῦσθαι
2277 4086 2438 4137 docet
2473 4099 2595 4135 esse

1509 4158 1989 4222 significationem.
2006 4158 2199 4222 aliquid
2208 4158 2465 4220 reliyionis
2475 4170 2593 4203 eau-

1506 4243 1569 4276 sa
1594 4228 1800 4288 sac-ere,
1828 4243 1926 4277 non
1949 4243 2020 4277 εει·
2040 4228 2191 4278 animi
2210 4229 2476 4282 sententia,
2503 4238 2596 4272 nee

1507 4296 1738 4360 uberius,
1764 4297 1860 4345 sed
1878 4311 2067 4358 parce
2092 4305 2149 4346 ut
2169 4298 2346 4344 saltem
2364 4294 2597 4356 religioni

1506 4367 1741 4428 satisfiat.
1786 4364 1942 4414 Conf.
1957 4366 2051 4422 IV,
2077 4366 2177 4414 154
2202 4363 2335 4426 ibiq.
2363 4360 2595 4412 Valcke-

1508 4449 1628 4484 nar.
1685 4433 1810 4484 Alia
1835 4432 2073 4483 excitavi
2096 4430 2164 4480 ad
2191 4429 2469 4480 Plutarch.
2505 4426 2593 4476 Al-

2086 4510 2169 4571 26
