3109 5092
464 319 586 381 594

1333 314 1865 376 HERODOTI

462 502 794 583 κείμενος·
857 494 968 561 καὶ
1007 493 1072 568 ἐς
1121 495 1317 557 τοῦτο
1355 487 1430 555 τὸ
1469 516 1719 576 χωριον
1762 479 1976 575 ἦλθον
2025 486 2542 573 πυνθανόμενος
2586 486 2739 573 περὶ

461 627 600 667 των
642 601 1002 685 πτερωτῶν
1038 588 1277 680 ὀφίων,
1359 589 1762 679 ἀπικόμενος
1803 591 1872 658 δὲ
1922 588 2107 658 εἶδον
2136 585 2393 658 ὀστέα’
2361 596 2584 677 οφίων
2626 590 2739 656 καὶ

462 700 801 782 άκάνθας,
843 698 1098 787 πλήθει
1133 696 1258 783 μὲν
1292 691 1594 764 ἀδύνατα
1634 691 2148 782 ἀπηγήσασθαι-ζ
2202 695 2409 780 σωροὶ
2452 693 2525 761 δὲ
2561 683 2739 781 ἦσαν

421 827 430 832 ·
464 804 824 875 ἀκανθέων
851 804 960 870 καὶ
985 800 1261 887 μεγάλοι
1290 800 1398 867 καὶ
1429 794 1904 886 ὑποδεέστεροι
1934 796 2047 864 καὶ
2075 794 2428 878 ἐλάσσονες
2458 802 2553 864 ἔτι
2580 795 2737 863 τού-

465 931 634 977 των·
684 906 918 976 πολλοὶ
962 904 1034 972 δὲ
1081 894 1253 991 ἦσαν
1292 892 1498 970 οὗτοι.

1584 907 1719 969 ἔστι
1751 900 1825 970 δὲ
1860 895 1896 966 ὁ
1923 904 2133 986 χῶρος
2169 889 2398 982 οὗτος,
2442 902 2517 967 ἐν
2542 903 2634 990 τῷ
2667 903 2748 965 αἱ

467 1010 763 1079 ἄκανθαι
810 1005 1324 1093 κατακεχύαται,
1369 1004 1631 1072 τοιόσδε
1676 1026 1806 1083 τις·
1858 1000 2097 1090 ἐσβολὴ
2148 1004 2215 1083 ἐξ
2265 1000 2526 1090 οὐρέων
2556 1022 2735 1070 στει-

469 1120 609 1184 νῶν
653 1116 718 1192 ἐς
763 1117 1002 1180 πεδίον
1043 1112 1247 1197 μέγα·
1308 1105 1382 1174 τὸ
1423 1107 1496 1175 δὲ
1545 1112 1783 1175 πεδίον
1810 1110 2008 1174 τοῦτο
2034 1104 2358 1174 συνάπτει
2398 1110 2489 1198 τῷ
2519 1110 2737 1191 Αἰγυ-

465 1313 542 1360 tio
580 1311 663 1371 11,
707 1309 789 1359 50.
831 1310 918 1358 03.
973 1309 1089 1358 155.
1162 1307 1436 1359 Pertinuit
1482 1307 1554 1356 ad

468 1383 773 1444 Aegyptum
820 1378 1149 1427 inferiorem.
1228 1379 1384 1426 Nunc
1438 1377 1552 1425 eius

471 1450 524 1498 in
572 1450 690 1497 loco
741 1448 1012 1495 invenitur
1055 1447 1206 1495 vicus
1255 1445 1550 1495 El-Bneib.

472 1519 671 1567 Confer
708 1515 1128 1566 Schliclithorst.
1168 1515 1203 1565 l.
1245 1515 1281 1564 l.
1319 1531 1445 1581 pag.
1466 1515 1551 1566 83.

470 1587 557 1638 8⁴.
638 1587 898 1650 Reliquos
945 1591 1186 1634 veterum
1233 1585 1555 1648 scriptorum

470 1657 537 1705 de
573 1657 675 1705 hac
721 1657 852 1706 urbe
889 1654 1037 1704 locos
1077 1654 1228 1702 dabit
1263 1654 1555 1719 Forbiger:

469 1726 690 1776 Handb.
749 1725 802 1776 (1.
854 1725 949 1775 alt.
989 1725 1186 1784 Geogr.
1228 1724 1302 1773 11.
1356 1740 1410 1788 p.
1451 1723 1553 1771 779

469 1812 583 1860 seq.
669 1795 900 1844 Arabiae
944 1792 1272 1856 significatio
1313 1808 1421 1842 non
1456 1791 1556 1841 ali-

469 1871 552 1914 ter
589 1865 700 1914 sere
736 1863 1053 1929 accipienda
1098 1868 1264 1927 atque
1302 1878 1423 1927 cap.
1467 1863 1553 1911 73.

468 1934 831 1999 cogitandum
888 1934 1029 1983 enim
1083 1932 1146 1981 de
1195 1948 1262 1980 ca
1315 1933 1555 1996 regione,

471 2019 607 2068 quae
647 2019 679 2052 a
703 2003 828 2052 Nilo
862 2003 1121 2051 orientem
1153 2017 1342 2050 versus
1376 2007 1556 2050 exten-

469 2073 634 2121 ditur.
719 2074 872 2134 Quae
920 2087 1048 2121 vero
1103 2070 1168 2120 de
1215 2071 1556 2135 serpentibus

468 2142 631 2190 alatis
667 2147 830 2205 atque
879 2140 945 2188 de
990 2139 1136 2188 ibide
1181 2139 1268 2190 bic
1305 2154 1558 2189 enarran-

468 2214 585 2272 tur,
623 2225 687 2258 ea
725 2225 790 2258 ex
827 2209 1093 2258 Hecataei
1128 2207 1280 2256 libris
1321 2209 1556 2258 deducta

467 2280 640 2329 videri
680 2278 876 2327 statuit
910 2277 1151 2326 Klausen
1181 2277 1252 2326 ad
1289 2277 1555 2327 Hecataei

471 2349 717 2412 fragmm.
753 2364 806 2412 p.
845 2347 958 2396 132.

540 2413 670 2479 περὶ
706 2416 819 2465 τῶν
854 2412 1156 2477 πτερωτῶν
1188 2403 1395 2477 ὀφίων]
1437 2414 1558 2464 Ser-

470 2490 660 2551 pentes
698 2484 875 2535 alatos
902 2484 992 2534 alii
1020 2499 1232 2550 quoque
1264 2483 1555 2547 scriptores

470 2562 760 2616 noverunt,
814 2556 1038 2619 ipseque
1089 2553 1288 2602 Noster
1332 2569 1560 2602 comme-

471 2626 704 2675 moravit
737 2624 838 2688 111,
879 2625 991 2675 107.
1064 2624 1148 2673 Τιι
1177 2623 1287 2672 vid.
1319 2623 1558 2673 Pausan.

469 2695 572 2756 tx,
614 2696 672 2744 21
740 2699 793 2744 et
845 2692 1052 2744 Aelian.
1105 2694 1171 2742 N.
1225 2694 1285 2743 A,
1335 2692 1418 2754 11,
1470 2693 1553 2755 38,

468 2764 563 2813 ubi
594 2763 954 2814 Schneiderus
1005 2768 1184 2811 monet
1232 2777 1352 2811 esse
1388 2765 1555 2811 lacer-

470 2840 553 2880 tas
581 2836 829 2894 volantes,
867 2834 1118 2881 dracones
1145 2832 1373 2880 volantes
1391 2831 1551 2881 Linn.

467 2902 594 2950 Huc
646 2916 858 2965 quoque
905 2900 1148 2949 referunt
1182 2900 1343 2949 Iesai.
1379 2901 1550 2962 XXX,

470 2969 533 3029 6,
592 2969 684 3017 ubi
745 2969 932 3029 seraph
985 2972 1161 3017 volans
1212 2974 1558 3030 memoratur,

471 3041 584 3096 aut,
621 3043 682 3085 ut
716 3038 768 3085 in
796 3039 1058 3100 septuag.
1089 3037 1312 3100 legitur·
1350 3006 1559 3101 ἔκγονά

469 3097 731 3153 ἀσπίδων
790 3102 1131 3168 πετομένων.
1225 3106 1350 3155 Alia
1404 3106 1559 3156 dabit

469 3173 726 3223 Bochart.
767 3175 1074 3223 Hierozoic.
1115 3171 1193 3224 11.
1233 3174 1334 3225 lib.
1370 3175 1427 3237 3,
1475 3176 1553 3226 12.

469 3259 595 3309 pag.
621 3243 741 3294 423.
820 3243 885 3292 In
921 3243 1191 3292 Herodoti
1227 3242 1346 3294 loco
1376 3245 1554 3308 Miot„

466 3313 655 3364 Gallus
693 3313 831 3362 alter
853 3313 1136 3378 interpres,
1176 3314 1407 3379 intelligi
1437 3315 1556 3364 vult

460 3385 674 3449 ¹qryllum
717 3385 1080 3447 ηιίῃταὶονὶιυη,
1130 3383 1219 3447 qui
1258 3385 1553 3449 Aegyptio-

466 3467 582 3503 rum
623 3454 769 3502 arvis
808 3458 919 3502 tam
955 3454 1181 3503 nocivus
1214 3454 1304 3503 sit.
1367 3455 1447 3502 De
1484 3457 1555 3502 Io-

464 3525 619 3573 cuslis
657 3522 823 3588 igitur
859 3521 947 3570 ille
984 3523 1222 3586 cogitat3
1270 3523 1323 3571 in
1363 3539 1467 3587 quo
1508 3523 1556 3572 ei

466 3592 778 3657 obloquitur
798 3592 1070 3641 Letronne
1099 3592 1152 3640 in
1179 3608 1408 3642 censura
1437 3608 1558 3641 ver-

469 3662 638 3712 sionis
675 3663 940 3712 Herodot.
982 3661 1183 3720 (Paris.
1228 3661 1384 3725 1823)
1426 3677 1552 3726 pag.

475 3729 566 3790 13,
617 3746 736 3780 cum
787 3730 889 3779 hoc
943 3731 1158 3795 quidem
1206 3736 1409 3781 certum
1464 3733 1554 3792 sit,

470 3798 719 3848 volantes
759 3806 1035 3864 serpentes
1065 3806 1305 3850 veterum
1341 3800 1559 3850 minime

471 3868 540 3916 ad
579 3869 816 3928 insecta,
867 3885 1005 3932 quae
1047 3874 1341 3931 vocantur,
1398 3869 1559 3934 perti·

471 3936 671 3986 nuisse.
763 3938 846 3986 De
894 3937 1119 3987 locustis
1163 3939 1393 4000 cogitari
1448 3954 1558 3988 non

469 4021 632 4068 posse
695 4006 902 4054 iudicat
956 4022 1170 4071 quoque
1229 4008 1553 4057 Wilkinson.

466 4075 750 4136 (Manners
787 4079 891 4123 etc.
921 4091 1028 4126 sec.
1068 4093 1172 4126 ser.
1198 4076 1272 4126 11.
1302 4093 1356 4141 p.
1388 4077 1555 4140 210.).

466 4144 655 4206 Neque
684 4143 900 4192 omnino
927 4159 1021 4206 per
1042 4146 1350 4210 Aegyptum
1373 4144 1555 4195 liuius-

467 4210 610 4260 modi
654 4216 933 4275 serpentes
971 4212 1148 4261 alatos
1192 4216 1417 4278 reperiri
1465 4230 1558 4264 ne·

465 4295 567 4344 que
609 4280 665 4329 iu
712 4282 1071 4330 monumentis
1115 4288 1554 4346 repraesentatos

463 4349 704 4415 conspici
731 4349 874 4400 idem
899 4350 1114 4414 asserit,
1154 4357 1216 4402 ut
1239 4351 1551 4402 Herodotus

1658 1321 1788 1356 sane
1814 1305 1904 1355 hic
1936 1304 2124 1370 lapsus
2162 1304 2248 1355 vel
2284 1320 2380 1371 per
2415 1304 2553 1355 alios
2582 1306 2639 1354 in
2664 1320 2749 1354 er-

1658 1392 1831 1426 rorem
1868 1375 2124 1425 inductus
2162 1374 2433 1425 videatur.
2508 1374 2742 1438 Inquisi-

1658 1446 1737 1494 vit
1794 1460 2007 1510 quoque
2066 1447 2124 1493 in
2179 1444 2313 1494 haec
2377 1439 2744 1493 Tiedemanni

1661 1516 1946 1565 Auatomie
1999 1529 2053 1564 u.
2103 1513 2593 1580 Naturgeschichte
2648 1512 2747 1563 des

1659 1584 1910 1634 Drachen
1970 1583 2297 1648 (Numberg.
2354 1583 2508 1646 1811)
2570 1585 2778 1646 p.·45·

1661 1670 1842 1717 seqq„
1878 1654 1970 1717 qui
2008 1659 2061 1702 et
2101 1654 2216 1717 ipse
2253 1658 2529 1717 serpentes
2567 1651 2748 1701 alatos

1660 1738 1754 1787 pro
1819 1721 2081 1771 fabulosis
2136 1722 2325 1785 habet,
2386 1738 2505 1771 cum
2564 1720 2747 1771 nullae

1660 1791 1969 1841 istiusmodi
2026 1791 2293 1841 bestiolae
2352 1807 2541 1841 revera
2595 1791 2747 1840 inve-

1660 1861 1906 1922 niantur,
1973 1876 2074 1910 nec
2128 1875 2221 1925 per
2280 1861 2585 1926 Aegyptum
2645 1876 2747 1910 nec

1658 1930 1796 1979 alias
1837 1945 1931 1994 per
1961 1929 2210 1994 regiones
2237 1931 2488 1992 Arabiae,
2528 1930 2749 1980 Aethio-

1660 2000 1806 2064 piae,
1846 1999 2075 2063 Libyae,
2110 2014 2211 2049 nec
2250 1999 2481 2065 denique
2519 2000 2574 2048 in
2611 2000 2747 2065 ipsis

1660 2067 1985 2132 anaglyphis
2049 2075 2290 2118 veterum
2355 2069 2746 2134 Aegyptiorum

1658 2137 1801 2186 istae
1839 2144 2204 2201 compareant.
2278 2139 2450 2199 Quem
2500 2153 2627 2188 vero
2666 2137 2749 2202 (in

1659 2206 1973 2257 Herodotea
1998 2206 2338 2269 narratione)
2366 2208 2469 2257 ibis
2497 2207 2750 2272 persequi

1660 2276 1894 2325 traditur
1932 2283 2255 2341 serpentem,
2293 2278 2340 2325 is
2375 2277 2747 2327 Tiedemanno

1658 2346 1874 2395 videtur
1921 2360 2040 2395 esse
2086 2349 2291 2396 coluber·
2333 2354 2587 2410 cerastae,
2654 2346 2750 2411 qui

1658 2415 1783 2465 Niro
1838 2419 2114 2466 crescente
2171 2415 2375 2481 passim
2431 2431 2527 2481 per
2572 2417 2751 2480 Aegy-

1658 2489 1808 2549 ptum
1856 2485 2159 2548 reperiatur
2211 2485 2453 2550 ipsisque
2507 2487 2565 2535 in
2617 2500 2752 2535 ana-

1663 2552 1878 2618 glyphis
1916 2569 2126 2619 semper
2161 2555 2275 2604 sere
2302 2569 2411 2603 una
2446 2570 2568 2604 cum
2603 2555 2752 2604 ibide

1661 2628 2115 2687 repraesentetur.
2156 2624 2241 2673 Ob
2263 2622 2617 2686 celeritatem,
2641 2639 2751 2689 qua

1660 2692 1714 2741 hi
1755 2696 2033 2756 serpentes
2069 2709 2165 2758 per
2199 2695 2508 2758 Aegyptum
2548 2695 2751 2743 fuerint

1659 2761 1868 2822 diffusi,
1909 2761 2087 2811 alatos
2113 2763 2223 2811 dici
2252 2764 2499 2826 potuisse
2535 2777 2752 2827 serpen-

1657 2835 1772 2891 tes,
1836 2829 1975 2880 idem
2032 2832 2115 2879 vir
2168 2830 2361 2881 doctus
2411 2833 2748 2898 suspicatur:

1657 2901 1724 2949 de
1760 2899 2088 2951 draconibus
2124 2900 2438 2951 volantibus
2485 2902 2751 2952 recentio-

1664 2985 1779 3018 rum
1847 2968 1934 3018 hie
2004 2970 2235 3035 cogitari
2302 2986 2461 3036 posse
2528 2986 2751 3036 prorsus

1662 3042 1846 3115 negat.

1727 3098 2015 3172 ἀκάνθας]
2055 3106 2323 3186 Intelligit
2353 3112 2528 3171 spinas
2556 3125 2602 3159 s.
2629 3124 2753 3158 ossa

1659 3177 2008 3241 serpentium.
2080 3177 2234 3227 Alias
2277 3168 2514 3242 άκοὶνθη
2551 3178 2751 3227 dicitur

1657 3248 1805 3308 spina
1833 3247 1990 3308 dorsi,
2026 3253 2086 3294 ut
2116 3247 2209 3306 IV,
2236 3248 2322 3296 72.
2386 3248 2466 3298 Ad
2506 3253 2751 3297 nostrum

1656 3314 1834 3365 locum
1884 3315 2019 3364 facit
2061 3285 2228 3365 schol.
2280 3315 2533 3396 Apollon.
2570 3315 2743 3366 Rhod.

1660 3384 1754 3446 IV,
1784 3385 1908 3435 150.
1948 3376 2016 3432 τὰ
2050 3382 2162 3433 τῶν
2184 3376 2376 3447 ὀφέων
2412 3377 2551 3434 ὀστᾶ
2576 3400 2749 3434 ακαν-

1660 3452 1766 3501 θαι
1805 3450 2037 3518 λέγεται.

1731 3513 1791 3570 ἐν
1825 3521 1903 3588 τῷ
1926 3515 1991 3571 αἱ
2024 3511 2281 3572 ακανθαι
2318 3514 2749 3589 κατακεχύαται]

1658 3573 1880 3642 Retinui
1918 3581 1990 3640 ἓν
2027 3607 2146 3655 τῳ,
2183 3593 2329 3657 quod
2356 3599 2591 3657 quatuor
2614 3594 2751 3658 opti-

1662 3677 1780 3711 mae
1819 3666 1981 3710 notae
2026 3660 2151 3710 libri
2198 3667 2446 3725 tuentur,
2498 3662 2751 3727 quodque

1661 3746 1823 3780 unum
1848 3730 2026 3795 placet
2048 3733 2268 3781 Struvio
2285 3732 2511 3794 Quaest.
2529 3733 2594 3782 de
2618 3731 2750 3784 dial.

1660 3800 1864 3850 Herod.
1904 3801 1946 3848 Ι.
1989 3815 2114 3864 pag.
2154 3799 2251 3861 38,
2304 3816 2424 3851 oum
2470 3792 2531 3850 ἐν
2578 3790 2621 3866 ᾦ
2662 3803 2752 3868 (ut

1661 3870 1879 3933 quidam
1909 3868 2032 3918 libri
2068 3867 2155 3919 hic
2192 3838 2451 3924 afferunt)
2481 3869 2550 3919 ab
2578 3873 2755 3921 Hero·

1662 3938 1777 3988 doti
1812 3954 2060 3988 sermone
2104 3955 2324 4003 prorsus
2373 3940 2445 3987 sit
2490 3937 2749 3990 alienum.

1660 4008 1767 4057 Sed
1804 4009 1949 4058 conf.
1990 4008 2063 4070 ΙΙ,
2101 4007 2170 4058 83
2209 4009 2392 4073 ibique
2428 4013 2566 4058 nott.
2641 4011 2750 4060 Pro

1661 4069 2067 4140 κατακεχύαται
2106 4076 2211 4127 duo
2247 4077 2405 4128 codd.
2447 4070 2749 4143 κατακεχύ-

1660 4142 1855 4208 δαται,
1892 4146 2036 4210 quod
2072 4146 2237 4196 reieci
2273 4162 2393 4198 cum
2420 4147 2658 4199 Bredov.
2696 4163 2750 4212 p.

1658 4213 1789 4276 328;
1851 4216 1996 4266 conf.
2049 4216 2211 4266 etiam
2265 4215 2489 4267 Lobeck
2540 4216 2610 4266 ad
2656 4217 2754 4266 So-

1657 4283 1832 4361 phocl.
1863 4285 2014 4334 Aiac.
2049 4300 2105 4349 p.
2134 4283 2255 4335 403.
2327 4284 2393 4335 In
2425 4299 2580 4351 seqq.
2621 4299 2750 4334 συν-

1654 4345 1820 4401 άπτει
1883 4354 2290 4419 accipiendum.
2355 4357 2589 4420 contigua
2649 4362 2751 4410 est,-
