3109 5092
1155 389 1661 452 EUTERPE.
1707 390 1792 453 11.
1838 399 1926 455 14.

2559 385 2685 450 459

403 562 632 633 ἄλλων
659 560 1054 654 ἀνθρώπων
1083 557 1404 633 ἁπάντων
1425 564 1538 632 καὶ
1566 568 1702 633 τῶν
1718 569 1973 633 λοιπῶν
1990 568 2409 650 Αἰγυπτίων,
2441 567 2512 631 οἳ
2527 558 2685 632 οὔτε

404 665 666 760 ἀρότρῳ
697 663 1243 759 ἀναῤῥηγνύντες
1274 663 1572 746 αὔλακας
1603 672 1827 755 ἔχουσι
1864 665 2135 752 πόνους,
2164 663 2319 737 οὔτε
2352 665 2680 737 σκάλλον-

403 798 542 855 τες,
582 767 738 840 οὔτε
780 767 944 840 ἄλλο
981 770 1407 858 ἐργαζόμενοι
1452 767 1659 840 οὐδὲν
1700 775 1838 839 τῶν
1880 762 2084 840 ὧλλοι
2122 768 2478 860 ἅνθρωποι
2529 771 2682 856 περὶ

403 875 597 965 λήϊον
625 878 944 944 πονέουσι
963 895 979 910 ·
1013 871 1160 943 ἀλλ’
1197 870 1404 943 ἐπεάν
1440 894 1563 962 σφι
1592 869 1629 941 ὁ
1659 873 1949 963 ποταμὸς
1973 871 2342 962 αὐτόματος
2370 870 2685 943 ἐπελθών

313 998 323 1006 ·
403 975 575 1067 ἄρσῃ
603 975 719 1057 τὰς
748 975 1062 1064 ἀρούρας,
1081 974 1289 1067 ἄρσας
1321 976 1396 1046 δὲ
1423 973 1756 1066 ἀπολείπῃ
1782 973 2019 1064 ὀπίσω,
2046 977 2192 1048 τότε
2220 983 2498 1067 σπείρας
2525 979 2679 1046 ἕκα-

401 1103 553 1161 στος
578 1077 702 1169 τὴν
731 1081 985 1149 ἑωυτοῦ
1023 1077 1324 1169 ἄρουραν
1361 1076 1669 1169 ἐσβάλλει
1719 1076 1784 1164 ἐς
1812 1078 2026 1170 αὐτὴν
2058 1072 2158 1162 ὗς.
2221 1077 2427 1151 ἐπεὰν
2455 1080 2528 1150 δὲ
2559 1108 2679 1149 κα-

398 1247 660 1314 peculiari
696 1248 1019 1314 scriptione,
1055 1253 1118 1299 nt
1153 1253 1337 1299 monet
1368 1248 1485 1311 Cr„

398 1318 698 1369 illustravit
716 1318 935 1369 Costaz.
958 1333 1051 1368 snr
1068 1318 1361 1384 l’agricult.
1380 1321 1485 1369 etc'.

399 1390 455 1438 in
490 1388 766 1452 Descript.
805 1387 873 1439 de
909 1388 1055 1454 l'Eg.
1083 1386 1243 1438 mem.
1283 1388 1331 1437 1.
1371 1386 1488 1449 (an-

400 1457 563 1524 tiqq.)
607 1456 815 1508 livrais.
864 1459 912 1508 Ι.
949 1472 1004 1523 p.
1050 1457 1118 1508 49
1154 1474 1305 1523 seqq.
1376 1457 1485 1507 Ubi

400 1528 545 1578 cons.
583 1527 827 1592 inprimis
862 1542 988 1593 pag.
1027 1529 1096 1579 52
1132 1543 1284 1593 seqq.
1343 1526 1484 1578 Add.

398 1596 725 1647 wilkinson.
771 1598 1028 1647 Manners
1078 1596 1187 1647 and
1230 1597 1484 1647 Customs

399 1667 461 1717 of
491 1666 583 1716 the
619 1663 839 1717 ancient
873 1668 1181 1732 Egyptians
1232 1665 1363 1731 (sec.
1404 1682 1485 1717 se·

397 1736 528 1799 ries)
574 1736 622 1787 Ι.
657 1751 712 1800 p.
752 1736 821 1788 38
858 1751 1011 1801 seqq.
1052 1738 1120 1788 85
1157 1751 1341 1801 seqq.‚
1391 1737 1484 1801 qui

399 1822 464 1855 ex
510 1805 871 1855 monumentis
919 1810 1054 1856 vett.
1094 1805 1485 1870 Aegyptiorum

397 1873 534 1924 talia
578 1880 636 1924 ct
675 1875 794 1939 ipse
830 1875 1093 1927 exhibuit.
1166 1876 1319 1938 Quae
1363 1890 1484 1924 cum

397 1945 479 1994 ita
514 1944 653 2006 sint,
690 1945 799 1994 nisi
836 1946 1034 1995 erroris
1071 1949 1283 2010 patrem
1317 1943 1486 1994 histo-

396 2014 511 2064 riae
541 2014 793 2064 incusare
826 2013 983 2078 velis,
1024 2015 1141 2065 eius
1176 2014 1347 2064 verba
1374 2029 1486 2064 non

396 2082 467 2133 ad
527 2097 734 2133 omnem
780 2083 1088 2149 Aegyptum
1133 2088 1294 2134 erunt
1348 2085 1484 2133 refe·

395 2152 579 2214 reuda,
605 2153 702 2202 sed
723 2152 795 2202 ad
815 2169 980 2204 unam
1001 2154 1162 2204 modo
1182 2153 1483 2204 alteramve

394 2226 603 2288 partem
650 2222 848 2273 eximia
900 2238 1153 2289 agrorum
1199 2222 1482 2272 fertilitate

392 2292 689 2357 insignem,
738 2292 807 2341 ad
841 2293 1113 2344 inferioris
1149 2291 1314 2342 Delta
1359 2291 1483 2341 loca

394 2360 677 2427 quaedam,
714 2365 777 2410 nt
801 2363 999 2412 statuit
1023 2364 1162 2426 Aug.
1206 2362 1275 2411 ab
1300 2360 1484 2411 Schle-

394 2431 501 2494 gel.
537 2430 660 2481 Ind.
697 2430 840 2480 Bibl.
879 2432 961 2493 11,
1004 2432 1055 2483 3.
1108 2447 1163 2497 p.
1202 2429 1333 2492 29ος
1385 2435 1481 2480 aut

392 2499 758 2561 statuendum,
785 2501 1126 2551 Herodotum
1146 2501 1310 2562 haec,
1340 2515 1480 2564 quae

392 2570 478 2620 vel
511 2569 579 2619 de
614 2570 865 2634 Aegypto
900 2571 1070 2621 nimia
1104 2585 1224 2620 esse
1259 2569 1481 2619 videan-

390 2643 496 2701 tur,
521 2639 804 2704 scripsisse
825 2642 1205 2704 respicientem
1230 2638 1299 2688 ad
1319 2637 1480 2700 longe

394 2709 699 2774 graviorem
749 2707 1018 2772 laborem,
1086 2724 1193 2775 quo
1247 2708 1303 2756 in
1354 2708 1479 2757 aliis

389 2783 585 2840 terrae,
625 2778 871 2843 inprimis
908 2779 1196 2841 Graeciae,
1241 2777 1477 2841 regioni-

388 2847 490 2898 bns
530 2863 664 2912 opus
696 2848 958 2898 rusticum
996 2848 1182 2913 perfici
1224 2847 1477 2897 vidisset.

388 2916 475 2967 Ad
501 2904 667 2966 ὧλλοι
694 2917 835 2968 conf.
861 2918 908 2978 Ι,
930 2918 1016 2968 48.
1080 2918 1162 2968 Ad
1194 2908 1478 2981 ἀπολείπῃ

389 2985 723 3051 subintellig.
760 2980 859 3044 τὰς
890 2979 1171 3053 ἀρούρας-ς
1229 2986 1300 3036 cf.
1336 2990 1477 3036 nott.

391 3055 460 3105 ad
498 3055 574 3116 11,
607 3055 693 3106 19.

457 3114 799 3196 {apullia-Ze
834 3115 1020 3189 αὐτὴν
1055 3111 1149 3190 ὗς]
1187 3123 1338 3174 Idem
1381 3123 1478 3173 alii

389 3197 663 3243 testantur
687 3194 982 3259 scriptores
1005 3192 1303 3258 (Plutarch.
1325 3194 1477 3259 Sym-

386 3278 537 3327 poss.
584 3263 682 3313 IV.
731 3280 787 3328 p.
825 3263 931 3314 670
966 3263 1032 3314 A.
1064 3265 1129 3314 B.
1211 3263 1473 3314 Eudoxus

388 3331 785 3452 :flflffptffl‘tss
813 3333 1248 3463 §.ait‘fiftf‘s
1277 3332 1473 3466 {34⁷¹ss

385 3470 551 3536 vulgo
596 3471 865 3535 perhiberi
911 3485 1036 3521 sues
1082 3472 1150 3520 ab
1185 3471 1472 3536 Aegyptiis

386 3539 606 3589 immitti
655 3541 860 3604 campis
918 3541 989 3589 ad
1038 3541 1248 3590 semina
1295 3540 1470 3605 depri-

385 3608 581 3660 menda
611 3609 668 3658 in
706 3609 822 3659 solo
864 3608 1100 3661 madido.
1159 3609 1317 3671 Quod
1349 3626 1467 3661 cum

387 3676 700 3728 dubitarent
723 3679 828 3728 viri
863 3676 1031 3740 docti,
1068 3679 1198 3744 quia
1230 3694 1354 3729 sues
1390 3695 1471 3729 se-

385 3747 533 3797 mina
579 3747 842 3798 devorare
886 3749 1070 3812 potius
1110 3763 1270 3813 quam
1318 3749 1374 3797 in
1410 3748 1472 3797 li·

384 3831 529 3866 mum
550 3817 841 3867 recondere
866 3816 1148 3880 probabile
1168 3818 1242 3866 sit
1263 3817 1472 3868 eadem-

385 3900 487 3948 que
522 3885 701 3937 bestia
738 3886 1044 3950 despicatui
1097 3886 1262 3936 suerit
1296 3887 1471 3952 Aegy·

381 3955 540 4017 ptiis,
602 3956 941 4006 Herodotum
993 3960 1048 4006 et
1088 3955 1192 4005 hoc
1238 3955 1359 4005 loco
1416 3963 1471 4006 et

381 4024 622 4087 proxime
674 4025 924 4089 sequenti
983 4024 1271 4090 scripsisse
1332 4022 1471 4091 βοῦς

382 4097 436 4141 et
472 4089 637 4158 βουσὶ
661 4094 924 4158 suspicati
955 4098 1108 4156 sunt,
1147 4094 1468 4158 praesertim

382 4177 503 4211 cum
533 4162 807 4213 Diodorus
843 4162 1030 4213 eadem
1072 4164 1127 4213 in
1177 4178 1236 4213 re
1271 4164 1468 4213 dixerit

379 4222 707 4296 βοσκήματα
764 4248 867 4282 nec
905 4247 1030 4282 sues
1075 4233 1353 4297 bovesque
1398 4234 1468 4283 si·

379 4299 610 4365 gillatim
640 4301 960 4366 designarit.
1019 4301 1126 4353 Sed
1158 4306 1347 4352 contra
1381 4319 1468 4353 co-

381 4369 563 4419 dicum
594 4368 781 4432 fidem‚
818 4372 912 4436 qui
936 4386 1122 4420 omnes
1159 4371 1466 4435 invulgata

376 4439 703 4506 persistunt,
771 4440 873 4490 hoc
933 4443 1083 4491 certe
1140 4438 1262 4489 loco
1331 4441 1465 4491 nihil

1592 1250 1839 1314 equidem
1882 1253 2091 1300 mutare
2130 1247 2375 1299 audeam.
2448 1246 2684 1298 wilkin-

1590 1335 1712 1369 son.
1750 1318 1788 1371 l.
1812 1319 1849 1370 l.
1879 1335 1932 1384 p.
1966 1320 2053 1370 39.
2091 1318 2162 1370 46
2195 1318 2268 1368 ad
2306 1318 2683 1368 Larcheri·ac-

1592 1388 1738 1438 cedit
1791 1389 2119 1440 sententiam
2171 1386 2492 1450 statuentis,
2555 1402 2681 1438 sues

1589 1459 1738 1523 agris
1803 1459 2057 1521 immitti,
2119 1462 2409 1523 antequam
2471 1458 2682 1508 semina

1589 1528 1790 1578 fuerint
1834 1528 2062 1590 iniecta,
2111 1526 2182 1577 ad
2217 1543 2380 1593 agros
2430 1527 2680 1577 omuibus

1587 1598 1863 1648 radicibus
1898 1597 2187 1662 herbisque
2228 1596 2514 1647 inutilibus
2549 1595 2681 1647 libe·

1589 1668 1789 1718 randos
1809 1674 1865 1718 et
1884 1668 1955 1717 ad
1972 1667 2180 1718 semina
2199 1666 2509 1731 recipienda
2527 1682 2681 1731 prae-

1588 1738 1889 1801 parandos:
1937 1737 2034 1787 sed
2078 1736 2147 1786 ab
2188 1736 2456 1787 Herodoti
2498 1737 2679 1787 verbis

1587 1807 1726 1857 haec
1763 1807 1945 1856 aliena
1990 1821 2111 1856 esse
2156 1820 2313 1872 nemo
2361 1821 2472 1855 non
2507 1806 2676 1858 videt.

1588 1878 1716 1941 Ipse
1779 1875 2109 1926 Wilkinson.
2178 1875 2236 1924 in
2295 1877 2677 1940 monumentis,

1590 1960 1729 2011 qnae
1785 1946 1968 1996 varias
2023 1944 2202 2009 operis
2247 1944 2441 1993 rustici
2491 1950 2677 2009 partes

1589 2014 1872 2077 exhibent,
1911 2029 2178 2078 nusquam
2214 2027 2337 2063 sues
2374 2013 2584 2064 invenit
2622 2017 2676 2066 in

1585 2084 1688 2134 hoc
1712 2084 1932 2149 negotio
1957 2083 2257 2134 adhibitos:
2284 2098 2474 2146 capras
2499 2089 2677 2136 osten-

1589 2153 1670 2203 dit
1704 2153 1921 2216 tabula,
1971 2168 2111 2218 quae
2158 2156 2332 2202 totum
2366 2152 2469 2203 hoc
2514 2169 2677 2220 nego-

1587 2224 1723 2273 tium
1760 2227 2168 2289 repraesentat‚
2204 2238 2255 2287 p.
2286 2221 2379 2283 383
2419 2222 2544 2274 add.
2571 2228 2676 2277 Ro-

1586 2292 1764 2343 sellini
1813 2293 2152 2343 Monumenti
2195 2290 2347 2341 civili
2384 2294 2430 2343 1.
2479 2308 2534 2357 p.
2570 2295 2676 2346 293

1585 2377 1720 2427 seq„
1744 2363 1891 2412 unde
1924 2363 2110 2412 forsan
2138 2362 2259 2427 quis
2291 2363 2569 2427 coniiciat,
2606 2352 2675 2422 ὗς

1585 2431 1728 2496 apud
1750 2432 2086 2482 Herodotum
2115 2432 2181 2482 de
2204 2432 2348 2480 omni
2375 2432 2673 2484 bestiarum

1582 2500 1892 2551 huiusmodi
1929 2502 2195 2551 minorum
2229 2516 2426 2566 genere
2450 2502 2563 2552 dici
2595 2503 2673 2554 la-

1582 2572 1801 2635 tiusque
1825 2575 2013 2634 patere
2042 2571 2159 2620 eins
2193 2570 2669 2635 significationem.

1580 2639 1745 2690 Haud
1784 2640 1959 2688 minus
2001 2641 2192 2704 gravia
2234 2645 2388 2702 sunt,
2439 2656 2580 2704 quae
2614 2643 2670 2692 in

1580 2708 1933 2773 sequentibus
1977 2708 2261 2787 leguntur:
2312 2699 2673 2775 ἀποδινήσας

1582 2772 1647 2827 δὲ
1693 2776 1821 2842 τῇσι
1867 2766 1964 2825 ὑσὶ
2012 2792 2115 2827 τον
2161 2781 2346 2840 σῖτον,
2411 2793 2551 2844 qnae
2601 2781 2670 2831 de

1583 2847 1839 2897 frumenti
1886 2846 2084 2897 tritura
2147 2846 2502 2913 intelligenda
2548 2865 2670 2901 esse

1580 2933 1737 2967 nemo
1774 2915 2065 2967 dubitabit.
2141 2917 2224 2967 Ad
2253 2917 2501 2969 trituram
2537 2935 2667 2971 vero

1580 2987 1694 3037 sive
1729 2985 1802 3036 ad
1841 2988 2135 3038 exterenda
2181 3002 2212 3037 e
2249 2987 2416 3051 spicis
2453 2993 2670 3040 matura

1579 3070 1753 3122 grana
1785 3056 1957 3107 suibus
1980 3057 2279 3123 Aegyptios
2312 3072 2441 3108 usos
2476 3059 2667 3124 fuisse,

1580 3126 1828 3191 nuspiam
1853 3125 2084 3177 relatum
2116 3128 2360 3189 inveni03
2399 3128 2553 3179 booes'
2572 3146 2670 3194 per

1580 3197 1841 3246 orientem
1879 3196 1949 3245 ad
1981 3197 2121 3248 hanc
2156 3212 2270 3248 rem
2306 3197 2550 3248 adhiberi
2586 3200 2668 3250 sic

1578 3265 1714 3315 satis
1764 3271 1981 3315 constat
2033 3272 2199 3331 atque
2263 3268 2557 3318 etiamnum
2611 3269 2668 3319 in

1576 3335 1827 3399 Aegypto
1896 3335 2143 3385 adhiberi
2214 3340 2667 3388 commonstravit

1574 3404 1901 3453 Hartmanu.
1968 3403 2007 3454 1.
2056 3405 2093 3455 l.
2143 3419 2268 3469 pag.
2318 3408 2439 3455 227.
2524 3406 2662 3456 Add.

1576 3473 2012 3539 Hengstenberg.
2052 3472 2089 3523 l.
2122 3473 2157 3522 l.
2196 3489 2250 3537 p.
2279 3475 2399 3524 2:34.
2474 3474 2667 3539 Neque

1575 3541 1629 3590 in
1693 3547 1936 3591 veterum
1988 3542 2378 3607 Aegyptiorum
2441 3544 2666 3609 anagly-

1576 3610 1715 3675 phis,
1754 3624 1893 3675 quae
1928 3615 2011 3660 tot
2039 3611 2151 3660 alla
2174 3612 2244 3661 ad
2273 3627 2526 3677 agrorum
2555 3612 2665 3662 cnl-

1575 3683 1751 3728 turam
1776 3679 2108 3744 pertinentia
2132 3680 2412 3742 exhibent,
2452 3695 2577 3731 sues
2606 3697 2667 3732 se

1576 3748 1781 3798 vidisse
1813 3753 1970 3798 notat
1998 3749 2215 3800 Costaz.
2251 3749 2286 3798 l.
2317 3765 2484 3814 supra
2514 3749 2664 3802 laud.

1576 3829 1705 3882 pag.
1734 3817 1831 3879 603
1867 3817 2011 3867 unde
2047 3833 2249 3869 morem
2284 3820 2451 3869 istum
2490 3820 2547 3869 in
2583 3822 2665 3870 in-

1574 3886 1761 3936 feriori
1807 3887 2057 3952 Aegypto
2112 3892 2297 3952 potius
2359 3888 2664 3940 obtinuisse

1574 3956 1900 4020 suspicatur.
1972 3957 2181 4020 Boves,
2227 3958 2513 4023 rariusque
2557 3961 2664 4010 asi-

1572 4040 1672 4075 nos
1709 4024 1779 4075 ad
1814 4025 1917 4076 hoc
1950 4029 2230 4092 negotium
2264 4028 2567 4092 adhibitos,
2606 4031 2662 4080 in

1572 4095 1934 4144 monumentis
2011 4098 2159 4146 cerni
2217 4103 2661 4162 repraesentatos

1572 4164 1774 4213 asserit
1811 4179 2026 4229 quoque
2066 4165 2398 4218 Wilkinson.
2449 4166 2490 4219 1.
2527 4168 2563 4219 l.
2605 4185 2658 4233 p.

1572 4233 1641 4283 92
1663 4232 1790 4282 coll.
1815 4233 2016 4284 tabulis
2038 4251 2092 4300 p.
2115 4235 2203 4287 86.
2219 4236 2307 4287 87.
2327 4235 2416 4287 90.
2458 4238 2659 4300 Quare,

1572 4303 1678 4352 nisi
1714 4305 2060 4354 consentiens
2101 4309 2246 4356 esset
2279 4305 2539 4356 librorum
2570 4322 2662 4357 ve-

1570 4375 1840 4421 tustorum
1875 4372 2067 4436 lectio,
2104 4374 2249 4425 haud
2287 4375 2494 4426 invitus
2529 4377 2661 4426 scri·

1568 4441 1827 4506 psissem:
1867 4434 2229 4510 ἀποδινήσας
2275 4441 2357 4509 τῇ
2370 4457 2434 4493 σι
2489 4441 2658 4510 βου-
