3109 5092
1153 374 1655 438 EUTERPE.
1700 373 1786 433 11.
1830 381 1918 435 29.

2540 367 2664 430 487

385 549 459 621 τὸ
491 548 728 641 ἥμισυ,
773 546 849 618 τὸ
887 547 964 616 δὲ
1004 544 1212 636 ἥμισυ
1241 547 1623 634 Αἰγύπτιοι.
1687 554 1903 635 ἔχεται
1948 546 2023 616 δὲ
2055 552 2170 638 τῆς
2205 552 2417 643 νήσου
2457 563 2660 646 λίμνη

384 655 662 746 μεγάλη,
684 652 810 742 τὴν
837 651 1025 739 πέριξ
1053 651 1340 739 νομάδες
1369 651 1699 730 Αἰθίοπες
1727 651 2071 738 νέμονται·
2099 652 2224 742 τὴν
2244 658 2663 744 διεκπλώσας

386 757 453 840 ἐς
483 787 603 829 του
574 763 883 828 Νείλου
910 752 985 825 τὸ
1018 754 1308 844 ῥέεθρον
1339 750 1534 843 ἥξεις,
1565 753 1637 825 τὸ
1671 750 1736 835 ἐς
1761 751 1887 844 τὴν
1919 761 2167 845 λίμνην
2193 760 2446 850 ταύτην
2473 759 2646 835 ἐκδι-

386 870 512 933 δοῖ.
568 865 680 931 καὶ
721 868 950 931 ἔπειτα
991 855 1248 945 ἀποβὰς
1278 886 1457 947 παρα
1476 855 1595 928 τὸν
1622 854 1918 947 ποταμὸν
1942 853 2338 951 ὁδοιπορίην
2358 866 2663 956 ποιήσεαι

385 963 689 1058 ἡμερέων
727 961 1247 1054 τεσσεράκοντα·
1312 961 1637 1033 σκόπελοί
1676 988 1747 1030 τε
1790 960 1918 1049 γὰρ
1965 964 2040 1030 ἐν
2079 967 2172 1054 τῷ
2212 973 2443 1060 Νείλςο
2482 966 2661 1053 ὀξέες

385 1068 720 1158 ἀνέχουσι,
749 1069 862 1137 καὶ
890 1064 1196 1156 χοιράδες
1224 1073 1472 1136 πολλαί
1495 1071 1646 1150 είσι,
1677 1063 1775 1133 δι’
1812 1056 1912 1134 ὦν
1938 1062 2064 1135 οὐκ
2094 1060 2203 1137 οἷά
2229 1097 2300 1138 τε
2291 1073 2466 1139 ’ἐστι
2498 1079 2655 1144 πλέ-

388 1202 511 1243 ειν.
569 1168 941 1255 διεξελθὼν
969 1169 1042 1238 δὲ
1074 1170 1148 1238 ἐν
1174 1174 1319 1257 τῇσι
1352 1171 1839 1258 τεσσεράκοντα
1878 1164 2158 1259 ἡμέρῃσι
2199 1178 2396 1242 τοῦτο
2424 1174 2498 1245 τὸ
2524 1205 2653 1264 χω

387 1284 556 1363 ρίον,
585 1266 775 1355 αὖτις
804 1277 870 1354 ἐς
898 1277 1130 1360 ἕτερον
1157 1280 1396 1343 πλοῖον
1422 1271 1647 1362 ἐμβὰς,
1681 1272 1996 1341 δυώδεκα
2023 1268 2268 1363 ἡμέρας
2302 1279 2622 1350 πλεύσεαι
2641 1304 2655 1317 ·

387 1382 498 1449 καὶ
527 1385 754 1449 ἔπειτα
783 1374 959 1467 ἥξεις
985 1380 1051 1457 ἐς
1080 1374 1278 1445 πόλιν
1303 1376 1637 1465 μεγάλην,
1670 1380 1752 1464 τῇ
1778 1373 2035 1464 οὔνομά
2064 1379 2199 1446 ἐστι
2237 1382 2492 1470 Μερόη.
2522 1387 2655 1454 ,λε’-

391 1585 574 1632 menta
610 1580 681 1630 ad
720 1594 840 1629 eum
877 1576 1228 1642 perfectionis
1268 1581 1323 1626 et
1361 1576 1474 1640 pul-

390 1650 677 1702 critudinis
723 1648 950 1715 gradum
1010 1662 1118 1696 non
1167 1661 1472 1710 assurgere,

390 1736 547 1786 quem
582 1719 638 1768 in
674 1720 809 1784 ipsis
832 1717 1139 1768 Thebarum
1163 1730 1476 1765 monumen·

391 1791 462 1840 tis
498 1790 858 1850 admiramur,
897 1787 1059 1836 immo
1098 1786 1181 1834 his
1207 1785 1370 1851 longe
1394 1786 1474 1833 in-

386 1860 585 1910 feriora
630 1858 801 1907 videri
847 1857 1091 1921 artisque
1140 1854 1474 1920 depravatae

387 1931 549 1995 signa
576 1929 837 1993 praehere
872 1942 940 1975 ea
968 1930 1319 1974 monumenta
1341 1928 1473 1973 tem-

384 1998 620 2064 plorum,
675 1995 1014 2062 pyramidum
1063 1998 1168 2044 ete.
1155 2029 1190 2054 .,
1241 2008 1380 2058 quae
1413 1993 1471 2042 in

383 2067 732 2118 ulterioribus
753 2066 965 2116 Nubiae
988 2062 1322 2127 regionibus,
1348 2078 1472 2127 pro-

384 2154 448 2204 pe
470 2138 706 2187 Meroem
727 2135 903 2185 adhuc
918 2133 1285 2182 inveniuntur.
1318 2133 1472 2194 Quae

385 2222 506 2257 eum
541 2207 621 2256 ita
660 2206 797 2267 sint,
839 2204 896 2252 in
938 2202 1041 2252 hac
1078 2205 1196 2251 tota
1233 2202 1472 2266 quaesti-

385 2292 486 2327 one
531 2289 663 2326 sane
712 2272 1037 2340 gravissima
1091 2271 1305 2320 cautius
1350 2286 1470 2335 pro-

381 2345 740 2396 nuntiandum
786 2357 907 2393 esse
954 2355 1112 2391 nemo
1159 2355 1268 2389 non
1319 2339 1470 2388 videt

383 2416 600 2479 aliaque
636 2412 814 2462 adhuc
850 2425 970 2461 esse
1007 2409 1375 2473 exspectanda
1415 2416 1470 2458 et

385 2485 618 2534 certiora
654 2486 712 2532 et
746 2480 1107 2540 accuratiora,
1151 2494 1306 2543 quae,
1337 2478 1467 2543 quid

385 2556 454 2605 de
506 2552 783 2617 primitiva
841 2549 937 2599 illa
1001 2563 1162 2614 quam
1219 2552 1468 2599 statuunt

381 2623 705 2688 Aethiopum
741 2620 957 2670 cultura
999 2633 1190 2668 revera
1227 2618 1469 2667 iudican-

385 2694 510 2743 dum
556 2693 660 2754 sit,
702 2691 984 2741 edoceant.

440 2756 635 2842 ἔχεται
647 2729 736 2809 δὲ
783 2757 883 2823 τῆς
934 2749 1115 2820 νήσου
1159 2754 1328 2818 λίμνη
1376 2768 1469 2818 με-

384 2823 524 2896 γάλη
574 2846 624 2880 ιι.
663 2847 710 2880 τ.
750 2827 824 2893 λ.]
861 2826 1054 2878 Nullus
1067 2825 1355 2909 hodieque
1392 2825 1471 2873 in-

383 2901 600 2951 venitur
637 2899 751 2949 illic
797 2898 979 2960 lacus,
1027 2896 1133 2945 nisi
1168 2895 1347 2958 ipsum
1378 2894 1472 2943 Ni-

383 2971 494 3021 lnm
522 2968 893 3020 inundationis
920 2973 1161 3031 tempore
1183 2963 1336 3014 lacus
1361 2978 1472 3012 ma·

385 3041 479 3106 gni
515 3040 749 3104 speciem
778 3037 1038 3101 praebere
1076 3033 1354 3084 existimes
1383 3048 1472 3082 eo·

384 3126 487 3175 que
516 3108 782 3159 Herodoti
810 3106 1017 3156 referas
1043 3103 1228 3154 verba.
1285 3102 1472 3153 Potuit

384 3180 548 3230 etiam
594 3178 719 3227 inde
774 3176 843 3226 ab
889 3175 988 3224 illa
1045 3177 1227 3223 aetate
1272 3171 1471 3221 mutari

381 3249 621 3312 regionis
643 3246 900 3307 conditio,
934 3243 1193 3308 lacusque
1217 3241 1344 3291 olim
1373 3241 1465 3306 qui

385 3320 516 3378 fuit,
552 3332 720 3367 arena
756 3312 1039 3378 compleri,
1083 3312 1264 3377 potuit
1300 3311 1465 3361 etiam

381 3356 528 3437 haud
562 3389 820 3437 accurate
855 3383 922 3432 de
962 3382 1047 3432 his
1085 3380 1310 3432 edoctus
1346 3395 1467 3430 esse

383 3458 600 3508 Noster.
676 3457 913 3518 Quorum
951 3451 1083 3517 quid
1119 3450 1467 3500 statuendum

381 3527 485 3588 sit,
531 3525 699 3575 nolim
748 3522 1072 3572 discernere.
1157 3518 1281 3569 vid.
1329 3519 1469 3569 Hee-

382 3611 497 3646 ren.
534 3594 572 3645 l.
619 3593 657 3643 1.
695 3610 749 3658 p.
788 3589 910 3643 359.
984 3590 1307 3655 Suspicatur
1334 3587 1470 3638 Mal·

383 3666 580 3715 tebrun
627 3661 804 3725 (euius
861 3660 1042 3710 locum
1094 3658 1466 3722 adscripserat

382 3735 490 3797 0⁷2,
515 3731 766 3784 Nouvell.
787 3729 985 3780 Annal.
1007 3726 1460 3793 d.Voyag.1820.

383 3803 493 3854 vol.
527 3803 594 3853 V.
631 3817 757 3866 pag.
794 3797 941 3861 403),
978 3797 1289 3862 planitiem,
1325 3811 1466 3878 quae

382 3888 526 3923 nunc
569 3886 740 3936 prope
786 3868 989 3919 Amara
1039 3873 1123 3917 est
1171 3883 1201 3917 e
1242 3866 1466 3930 regione

383 3941 594 3992 insulae
649 3941 792 4004 Say,
848 3925 1031 3987 decem
1087 3935 1343 3985 milliaria
1385 3934 1467 3984 la-

382 4017 521 4072 tam,
576 4025 641 4060 ex
703 4012 858 4073 parte
911 4022 1055 4057 nunc
1112 4006 1344 4066 cultam,
1400 4020 1466 4054 ex

380 4086 536 4144 parte
585 4093 757 4143 eaque
800 4076 993 4126 maiori
1041 4080 1244 4126 tectam
1299 4074 1467 4125 silici-

382 4151 510 4214 bus,
551 4149 678 4199 olim
714 4148 949 4199 fortasse
981 4145 1159 4195 lacum
1198 4145 1368 4196 fuisse
1403 4144 1467 4193 il·

380 4220 519 4277 lum,
558 4219 712 4269 cuius
763 4214 907 4281 apud
935 4214 1274 4265 Herodotum
1320 4229 1469 4265 men-

381 4289 459 4339 tio
494 4287 617 4351 fiat,
658 4302 805 4336 nunc
843 4285 1173 4336 exsiccatum
1210 4284 1395 4334 ferme.

459 4326 733 4408 σκόπελοί
778 4367 838 4404 τε
884 4346 989 4418 γὰρ
1045 4343 1105 4402 ἐν
1145 4351 1225 4421 τῷ
1277 4352 1466 4420 Νείλῳ

389 4418 543 4488 ὀξέες
576 4443 626 4476 κ.
665 4443 713 4476 τ.
756 4422 825 4487 λ.]
864 4422 967 4475 Vel
1001 4423 1137 4474 haec
1171 4424 1469 4488 probantur

1576 1576 1934 1627 recentiorum
1990 1580 2454 1643 peregrinatorum
2510 1587 2663 1636 testi·

1576 1647 1800 1706 moniis,
1860 1653 2164 1712 exponente
2211 1650 2444 1702 Heeren.
2493 1653 2660 1704 Ideen

1575 1716 1611 1767 1.
1663 1715 1698 1765 l.
1747 1716 1885 1766 Nam
1933 1732 2098 1782 supra
2144 1717 2376 1769 alterum
2421 1727 2664 1773 catarra-

1576 1791 1746 1846 ctem,
1800 1787 1891 1849 qui
1939 1791 2023 1836 est
2071 1803 2237 1853 prope
2282 1789 2461 1840 locum
2498 1792 2659 1842 Wadi

1575 1853 1746 1904 Halfa
1784 1855 1882 1904 21⁰
1922 1854 2029 1916 50⁴,
2069 1857 2309 1907 crebrius
2345 1860 2401 1908 in
2437 1859 2549 1910 Nili
2586 1861 2661 1911 al-

1575 1939 1676 1973 veo
1702 1929 1966 1988 apparent
1999 1925 2208 1991 scopuli
2241 1942 2307 1977 ac
2331 1943 2482 1991 saxa,
2523 1945 2663 1995 quae

1575 1993 1725 2042 fluvii
1745 2008 1961 2042 cursum
1984 1994 2284 2059 impediant
2302 2001 2661 2050 catarractas-

1575 2078 1680 2127 que
1716 2063 1898 2126 plures
1928 2062 2199 2128 efficiant,
2238 2065 2294 2115 in
2323 2068 2519 2131 quibus
2555 2070 2661 2119 sin·

1573 2131 1716 2196 gulis
1754 2130 2062 2182 indicandis
2106 2149 2214 2184 non
2250 2150 2472 2200 prorsus
2506 2153 2663 2203 pere-

1573 2201 1909 2320 grinatorum
1949 2204 2295 2254 narrationes
2332 2206 2437 2255 sibi
2466 2223 2661 2258 conve·

1571 2285 1719 2350 munv

1640 2355 1807 2395 avus
1844 2329 1962 2395 39⁰
1933 2352 2128 2403 ετερον
2164 2341 2370 2391 πλοιον
2405 2334 2577 2410 ἐμβὰς
2602 2362 2653 2396 κ.

1571 2424 1617 2457 τ.
1659 2407 1731 2475 L]
1784 2409 1963 2470 Haec,
2017 2410 2236 2474 opinor,
2290 2419 2542 2477 spectant
2588 2415 2657 2464 ad

1572 2493 1665 2527 eas
1701 2477 1976 2543 regiones,
2016 2495 2155 2543 quae
2178 2480 2310 2530 fines
2338 2486 2659 2547 septentrio-

1572 2547 1723 2598 nales
1782 2553 1959 2597 terrae
2008 2550 2259 2612 Dongola
2312 2556 2656 2619 transgresso

1571 2621 1761 2680 patent
1809 2621 1866 2666 et
1921 2617 1990 2666 ad
2037 2618 2273 2669 Meroem
2324 2636 2495 2686 usque
2542 2639 2658 2688 per-

1570 2687 1767 2736 tinent.
1842 2686 1958 2735 Iam
2015 2688 2153 2736 enim
2198 2689 2308 2738 Nili
2360 2690 2546 2741 alveus
2596 2691 2658 2741 fit

1571 2755 1735 2805 latior
1770 2770 1869 2804 nec
1907 2755 2144 2819 scopulis
2182 2758 2500 2823 impeditum
2538 2761 2657 2826 ipse

1572 2826 1770 2875 fluvius
1820 2824 1874 2874 in
1919 2823 2077 2890 plura
2119 2827 2345 2877 brachia
2388 2828 2658 2880 dissectus

1573 2895 1755 2960 plures
1792 2892 1962 2943 efficit
2006 2894 2212 2945 insulas
2261 2912 2519 2982 perquam
2556 2900 2658 2949 fer-

1573 2964 1699 3014 tiles
1747 2964 2089 3030 omniumque
2137 2980 2314 3016 rerum
2370 2969 2529 3033 copia
2575 2971 2684 3019 af-'

1573 3035 1822 3084 fluentes.
1895 3034 2021 3083 vid.
2074 3035 2305 3086 Heeren.
2355 3036 2391 3086 1.
2443 3038 2479 3088 1.
2526 3054 2653 3104 pag.

1573 3103 1677 3155 360
1698 3118 1849 3168 seqq.
1912 3105 1998 3154 Ex
2020 3119 2126 3170 quo
2151 3106 2340 3156 eodem
2368 3106 2500 3158 illud
2520 3109 2656 3158 adii·

1574 3173 1777 3234 cimus,
1836 3172 1979 3238 quod
2035 3190 2179 3225 nunc
2229 3175 2447 3226 aliunde
2492 3179 2653 3227 etiam

1567 3243 1702 3293 satis
1739 3248 1982 3305 constat,
2023 3258 2231 3294 omnem
2255 3244 2460 3296 hancce
2479 3248 2657 3312 regio-

1568 3328 1689 3362 nem
1728 3312 1797 3360 ab
1836 3313 2071 3378 Aegypti
2108 3313 2355 3364 confiniis
2380 3331 2551 3380 nsque
2587 3317 2655 3367 ad

1570 3383 1807 3432 Meroem
1842 3382 1897 3430 in
1928 3385 2159 3446 utraque
2185 3383 2294 3433 Nili
2326 3385 2447 3447 ripa
2482 3385 2654 3447 splen-

1572 3450 1714 3501 didis
1744 3449 2066 3514 templorum
2101 3452 2385 3501 ruderibus
2422 3451 2655 3517 aliisque

1572 3518 1835 3569 aedificiis
1893 3518 2239 3583 amplissimis
2293 3521 2524 3570 maxime
2576 3523 2655 3571 in-

1572 3590 1780 3652 signem
1817 3603 1963 3646 esse;
2013 3603 2152 3653 quae
2202 3591 2347 3652 ipsa,
2394 3605 2516 3638 cum
2551 3591 2654 3640 Ae·

1564 3657 1768 3723 gyptiis
1797 3656 2067 3707 simillima
2102 3658 2212 3707 sint
2240 3658 2488 3724 idemque
2512 3665 2648 3710 stru-

1567 3732 1754 3777 cturae
1789 3741 1960 3789 genus
1997 3726 2314 3786 exhibeant,
2355 3727 2423 3776 ad
2462 3744 2527 3777 ea
2570 3745 2647 3779 re-

1565 3801 1653 3846 cte
1695 3795 2047 3845 diiudicanda
2090 3810 2251 3860 quam
2283 3797 2515 3847 maxime
2562 3815 2653 3848 va-

1566 3866 1707 3927 lent,
1745 3879 1885 3928 quae
1920 3864 2084 3929 paulo
2120 3870 2249 3915 ante
2283 3867 2560 3931 posuimus
2587 3869 2655 3919 de

1567 3934 1805 3999 Aegypti
1852 3934 2150 3998 originibus
2199 3940 2253 3984 et
2300 3935 2364 3985 de
2402 3952 2654 3987 commer-

1568 4005 1652 4054 cio
1699 4004 1843 4052 inter
1889 4009 2102 4054 veteres
2150 4005 2444 4071 Aethiopes
2490 4013 2654 4073 atque

1569 4073 1889 4137 Aegyptios.

1639 4139 1734 4190 καὶ
1768 4136 1959 4191 ἔπειτα
1992 4131 2149 4207 ἥξεις
2185 4135 2241 4201 ἐς
2287 4135 2456 4193 πόλιν
2488 4135 2651 4208 μεγά-

1571 4211 1694 4277 λην]
1731 4201 1890 4276 ἥξεις
1928 4214 2090 4263 etiam
2119 4215 2394 4263 Lucianus
2431 4214 2654 4276 praebet

1573 4283 1639 4333 de
1694 4297 1809 4331 ver.
1873 4282 2065 4333 histor.
2132 4284 2205 4344 11,
2260 4286 2344 4346 27,
2406 4282 2654 4347 idemque

1570 4354 1687 4402 sine
1722 4350 1834 4401 ulla
1875 4351 2127 4401 lectionis
2173 4354 2440 4403 varietate
2473 4356 2655 4402 exstat

1570 4420 1715 4486 apud
1748 4421 2013 4472 Herodot.
2063 4422 2138 4484 11,
2187 4422 2272 4473 30.
2346 4422 2527 4482 Quare
2566 4437 2654 4471 ac-
