3109 5092
479 301 601 363 726

1353 298 1891 362 HERODOTI

480 478 748 549 ἀνεῖναι
801 473 968 565 πρὸς
996 480 1160 564 ἔργα
1190 501 1260 543 τε
1288 477 1400 544 καὶ
1443 481 1725 555 θυσίας·
1782 481 1975 554 δίκας
2008 476 2090 542 δέ
2109 493 2232 561 σφι
2264 470 2538 554 πάντων
2563 479 2781 555 βασι-

485 586 659 653 λέων
687 578 1109 659 δικαιοτάτας
1137 586 1418 666 κρίνειν.
1473 576 1642 648 κατὰ
1668 585 1867 648 τοῦτο
1896 581 2022 666 μέν
2050 605 2183 646 νυν
2209 575 2285 646 τὸ
2313 583 2514 665 ἔργον
2541 572 2780 644 ἁπάν-

483 713 654 770 των,
699 681 844 753 ὅσοι
874 681 1004 771 ἤδη
1048 686 1354 771 βασιλέες
1394 686 1707 768 ἐγένοντο
1743 689 2177 770 Αἰγυπτίων,
2216 684 2521 749 αἰνέουσι
2562 678 2778 768 μάλι-

483 812 604 859 στα
638 792 912 857 τοῦτον·
943 785 1024 853 τά
1053 813 1123 854 τε
1153 784 1321 855 ἅλλα
1348 785 1475 876 γάρ
1505 815 1624 874 μιν
1651 793 1912 875 κρίνειν
1941 777 2040 864 εὖ,
2073 787 2183 853 καὶ
2215 785 2290 853 δὲ
2318 786 2429 853 καὶ
2457 789 2549 875 τῷ
2579 786 2735 862 ,ἐπι-
2766 793 2880 848 166

484 892 891 982 μεμφομένῳ
923 892 995 958 ἐκ
1024 895 1140 976 τῆς
1170 895 1360 977 δίκης
1388 887 1547 977 παρ’
1597 892 1854 959 ἑωυτοῦ
1897 887 2176 958 διδόντα
2212 885 2416 970 ἄλλα,
2462 883 2773 974 ἀποπιμ-

483 994 730 1066 πλάναι
775 991 985 1063 αὐτοῦ
1014 990 1133 1060 τὸν
1161 992 1411 1081 θυμόν.
1487 990 1698 1062 Ἐόντι
1734 992 1810 1061 δὲ
1855 989 2033 1084 ἠπίῳ
2055 988 2156 1082 ’τῷ
2184 998 2559 1082 όΜυκερίνῳ
2596 987 2783 1058 κατὰ

485 1097 641 1178 τοῦς
681 1096 1030 1185 πολιήτας,
1057 1099 1186 1170 ,καὶ
1227 1102 1435 1165 ταῦτα
1480 1096 1945 1183 ἐπιτηδεύοντι
1993 1099 2263 1183 πρῶτον
2304 1099 2533 1161 κακῶν
2569 1091 2780 1182 ἄρξαι

485 1200 609 1290 τὴν
663 1202 1010 1286 θυγατέρα
1051 1195 1538 1269 ἀποθανοῦσαν
1583 1196 1830 1282 αὐτοῦ,
1882 1197 2009 1287 τὴν
2051 1197 2311 1285 μοῦνόν
2351 1201 2422 1265 οἱ
2460 1195 2635 1265 εἶναι
2694 1199 2782 1264 ἐν

485 1320 656 1374 τοῖσι
688 1309 958 1371 οἰκίοισι
996 1304 1256 1371 τέκνον.
1339 1301 1460 1371 τὸν
1488 1302 1564 1370 δὲ
1587 1298 2146 1393 ὑπεραλγήσαντά
2176 1328 2279 1384 τε,
2323 1305 2419 1392 τῷ
2446 1325 2774 1387 περιεπε-

491 1405 748 1476 πτώκεε
778 1403 1113 1494 πρήγματι
1131 1456 1149 1489 ,
1194 1407 1304 1473 καὶ
1332 1406 1752 1494 βουλόμενον
1779 1403 2259 1493 περισσότερόν
2285 1430 2348 1471 τι
2376 1409 2513 1471 τῶν
2538 1400 2780 1472 ἄλλων

487 1506 707 1590 θάψαι
747 1506 873 1595 τὴν
908 1511 1293 1596 θυγατέρα,
1349 1508 1760 1597 ποιήσασθαι
1789 1514 1961 1597 βοῦν
2000 1511 2279 1594 ξυλίνην
2320 1513 2575 1594 κοίλην.
2651 1508 2777 1573 καὶ

489 1619 717 1682 ἔπειτα
745 1610 1352 1700 καταχρυσώσαντά
1375 1640 1494 1701 μιν
1520 1613 1793 1700 ταύτην,
1823 1619 1954 1680 ἔσω
1975 1614 2049 1679 ἐν
2076 1606 2247 1698 αὐτῇ
2274 1609 2489 1690 θάψαι
2514 1606 2779 1696 ταύτην

485 1812 730 1877 inprimis
774 1809 880 1859 hoc
933 1807 1052 1859 loco
1102 1808 1485 1874 intelligenda,
1542 1826 1578 1860 a

488 1882 685 1947 quibus
723 1880 941 1930 avocati
972 1884 1127 1929 erant
1163 1879 1234 1928 ad
1266 1880 1577 1962 pyramides

488 1950 776 2002 struendas
820 1949 920 1998 sub
965 1948 1202 2012 priorum
1245 1964 1432 2013 regum
1480 1950 1577 1998 im-

488 2022 656 2085 perio.
729 2020 849 2069 Hoc
893 2032 1058 2067 sensu
1095 2011 1228 2082 ἔργα
1270 2019 1576 2068 invenimus

489 2090 534 2151 1,
564 2090 649 2152 36,
672 2088 766 2137 ubi
792 2087 900 2136 vid.
934 2077 1252 2145 -ἆνείναι,
1291 2088 1327 2136 i.
1358 2104 1406 2138 e.
1434 2089 1575 2137 ‹iimi-

487 2160 616 2208 sisse
652 2157 769 2206 sive
807 2156 1085 2217 remisisse,
1126 2155 1324 2205 dicitur
1353 2172 1447 2206 rex
1482 2173 1576 2222 po-

489 2225 702 2292 pulum,
752 2230 916 2274 antea
949 2223 1226 2273 laboribus
1270 2241 1455 2291 regum
1495 2242 1578 2275 se-

489 2296 723 2345 veritate
761 2292 1031 2356 impositis
1078 2294 1355 2356 attritum,
1405 2299 1469 2344 ut
1505 2295 1576 2344 ad

488 2364 712 2429 negotia
745 2366 1010 2412 consueta
1046 2366 1101 2410 et
1124 2377 1308 2412 sacras
1344 2378 1430 2413 res
1456 2378 1577 2428 per-

488 2433 731 2498 agendas
784 2431 960 2480 denuo
1014 2445 1072 2479 se
1133 2438 1473 2483 converteret
1528 2449 1576 2483 s.

490 2501 717 2560 rediret,
766 2499 1213 2580 quemadmodum
1253 2493 1576 2564 11,173ές

489 2570 764 2635 παιγνίην
800 2559 1011 2618 ἕωυτόν
1064 2539 1344 2619 ἀνιέναι
1381 2577 1434 2622 et
1479 2572 1575 2634 lv,

496 2641 611 2692 180.
685 2639 845 2690 Conf.
896 2639 1060 2688 etiam
1103 2639 1189 2702 11,
1241 2639 1339 2691 167
1391 2643 1578 2707 ibique

489 2715 628 2761 nott.
714 2710 850 2760 Inde
904 2709 1045 2759 hunc
1105 2725 1286 2773 regem
1341 2712 1578 2770 omnium

491 2781 721 2830 maxime
755 2778 967 2829 laudari
1005 2778 1073 2827 ab
1112 2779 1397 2843 Aegyptiis
1435 2780 1580 2845 quod

490 2851 691 2899 Noster
717 2848 881 2908 dixit,
920 2852 1046 2909 apte
1072 2847 1319 2897 adhibuit
1348 2850 1580 2914 Lepsius

488 2919 627 2974 (Das
650 2915 1006 2966 Todtenbuch
1034 2916 1126 2964 der
1150 2918 1426 2982 Aegypter
1451 2934 1576 2982 pag

496 2986 578 3037 10.
630 2986 715 3049 11)
771 2984 841 3034 ad
900 2999 1021 3033 eum
1065 2984 1189 3033 libri
1247 2991 1578 3036 mortuorum

488 3053 744 3118 Aegyptii
777 3053 976 3114 locum,
1013 3053 1068 3101 in
1103 3069 1206 3117 quo
1238 3053 1397 3104 huius
1434 3056 1579 3118 regis

490 3123 692 3172 mentio
732 3121 792 3170 fit
837 3121 1044 3185 recepti
1081 3121 1137 3170 in
1175 3136 1361 3171 sacros
1401 3125 1579 3189 Aegy-

487 3193 722 3257 ptiorum
752 3190 942 3240 libros.

559 3289 653 3344 καὶ
690 3287 763 3358 δὴ
798 3287 893 3341 καὶ
928 3288 1014 3378 τῷ
1043 3283 1478 3372 ἐπιμεμφομένῳ
1519 3286 1579 3342 ἐκ

485 3362 586 3447 τῆς
641 3360 808 3427 δίκης
875 3357 1014 3425 παρ’
1070 3350 1286 3410 ἑωυτοῦ
1339 3345 1580 3411 διδόντα

484 3426 648 3498 αλλα]
701 3434 738 3483 i.
776 3447 820 3483 e.
860 3440 957 3481 tum
994 3446 1114 3481 vero
1163 3434 1336 3495 etiam,
1387 3435 1435 3482 si
1468 3435 1579 3496 quis

485 3504 547 3555 ob
594 3503 884 3553 sententiam
930 3500 993 3550 ab
1028 3502 1140 3564 ipso
1181 3503 1334 3550 latam
1369 3516 1581 3566 conque-

487 3579 720 3631 reretur,
758 3573 808 3622 ei
840 3571 904 3620 de
940 3585 1031 3620 suo
1068 3569 1270 3620 dedisse
1305 3571 1450 3629 alias
1471 3573 1580 3634 qui-

487 3645 578 3693 bus
613 3643 755 3692 istius
802 3643 928 3690 iram
963 3642 1198 3702 expleret
1231 3655 1274 3689 s.
1313 3642 1576 3703 mitigaret.

491 3713 646 3773 Quae
686 3710 873 3761 eadem
913 3710 993 3758 sic
1025 3709 1267 3758 reddidit
1305 3709 1580 3776 Diodorus

490 3782 544 3842 1,
579 3781 676 3830 64.
726 3805 796 3816 --
831 3770 973 3827 κατὰ
1018 3771 1080 3826 δὲ
1131 3769 1267 3833 τοῦς
1312 3771 1580 3842 χρηματι-

493 3844 671 3912 σμοὺς
704 3846 763 3911 (i.
796 3862 845 3897 e.
881 3851 933 3896 in
967 3851 1077 3897 iure
1113 3847 1352 3923 dicundo)
1389 3842 1582 3895 ἀναλί-

488 3930 642 3967 σκειν
682 3910 984 3979 χρημάτων
1033 3913 1289 3979 πλῆθος,
1337 3907 1578 3965 διδόντα

487 3976 704 4047 δωρεὰς
745 3981 859 4032 τῶν
901 3975 1167 4033 ἐπιεικων
1211 3985 1333 4041 τοις
1370 3982 1578 4033 δοκοῦ-

488 4068 579 4104 σιν
618 4043 678 4101 ἐν
714 4053 838 4108 ταις
874 4056 1132 4130 κρίσεσιν
1161 4045 1239 4116 μὴ
1271 4047 1414 4102 κατὰ
1449 4044 1578 4117 τρό-

485 4136 601 4174 πον
666 4111 1056 4170 ἀπαλλάττειν
1164 4121 1231 4170 In
1291 4122 1574 4173 Herodoto

482 4191 653 4243 verba
706 4179 765 4238 ἐκ
817 4186 918 4252 τῆς
967 4185 1133 4253 δίκης
1184 4205 1301 4240 cum
1357 4192 1576 4241 Wesse-

479 4260 652 4327 lingio
709 4256 1033 4322 explicanda
1076 4263 1229 4308 sunt:
1306 4260 1366 4310 ob
1420 4263 1572 4310 laeam

482 4330 801 4392 senteutiam,
868 4327 1008 4391 nisi,
1074 4327 1220 4392 quod
1281 4328 1352 4378 ad
1429 4328 1573 4378 idem

1681 1811 1795 1861 fere
1832 1810 2000 1873 redit,
2039 1809 2312 1874 explicare
2348 1808 2530 1860 malis:
2575 1809 2779 1875 siquis

1682 1895 1710 1929 e
1766 1880 1968 1930 iudicio
2025 1879 2311 1930 discedens
2368 1895 2433 1929 ex
2489 1878 2592 1928 boc
2647 1879 2775 1943 ipso

1678 1951 1921 2015 (propter
1967 1948 2023 1998 id
2088 1947 2287 2014 ipsum)
2348 1947 2600 2013 querelae
2644 1964 2776 1998 cau-

1679 2035 1793 2068 sam
1832 2024 2070 2084 caperet.
2139 2017 2298 2069 Conf.
2339 2018 2483 2067 infra
2520 2017 2775 2078 11‚15·2.

1677 2090 1761 2138 De
1783 2087 2057 2139 locutione
2095 2077 2256 2150 παρ’
2289 2079 2523 2146 ἕωυτοΐ,
2559 2087 2623 2136 de
2656 2103 2769 2149 suo,

1676 2159 1715 2208 i.
1756 2173 1803 2208 e.
1855 2159 1917 2207 de
1951 2160 2056 2208 suis
2082 2158 2335 2219 pecuniis,
2383 2124 2572 2206 conf'er
2606 2157 2773 2206 Lam-

1676 2227 1818 2278 bert.
1844 2228 1973 2277 Bos.
2011 2226 2202 2290 Ellips.
2238 2224 2276 2276 l.
2316 2226 2408 2276 Gr.
2446 2243 2497 2291 p.
2540 2224 2659 2276 582.

1747 2305 1871 2375 τὴν
1908 2302 2130 2375 μοῦνόν
2166 2304 2226 2373 οἷ
2259 2303 2407 2359 εἶναι
2434 2342 2503 2350 —-
2541 2306 2770 2376 τέκνον]

1678 2381 1918 2431 Mutavit
1953 2380 2305 2443 Schaeferus,
2343 2396 2500 2445 quem
2538 2385 2772 2431 recentt.

1680 2450 1802 2501 edd.
1843 2465 2059 2514 quoque
2084 2451 2260 2500 secuti
2295 2455 2450 2511 sunt,
2489 2442 2596 2513 τὴν
2626 2451 2685 2499 in
2707 2446 2773 2498 τὸ

1680 2520 1748 2570 ob
1788 2534 2018 2584 sequens
2053 2517 2283 2580 τέκνον,
2331 2519 2598 2583 probante
2634 2521 2775 2569 Her·

1680 2604 1878 2639 manno
1929 2588 1999 2638 ad
2032 2589 2219 2652 Vigor.
2270 2603 2399 2652 pag.
2447 2587 2567 2639 708.
2654 2589 2775 2638 Nec

1682 2659 1841 2709 aliter
1876 2672 2041 2722 snpra
2081 2658 2165 2719 ΙΙ,
2211 2657 2307 2706 124
2354 2648 2473 2712 τὰς
2517 2648 2772 2707 ἐποιέετο

1682 2719 1931 2790 θήκας.
1983 2727 2091 2778 Sed
2124 2726 2267 2775 infra
2296 2726 2391 2786 IV,
2424 2726 2519 2776 20·
2558 2717 2632 2774 τὸ
2671 2741 2771 2774 κα-

1680 2791 1860 2845 λέεται
1914 2793 2196 2860 Κρημνοί.
2248 2825 2317 2833 -
2376 2762 2447 2845 ’In
2498 2811 2651 2875 seqq.
2699 2795 2771 2845 ad

1682 2864 2141 2997 εῗηῐίἷὶοῗὲἰξη-ἷπι
2199 2863 2348 2983 verb-i
2410 2857 2771 2929 ποιήσασθαι

1683 2951 1713 2985 c
2047 2951 2064 2982 ι
2105 2949 2179 2998 iq.
2222 2950 2292 2984 no

1753 3010 2113 3083 ποιήσασθαι
2161 3016 2306 3084 βοῦν
2364 3014 2603 3082 ξυλίνην
2650 3018 2773 3066 κοί-

1682 3087 1813 3154 λην]
1861 3089 2015 3138 Haec
2062 3104 2167 3153 quo
2217 3092 2497 3153 spectent,
2544 3088 2771 3137 manife-

1682 3164 1826 3209 stum
1863 3158 1968 3207 erit
2004 3173 2070 3208 ex
2104 3157 2204 3218 iis,
2244 3173 2380 3222 quae
2418 3156 2488 3207 ad
2525 3156 2611 3216 11,
2671 3155 2773 3206 132

1681 3232 1960 3277 notantur.
2031 3227 2173 3276 Add.
2215 3242 2299 3289 ea,
2340 3241 2480 3291 quae
2503 3226 2575 3275 ad
2600 3225 2676 3285 11.
2702 3227 2767 3276 41

1683 3296 2080 3361 disputavimus
2123 3295 2191 3346 de
2241 3297 2411 3358 bove,
2460 3310 2598 3361 quae
2635 3293 2773 3344 Isidi

1683 3371 1770 3416 est
1807 3371 2129 3416 consecrata
2175 3364 2493 3430 tellurisque
2541 3365 2774 3414 habetur

1683 3435 2005 3500 symbolum.
2078 3435 2158 3484 Ac
2196 3441 2413 3500 praeter
2456 3434 2774 3498 primarium

1681 3504 1963 3555 Plutarchi
1995 3504 2176 3554 locum
2194 3541 2206 3565 ,
2244 3519 2402 3568 quem
2428 3503 2573 3552 infra
2595 3503 2775 3567 profe-

1680 3589 1859 3623 remus
1881 3573 1984 3636 (ΙΙ.
2010 3588 2138 3639 pag.
2159 3573 2308 3634 366),
2341 3573 2582 3623 conferri
2605 3572 2773 3621 etiam

1680 3643 1884 3707 poterit
1919 3643 2058 3693 alter
2099 3641 2338 3692 eiusdem
2376 3641 2660 3706 scriptoris
2694 3640 2773 3689 lo-

1682 3727 1778 3762 cus
1827 3710 1926 3775 (11.
1973 3727 2100 3777 pag.
2156 3709 2257 3761 368
2288 3711 2391 3775 A),
2438 3726 2597 3775 quem
2645 3724 2773 3759 eun-

1682 3781 1804 3831 dem
1851 3796 1973 3831 cum
2016 3780 2285 3830 Herodoti
2331 3779 2648 3830 narratione
2704 3777 2771 3828 de

1681 3851 1948 3914 Mycerini
2011 3849 2125 3898 filia
2182 3855 2310 3913 apte
2377 3850 2485 3898 iam
2543 3846 2775 3898 contulit

1680 3920 1862 3984 Zoega
1900 3918 1966 3968 de
2004 3917 2165 3968 obell.
2210 3934 2264 3983 p.
2303 3917 2422 3968 331.
2497 3917 2774 3967 Observat

1676 3988 1909 4052 Lepsius
1949 3986 2276 4053 Chronolog.
2299 4004 2355 4052 p.
2381 3987 2511 4048 309,
2550 3987 2768 4050 reginas

1674 4057 1976 4121 Aegyptias
2025 4057 2255 4107 subinde
2302 4056 2552 4107 conditas
2601 4055 2770 4105 fuisse

1674 4125 1732 4174 in
1782 4125 2140 4191 sarcophagis
2198 4126 2355 4175 bovis
2409 4125 2638 4175 formam
2688 4140 2771 4175 re-

1673 4195 2153 4259 praesentantibus
2177 4195 2412 4259 talisque
2440 4192 2769 4258 sarcophagi

1674 4263 1966 4328 imaginem
1992 4264 2216 4328 reperiri
2236 4265 2293 4313 in
2320 4262 2589 4327 sepulcre,
2625 4263 2771 4327 quod

1671 4332 1742 4382 ad
1779 4333 2011 4398 Cheopis
2048 4338 2295 4397 tempora
2330 4331 2626 4397 pertineat.
