3109 5092
1216 353 1464 416 OLIO.
1509 355 1562 415 I.
1620 362 1743 419 143.
1789 362 1911 419 144.

2575 354 2699 416 295

426 536 530 597 λοι
546 523 779 606 Ἴωνες
820 526 933 594 καὶ
961 528 1031 594 οἰ
1056 521 1404 615 Ἀθηναῖοι
1450 533 1712 617 ἔφυγον
1737 525 1812 598 τὸ
1851 524 2140 620 οὕνομα,
2183 528 2265 601 οὐ
2290 532 2695 622 βουλόμενοι

410 630 633 711 Ἴωνες
663 634 1067 718 κεκλῆσθαι·
1113 626 1285 700 ἀλλὰ
1330 632 1443 701 καὶ
1481 635 1615 703 νῦν
1655 641 2023 721 φαίνονταί
2053 662 2166 722 μοι
2205 639 2277 704 οἱ
2308 639 2544 705 πολλοὶ
2567 635 2691 707 αὐ-

424 739 562 806 των
589 730 1115 821 ἐπαισχύνεσθαι
1143 738 1237 825 τῷ
1262 731 1603 824 οὐνόματι.
1673 741 1750 805 αἱ
1783 736 1859 804 δὲ
1893 735 2206 809 δυώδεκα
2243 737 2470 820 πόλιες
2494 731 2692 810 αὗται

424 844 518 932 τῷ
546 865 617 908 τε
646 834 967 925 οὐνόματι
996 832 1398 925 ἠγάλλοντο,
1445 840 1556 908 καὶ
1588 837 1739 927 ἱρὸν
1779 839 2142 925 ἱδρύσαντο
2170 838 2281 912 ἐπὶ
2306 841 2540 931 σφέων
2565 840 2689 913 αὖ·

425 947 596 1026 τών,
636 946 731 1033 τῷ
770 937 1027 1028 οὕνομα
1067 946 1306 1009 ἔθεντο
1346 942 1769 1013 Πανιώνιον·
1824 939 2314 1031 ἕβουλεύσαπο
2362 947 2438 1016 δὲ
2478 944 2693 1016 αὐτοῦ

425 1049 833 1136 μεταδοῦναι
893 1048 1253 1133 μηδαμοῖσι
1308 1042 1570 1115 ἄλλοισι
1614 1042 1892 1116 Ἰώνων*
1971 1044 2119 1117 οὐδ’
2172 1045 2555 1140 ἐδεήθησαν
2613 1050 2691 1119 δὲ

426 1146 712 1238 οὐδαμοὶ
761 1163 1149 1237 μετασχεῖν,
1201 1142 1304 1218 ὅτι
1347 1146 1440 1237 μὴ
1484 1157 1886 1239 Σμυρναῖοι.
1971 1151 2292 1241 Κατάπερ
2338 1158 2407 1223 οἱ
2448 1149 2524 1223 ἐκ
2571 1157 2826 1243 τῆςῙ44

425 1250 884 1331 Πενταπόλιος
919 1255 1052 1321 νῦν
1090 1249 1309 1340 χώρης
1334 1254 1665 1342 Δωριέες,
1708 1252 2036 1342 πρότερον
2064 1253 2139 1324 δὲ
2166 1250 2542 1338 Ἐξαπόλιος
2576 1260 2693 1345 τῆς

425 1353 629 1444 αὐτῆς
667 1354 910 1443 ταύτης
946 1356 1388 1444 καλεομένης,
1445 1355 1906 1444 φυλάσσονται
1961 1347 2059 1426 niv
2103 1357 2454 1448 μηδαμοὺς
2497 1356 2687 1430 ἐσδέ-

425 1463 668 1541 ξασθαι
705 1462 845 1528 τών
882 1464 1263 1545 προσοίκων
1303 1457 1634 1549 Δωριέων
1674 1455 1741 1539 ἐς
1777 1457 1851 1529 τὸ
1891 1460 2250 1550 Τριοπικὸν
2288 1461 2469 1552 ἱρόν·
2520 1460 2692 1533 ἄλλα

423 1626 685 1677 zeitschr.
734 1624 775 1675 f.
822 1624 1306 1676 Alterthumswiss.
1349 1625 1503 1678 1837.

421 1712 503 1746 nr.
548 1695 663 1746 101.
703 1712 756 1760 p.
792 1695 893 1746 827
925 1710 1077 1761 seqq.
1136 1697 1329 1762 Neque
1362 1697 1505 1747 enim

420 1780 659 1831 unquam
683 1765 903 1829 probari
929 1766 1155 1829 poterit,
1193 1767 1388 1817 Ionum
1414 1782 1507 1816 no-

421 1850 543 1886 men
589 1836 645 1884 iu
698 1835 833 1884 Asia
880 1834 1091 1885 demum
1136 1840 1315 1885 ortum
1366 1850 1502 1886 esse.

421 1904 562 1956 Add.
585 1904 645 1954 C.
659 1904 723 1954 F.
736 1905 1035 1955 Hermann.
1059 1905 1274 1957 Griech.
1296 1906 1507 1956 Staats-

422 1973 813 2036 altertb.§.77.
852 1974 917 2023 In
939 1975 1149 2024 verbis:
1187 1966 1318 2038 ἱρὸν
1344 1967 1509 2038 ἱδρύ-

424 2057 596 2094 σαντο
632 2034 725 2092 ἐπὶ
760 2040 952 2107 σφέων
986 2034 1178 2093 αὐτῶν
1213 2045 1389 2094 secuti
1420 2060 1507 2094 su-

423 2129 541 2164 mus
582 2111 1019 2177 Schweighaeus.
1065 2117 1229 2178 atque
1265 2115 1507 2165 Gaisfor·

424 2184 596 2244 dium,
637 2183 730 2248 qui
750 2182 905 2232 libris
931 2198 1092 2233 manu
1117 2183 1333 2247 scriptis
1367 2199 1507 2234 com-

422 2253 556 2303 moti
600 2253 682 2302 sic
731 2251 1035 2302 ediderunt.
1128 2253 1213 2302 De
1258 2243 1350 2301 ἐπὶ
1394 2253 1507 2302 dixi

424 2323 495 2373 ad
528 2324 575 2383 1,
618 2323 718 2373 142
752 2321 845 2372 fin.
870 2349 940 2359 —
974 2323 1060 2372 De
1083 2322 1353 2373 Panionio
1391 2322 1503 2374 vid.

425 2392 495 2442 ad
530 2393 575 2452 Ι,
619 2391 736 2441 148.

494 2450 644 2512 οὐδ’
718 2450 1045 2523 ἐδεήθησαν
1115 2453 1189 2508 δὲ
1257 2449 1504 2523 οὐδαμοὶ

421 2528 735 2596 μετασχεῖν]
789 2523 863 2579 δὲ
909 2533 970 2579 ιιι
1016 2529 1073 2578 in
1110 2529 1339 2579 diversis
1386 2545 1505 2581 ora-

422 2602 589 2652 tionis
625 2599 900 2665 partibus,
938 2599 1019 2649 sic
1041 2599 1098 2648 in
1133 2600 1320 2649 eodem
1346 2616 1506 2650 mem-

421 2673 519 2722 bro
555 2671 643 2721 hic
676 2669 965 2733 repetitum
1002 2668 1260 2719 observat
1301 2669 1505 2720 Werfe-

420 2757 513 2792 rus
564 2741 621 2790 in
666 2740 816 2791 Actt.
867 2737 1021 2804 phin.
1057 2738 1309 2790 Monacc.
1351 2739 1406 2802 1,
1451 2740 1499 2791 l.

420 2827 547 2876 pag.
585 2809 673 2862 98.

766 2979 897 3031 cir.
929 2978 1170 3031 CXLIV.

491 3075 758 3148 Κατάπερ
791 3076 853 3134 οῖ
882 3075 944 3134 ἐκ
978 3081 1081 3148 τῆς
1111 3072 1503 3139 Πενταπόλιος

423 3153 531 3206 νῦν
572 3147 759 3220 χώρης
799 3169 851 3203 κ.
897 3168 946 3203 τ.
985 3152 1072 3220 ‚2.]
1122 3151 1271 3202 Cave
1310 3151 1500 3203 credas

421 3229 635 3292 praeter
670 3224 770 3273 has
809 3224 1048 3290 quinque
1082 3237 1128 3273 s.
1153 3237 1250 3272 sex
1273 3222 1501 3272 Dorien-

421 3297 562 3346 sium
597 3294 879 3356 civitates,
930 3309 1068 3359 quae
1105 3291 1323 3342 foedere
1359 3292 1501 3342 inter

422 3382 482 3416 se
516 3365 735 3415 iunctae
782 3368 957 3423 erant,
1005 3360 1184 3412 nullas
1233 3361 1369 3411 alias
1414 3376 1501 3411 ur-

419 3436 516 3485 bes
542 3434 819 3484 insulasve
842 3434 897 3482 in
922 3430 1029 3481 illis
1060 3432 1371 3496 regionibns
1393 3432 1504 3481 Do-

419 3507 569 3555 ricae
609 3502 797 3567 stirpis
833 3503 1019 3552 fuisse.
1092 3500 1285 3551 Plures
1321 3515 1504 3550 recen-

421 3580 608 3625 sentur
643 3589 677 3623 a
704 3572 766 3623 C.
794 3571 860 3623 O.
886 3570 1146 3621 Muellero
1184 3571 1268 3635 (in
1296 3572 1425 3621 Dor.
1455 3570 1502 3620 1.

420 3661 476 3709 p.
505 3644 605 3696 105
628 3640 826 3708 seqq.),
864 3656 1003 3706 quae
1037 3639 1126 3690 vel
1158 3640 1228 3690 ab
1263 3639 1371 3690 illis
1410 3655 1505 3689 sex

417 3713 713 3764 maioribus
748 3710 1058 3776 pendebant
1092 3709 1179 3760 vel
1211 3710 1501 3759 maximam

418 3788 630 3847 partem
666 3785 824 3832 erant
858 3779 1070 3830 solutae
1104 3780 1173 3829 ab
1195 3779 1303 3829 illis
1339 3795 1404 3829 ac
1438 3778 1501 3828 li-

419 3854 608 3915 berae,
650 3852 848 3917 quippe
873 3849 1155 3900 discordiis
1186 3854 1351 3913 atque
1377 3864 1502 3898 con-

421 3922 725 3984 troversiis,
764 3924 825 3970 ιιι
853 3919 1097 3982 videtur,
1140 3920 1207 3969 ab
1245 3919 1369 3968 istis
1406 3933 1501 3967 sex

420 3991 736 4043 civitatibus
790 3989 1084 4039 foederatis
1137 3993 1347 4038 mature
1392 3988 1501 4037 iam

417 4063 699 4113 seiunctae
721 4064 776 4110 et
794 4057 1087 4110 alienatae.
1112 4059 1299 4124 Neque
1319 4057 1501 4121 etiam,

421 4132 468 4182 si
504 4130 766 4181 Muellero
800 4128 1020 4191 credas,
1059 4127 1285 4178 multum
1312 4127 1382 4177 ad
1416 4142 1502 4177 res

419 4200 667 4266 publicas
713 4198 930 4251 omnino
965 4199 1133 4248 hocce
1181 4197 1373 4247 foedus
1409 4213 1501 4246 va-

420 4271 544 4322 luit.
626 4268 931 4335 Apollinem
977 4268 1154 4318 Dores
1210 4267 1289 4316 illi
1343 4267 1500 4317 deum

424 4339 707 4392 tutelarem
779 4339 984 4390 foederi
1051 4341 1501 4401 praeposuerant;

423 4410 569 4479 quod
613 4424 770 4462 nemo
821 4408 1133 4473 mirabitur,
1194 4406 1288 4474 qui
1339 4405 1500 4458 huius

1608 1626 1697 1676 dei
1720 1625 1926 1677 cultum
1944 1627 2180 1678 Doricae
2210 1627 2400 1694 stirpis
2435 1629 2705 1695 gentibus-

1608 1696 1768 1761 quasi
1830 1696 2106 1761 proprium
2171 1713 2290 1748 esse
2350 1699 2689 1764 cognoverit.

1607 1766 1748 1815 Eum
1785 1766 1951 1815 etiam
1977 1765 2134 1816 deum
2159 1767 2316 1831 primi
2350 1766 2429 1816 illi
2449 1768 2507 1817 in
2533 1768 2691 1818 Asia-

1607 1835 1748 1885 ticas
1793 1834 2036 1885 colonias
2085 1850 2269 1885 secum
2320 1836 2542 1887 duxisse
2599 1836 2691 1898 (ut

1604 1894 1951 1968 ἀρχηγέτην)
2007 1904 2357 1970 eiusdemque
2408 1921 2567 1955 sacra
2610 1906 2691 1955 in-

1607 1973 1856 2023 stituisse
1901 1972 2182 2036 videntur,
2242 1975 2460 2025 minime
2507 1981 2690 2025 tamen

1608 2043 1833 2093 remotis
1879 2043 1947 2091 iis
1990 2043 2329 2107 numinibus,
2377 2059 2517 2109 quae
2562 2048 2691 2095 ante

1607 2112 1956 2162 Doriensium
1988 2113 2281 2162 adventum
2316 2113 2402 2163 his
2436 2114 2494 2163 in
2515 2114 2690 2180 regio-

1609 2181 1769 2231 nibus
1805 2182 1945 2232 forte
1970 2180 2122 2231 culta
2156 2183 2384 2246 fuerint,
2429 2182 2524 2233 sed
2549 2184 2688 2234 adeo

1605 2250 1808 2301 iunctis
1852 2250 2121 2315 Apollini,
2180 2252 2262 2303 ita
2307 2257 2370 2302 ut
2415 2253 2688 2318 Triopicis

1607 2319 1714 2371 diis
1753 2321 2059 2371 communia
2103 2336 2263 2373 sacra
2306 2323 2579 2384 facereut3
2631 2324 2687 2373 in

1606 2390 1804 2455 quibus
1858 2395 2074 2455 praeter
2119 2390 2424 2456 Apollinem
2479 2407 2690 2443 summo

1605 2458 1727 2510 loco
1763 2459 1967 2511 cultum
2005 2461 2170 2510 etiam
2203 2463 2487 2525 Neptunus
2525 2463 2690 2526 Nym-

1604 2528 1853 2595 phaeque
1908 2530 2171 2581 feruntur.
2258 2531 2381 2582 Vid.
2435 2530 2685 2582 Mueller.

1605 2599 1642 2649 l.
1689 2598 1727 2650 1.
1777 2614 1832 2663 p.
1871 2598 1991 2649 262.
2076 2600 2192 2650 Nec
2237 2604 2421 2650 tamen
2465 2599 2687 2650 dubium

1605 2667 1823 2717 videtur
1874 2668 2148 2718 Boeckhio
2201 2667 2387 2733 (Corp.
2428 2669 2686 2733 Inscript.

1606 2738 1665 2800 1,
1705 2739 1755 2788 1.
1792 2753 1845 2801 p.
1883 2736 2005 2801 45),
2053 2736 2187 2787 illud
2223 2752 2436 2788 sacrum
2478 2737 2689 2802 Triopi-

1606 2821 1728 2858 cum
1756 2805 1978 2856 Cereale
2000 2807 2340 2871 potissimum
2372 2807 2541 2857 fuisse
2558 2844 2572 2870 ,
2608 2807 2690 2858 ita

1604 2881 1666 2927 ut
1714 2875 1924 2926 Cereris
1972 2891 2158 2940 sacra,
2206 2875 2275 2927 de
2310 2877 2505 2942 quibus
2553 2875 2690 2927 nihil

1603 2948 1806 2996 Noster
1839 2946 2132 2996 memoriae
2168 2945 2433 3011 prodidit,
2470 2944 2559 2997 hic
2595 2947 2688 2996 ad-

1602 3015 1840 3066 iicienda
1875 3020 2076 3068 essent.
2137 3017 2204 3066 In
2236 3015 2378 3066 hanc
2412 3031 2525 3066 rem
2561 3032 2688 3066 con-

1603 3086 1732 3136 ferri
1767 3086 1933 3136 etiam
1969 3090 2224 3150 possunt,
2260 3101 2399 3152 quae
2432 3084 2688 3151 leguntur

1601 3156 1660 3205 in
1696 3154 1846 3207 Hau.
1887 3156 2023 3205 Litt.
2061 3156 2198 3206 Zeit.
2237 3156 2392 3209 1834.
2445 3157 2682 3221 Erganz.

1603 3225 1687 3276 Bl.
1729 3241 1812 3277 nr.
1854 3226 1971 3276 112.
2009 3241 2063 3290 p.
2100 3224 2200 3276 891
2242 3241 2357 3290 seq.

1673 3286 1728 3351 ἐς
1763 3287 1826 3345 τὸ
1868 3285 2186 3358 Τριοπικὸν
2224 3286 2377 3360 ἱρόν]
2432 3294 2687 3358 Tm'opr'um

1601 3364 1752 3414 urbis
1791 3364 2017 3414 Caricae
2054 3369 2139 3415 est
2176 3380 2370 3414 nomen
2408 3363 2687 3414 conditum

1603 3449 1638 3483 a
1661 3434 1881 3498 Triopa‚
1916 3432 2331 3497 Erysichthonis
2354 3437 2529 3498 patre.
2574 3432 2686 3481 Uu-

1603 3503 1671 3553 de
1707 3503 1948 3553 eiusdem
1994 3503 2330 3566 cognominis
2378 3504 2688 3566 promonto-

1601 3573 1770 3634 rium,
1809 3572 1865 3620 iu
1904 3587 2011 3635 quo
2045 3570 2305 3635 templum
2342 3569 2490 3620 istud
2524 3568 2688 3633 Apol-

1600 3642 1700 3692 lini
1736 3657 1771 3691 a
1802 3641 2040 3690 Doribus
2076 3641 2135 3689 in
2169 3639 2387 3690 Cariam
2422 3639 2684 3704 ingressis

1601 3710 1927 3773 foedereque
1972 3709 2173 3759 iunctis
2211 3714 2576 3770 exstructum,
2623 3711 2686 3757 ut

1602 3780 1871 3832 communi
1921 3778 2022 3829 deo
2065 3778 2297 3844 principi
2340 3794 2498 3829 sacra
2542 3778 2688 3827 face-

1600 3854 1723 3900 rent
1755 3850 2060 3915 festumque
2095 3853 2338 3914 agerent.
2391 3847 2517 3898 vid.
2545 3862 2688 3914 quae

1603 3920 1742 3970 citat
1774 3920 1972 3970 Wasse
2008 3919 2078 3969 ad
2110 3919 2360 3986 Thucyd.
2398 3921 2561 3983 VIII,
2595 3917 2683 3971 35.

1604 3993 1660 4039 et
1686 3990 1952 4053 Forbiger
1984 3989 2206 4043 Handb.
2253 3991 2308 4042 d.
2347 3990 2443 4041 alt.
2483 3991 2684 4055 Geogr.

1603 4059 1681 4111 11.
1735 4075 1789 4122 p.
1841 4059 1965 4111 209.
2010 4059 2132 4111 221.
2203 4059 2403 4111 Clarke
2457 4059 2685 4111 Travels

1604 4129 1680 4190 ΙΙ,
1723 4129 1770 4179 1.
1809 4146 1862 4194 p.
1904 4131 2005 4180 214
2049 4145 2200 4195 seqq.
2271 4130 2451 4181 Hodie
2486 4129 2686 4181 dicitur

1605 4199 1742 4261 cape
1765 4200 1902 4250 Crio.
1951 4199 2146 4249 Utrum
2167 4215 2254 4250 res
2281 4199 2530 4265 publicas
2555 4213 2685 4263 quo-

1605 4283 1710 4333 que
1743 4268 1799 4317 in
1835 4269 1939 4319 hoc
1969 4269 2138 4330 festo,
2174 4269 2269 4320 ubi
2300 4283 2485 4319 omnes
2507 4269 2683 4317 Dores

1605 4351 1700 4387 sex
1723 4338 2008 4390 civitatum
2032 4342 2415 4400 convenerant,
2454 4337 2683 4403 egerint,

1602 4406 1748 4458 haud
1803 4408 2082 4476 cognitum
2142 4407 2426 4470 habemus3
2500 4421 2684 4472 quam-
