3109 5092
498 341 535 386 V
546 339 625 385 111

498 505 613 562 aut
652 497 1050 563 locutionum
1099 497 1646 594 significationem
1689 504 1884 584 atque
1921 520 2112 563 usum
2152 519 2659 584 exponeremus,
2700 523 2783 564 ne

497 617 946 703 grammaticis
1017 614 1277 703 quidem
1342 617 1541 682 rebus
1599 615 1918 702 neglectis
1985 618 2129 705 (ubi
2180 617 2524 682 brevitatis
2581 640 2783 683 causa

496 736 583 801 ad
618 736 935 799 Matthiae
973 737 1469 821 grammaticam
1506 738 1821 803 maiorem
1865 758 1991 800 sec.
2035 735 2190 800 edit.
2233 734 2529 823 aliosque
2571 736 2775 803 libros

497 854 657 919 satis
709 853 1015 938 vulgatos
1060 856 1309 941 passim
1354 855 1883 938 amandavimus)
1940 876 2020 917 ac
2070 854 2354 942 denique
2409 856 2624 940 ipsum
2679 880 2778 923 ar-

493 980 877 1057 gumentum
920 974 1043 1036 rite
1087 982 1160 1036 ut
1198 957 1709 1056 illustraremus,
1754 981 1891 1037 tum
1935 971 2224 1038 locorum
2255 973 2565 1039 similium
2610 1000 2778 1042 com-

494 1091 833 1178 paratione
897 1099 1035 1155 tum
1102 1096 1355 1157 summa
1419 1114 1675 1175 eorum,
1753 1113 1922 1179 quae
2002 1093 2350 1157 recentiori
2435 1103 2647 1161 aetate
2740 1119 2782 1161 a

495 1209 1099 1296 peregrinatoribus
1144 1232 1351 1299 aeque
1397 1232 1476 1276 ac
1517 1212 1683 1276 viris
1717 1209 1991 1275 literatis
2031 1210 2117 1276 ad
2161 1234 2267 1276 res
2311 1210 2396 1276 ab
2441 1211 2777 1281 Herodoto

496 1336 796 1393 narratas
852 1325 1126 1394 clariore
1175 1330 1245 1393 in
1298 1330 1443 1393 luce
1493 1328 1910 1394 collocandas
1958 1328 2160 1394 allata
2201 1340 2455 1414 essent,
2503 1343 2568 1398 et
2610 1333 2776 1398 indi-

497 1450 645 1512 cata
700 1456 766 1512 et
822 1446 1202 1511 diiudicata.
1307 1447 1474 1512 Cum
1531 1449 1706 1513 enim
1752 1469 1942 1513 nemo
1988 1449 2278 1531 nesciat,
2339 1471 2534 1535 quam
2572 1452 2779 1516 multa

494 1566 599 1631 his
644 1566 1055 1654 potissimum
1099 1566 1504 1654 temporibus
1541 1568 1828 1632 virorum
1875 1566 2399 1652 doctissimorum
2452 1568 2780 1634 industria

498 1695 563 1751 et
606 1686 1166 1774 peregrinatorum
1209 1684 1614 1750 eruditorum
1670 1684 1906 1749 studiis
1960 1683 2046 1747 ad
2105 1684 2438 1748 meliorem
2483 1681 2779 1753 Herodo-

496 1815 643 1870 teae
702 1803 1096 1868 narrationis
1149 1802 1656 1889 intelligentiam
1716 1805 1849 1869 sint
1904 1804 1974 1866 in
2025 1802 2314 1866 medium
2359 1804 2646 1890 prolata,
2700 1830 2779 1871 ea

498 1925 717 1990 omnia
765 1920 1167 1987 consulenda
1209 1930 1274 1985 et
1317 1901 1435 2009 pro
1479 1923 1789 1987 editionis
1834 1931 2095 1986 nostrae
2137 1920 2412 1987 consilio
2463 1925 2533 1987 in
2589 1946 2778 1989 usum

497 2051 790 2108 nostrum
820 2040 1264 2106 convertenda
1294 2042 1702 2125 censuimus3
1749 2043 1990 2129 quippe
2019 2040 2194 2105 unde
2226 2061 2359 2104 non
2387 2041 2473 2106 ad
2509 2044 2776 2130 scripto—

495 2184 634 2227 rem
701 2160 943 2242 solum,
1010 2180 1240 2223 verum
1293 2158 1380 2224 ad
1433 2183 1692 2225 omnem
1746 2161 2206 2246 antiquitatem
2257 2156 2389 2224 late
2447 2168 2777 2248 patentem

495 2281 847 2369 plurimum
905 2275 1071 2342 lucis
1122 2276 1538 2342 redundaret.
1651 2277 1733 2342 In
1787 2300 1915 2366 quo
1977 2278 2243 2364 negotio
2301 2287 2366 2343 et
2427 2278 2774 2345 brevitatis

496 2408 561 2464 ct
604 2396 1091 2485 perspicuitatis
1136 2396 1488 2459 maximam
1534 2396 1726 2461 nobis
1772 2418 1996 2461 curam
2053 2396 2294 2481 fuisse,
2349 2399 2601 2462 monitu
2659 2401 2779 2464 vix

496 2539 680 2603 opus.
784 2515 1005 2596 Quare
1062 2535 1228 2601 quae
1288 2515 1539 2601 priores
1595 2514 1915 2580 Herodoti
1959 2517 2348 2603 interpretes
2395 2516 2772 2601 attulerant,

495 2658 575 2702 ea
624 2658 757 2700 non
812 2633 1089 2717 integris
1160 2654 1381 2697 eorum
1447 2633 1672 2699 verbis
1741 2633 2098 2722 repetenda
2166 2633 2361 2719 duxi,
2431 2659 2513 2701 ne
2579 2638 2776 2701 nimis

494 2761 844 2839 augeretur
888 2750 1045 2816 libri
1084 2751 1324 2835 moles3
1369 2753 1487 2817 sed
1521 2776 1842 2818 summam
1882 2761 2139 2818 tantum
2183 2775 2440 2840 eorum,
2487 2777 2655 2840 quae
2692 2756 2776 2820 ab
2869 2814 2884 2821 -

492 2871 626 2937 illis
668 2869 923 2957 prolata
962 2869 1280 2953 vidimus,
1337 2871 1666 2937 indicasse
1730 2873 1936 2937 satius
1991 2873 2208 2938 visum
2254 2882 2375 2938 est.
2479 2873 2562 2939 Id
2603 2877 2778 2938 enim

492 2991 877 3077 primarium
928 2987 1055 3053 fuit
1108 2989 1485 3073 consilium,
1538 2999 1612 3055 ut
1652 2991 2058 3059 Herodotum
2110 2991 2496 3080 perlecturis
2551 3001 2667 3057 aut
2710 2994 2776 3057 in

497 3107 719 3174 schola
773 3109 1296 3194 interpretaturis
1353 3109 1527 3173 iusta
1581 3109 1970 3176 afferrentur
2028 3111 2325 3177 subsidia
2374 3111 2460 3175 ad
2520 3111 2782 3196 singula

497 3229 834 3316 scriptoris
878 3225 1084 3293 verba
1127 3227 1250 3291 rite
1296 3226 1729 3311 intelligenda
1762 3230 2034 3316 ipsaque
2074 3253 2179 3295 res
2208 3239 2510 3296 narratas
2542 3228 2778 3294 melius

496 3347 983 3432 cognoscendas
1029 3367 1106 3409 ac
1165 3343 1651 3426 diiudicandas3
1712 3348 2097 3431 praesertim
2157 3371 2303 3412 cum
2352 3349 2529 3414 haud
2582 3350 2777 3437 pauci

494 3465 938 3554 reperiantur,
985 3461 1224 3550 quibus
1269 3484 1310 3525 a
1349 3460 1753 3527 bibliotheca
1792 3462 2308 3552 locupletissima
2345 3468 2611 3532 remotis
2646 3490 2778 3532 non

496 3607 575 3649 ea
616 3582 968 3671 suppetant
1009 3581 1325 3648 librorum
1372 3581 1739 3669 praesidia,
1805 3606 1974 3671 quae
2033 3585 2119 3649 ad
2162 3584 2483 3650 Herodoti
2541 3585 2778 3650 intelli-

492 3703 786 3788 gentiam
830 3700 1107 3766 multum
1152 3700 1515 3767 conferant.
1606 3702 1998 3767 Versioncm
2033 3704 2340 3768 Latinam
2384 3704 2562 3769 haud
2594 3703 2777 3768 addi-

492 3819 740 3901 dimus,
783 3840 962 3902 cum,
1009 3841 1176 3908 quae
1221 3819 1561 3885 intellectu
1605 3820 1906 3887 seruntur
1937 3822 2346 3908 difficiliora,
2392 3846 2471 3888 ea
2502 3825 2571 3888 in
2603 3824 2776 3888 notis

489 3936 822 4026 explicata
864 3945 929 4001 et
971 3935 1301 4001 illustrata
1339 3938 1786 4005 inveniantur.

659 4057 1106 4144 Quaecunque
1174 4056 1246 4120 in
1314 4058 1487 4122 notis
1564 4061 1860 4124 Creuzero
1918 4058 2240 4124 debentur
2296 4068 2411 4124 aut
2468 4082 2556 4124 ex
2605 4060 2772 4124 eius-

492 4176 639 4242 dem
710 4174 1369 4256 commentationibus
1433 4173 1828 4243 Herodoteis
1907 4178 2166 4263 integra
2235 4187 2388 4243 sunt
2459 4187 2772 4260 assumta,

483 4297 693 4362 literis
739 4292 1106 4360 initialibus
1169 4295 1329 4382 (Cr.)
1393 4303 1698 4359 accurate
1756 4296 2217 4363 indicavimus.
2319 4295 2571 4361 Eodem
2629 4297 2772 4363 viro

479 4423 745 4479 auctore
789 4412 1055 4480 additae
1096 4434 1354 4501 quoque
1403 4420 1555 4478 sunt
1592 4412 1858 4479 tabulae
1903 4414 2226 4502 quaedam
2266 4415 2770 4503 geographicae,
