3109 5092
1123 334 1631 397 EUTERPE.
1676 335 1762 397 H.
1814 341 1936 399 177.
2542 331 2667 395 825

404 512 832 598 Αἰγυπτίοισι
874 506 1074 578 τόνδε
1095 505 1378 597 Ἀμασίς
1421 511 1563 579 ἐστι
1610 504 1647 579 ὅ
1689 507 2103 599 καταστήσας
2120 528 2134 542 ·
2183 504 2667 578 ἀποδεικνύναι

397 620 579 695 ἔτεος
605 612 888 684 ἑκάστου
916 617 1009 706 τῷ
1039 611 1337 703 νομάρχῃ
1368 612 1586 684 πάντα
1624 610 1776 683 τινὰ
1814 617 2240 700 Αἰγυπτίων,
2276 607 2445 681 ὅθεν
2471 616 2664 700 βιοῦ-

393 741 535 788 ται·
581 719 749 807 μηδὲ
793 720 1112 787 ποιεῦντα
1152 722 1397 802 ταῦτα,
1447 717 1616 806 μηδὲ
1663 714 2130 805 ἀποφαίνοντα
2180 721 2453 804 δικαίην
2487 713 2666 804 ζόην,

396 822 766 892 ἰθύνεσθαι
791 818 1088 914 θανάτῳ.
1144 820 1391 891 Σόλων
1418 821 1494 890 δὲ
1524 815 1939 909 ὁἈθηναϊος
1966 813 2194 908 λαβών
2224 822 2290 902 ἐξ
2319 817 2670 906 Αἰγύπτου

395 990 576 1039 Lane:
612 990 860 1040 Account
884 988 946 1039 of
966 988 1060 1039 the
1081 1004 1333 1040 manners
1368 989 1477 1040 and

395 1064 634 1109 customs
681 1058 743 1109 of
783 1057 875 1109 the
921 1059 1145 1109 modern
1177 1060 1381 1125 Egypt.
1427 1060 1474 1109 1.

395 1145 446 1194 p.
486 1131 572 1189 27,
609 1126 938 1179 Wilkinson.
976 1129 1233 1178 Manners
1279 1132 1384 1179 etc.
1427 1130 1478 1181 I.

396 1214 450 1262 p.
487 1198 590 1249 217
639 1196 764 1247 coll.
797 1197 1008 1248 Bohlen
1045 1198 1170 1249 Ind.
1211 1198 1257 1248 Ι.
1296 1215 1350 1263 p.
1390 1197 1476 1261 33,

393 1283 459 1317 ac
517 1282 688 1333 nuper
739 1267 1080 1331 potissimum
1130 1268 1358 1319 Moreau
1413 1267 1479 1317 de

392 1335 601 1389 Jonnes
640 1333 825 1399 (Mem.
861 1352 956 1387 sur
981 1336 1038 1386 la
1060 1335 1378 1402 population
1414 1337 1480 1387 de

390 1406 694 1456 l’ancienne
703 1406 923 1471 Egypte
942 1406 1025 1456 in:
1059 1405 1288 1471 Compte
1308 1406 1480 1457 rendu

394 1473 653 1541 [Seances
713 1480 768 1524 et
829 1479 1062 1526 travaux
1119 1475 1185 1525 de
1242 1475 1479 1542 l’Acad.]

396 1545 549 1596 1851.
574 1560 628 1610 p.
649 1545 748 1596 421
773 1559 925 1610 seqq.
953 1549 1008 1595 et
1042 1543 1311 1595 l’Institut
1329 1545 1476 1596 Sect.

391 1614 464 1664 ΙΙ.
505 1629 586 1665 nr.
626 1613 748 1665 192.
797 1630 851 1680 p.
900 1614 998 1665 140
1035 1629 1188 1681 seqq.
1239 1613 1478 1665 eiusdem

391 1684 577 1746 anni),
633 1685 728 1749 qui
775 1683 1075 1735 Diodorum
1114 1688 1336 1735 secutus
1399 1700 1483 1736 se·

389 1752 639 1819 ptuagies
684 1758 916 1804 centena
973 1752 1145 1804 millia
1204 1754 1478 1805 hominum

390 1823 698 1890 Aegyptum
722 1823 1026 1887 antiquitus
1047 1823 1343 1875 incoluisse
1366 1827 1478 1875 sta-

392 1892 498 1942 tuit
530 1892 692 1957 idque
732 1897 1017 1956 praeterea
1050 1894 1286 1957 monuit,
1331 1893 1479 1944 haud

391 1961 630 2011 defuisse
675 1962 964 2027 Aegyptiis
1020 1960 1115 2011 illa
1162 1966 1345 2014 aetate
1393 1978 1476 2027 ea,

392 2030 587 2096 quibus
622 2030 921 2082 incolarum
954 2030 1290 2097 singulorum
1330 2032 1477 2084 sacto

391 2115 618 2150 recensu
665 2106 922 2152 accurate
964 2106 1142 2152 totum
1178 2100 1476 2153 incolarum

389 2185 670 2220 numerum
712 2171 1126 2222 constituerent.

460 2229 641 2299 νόμον
666 2233 730 2289 δὲ
761 2235 1121 2304 Αἰγυπτίοισι
1157 2231 1324 2290 τόνδε
1348 2256 1401 2291 κ.
1426 2256 1473 2290 τ.

387 2306 433 2357 λ.
440 2307 460 2374 ]
483 2303 546 2357 δὲ
573 2325 692 2359 cum
717 2314 947 2361 recentt.
962 2309 1085 2360 edd.
1103 2309 1479 2373 scripsieFlo-

387 2379 588 2428 rentini
623 2383 786 2445 atque
823 2378 1049 2430 aliorum
1097 2378 1253 2430 codd.
1293 2385 1478 2430 aucto-

387 2449 551 2498 ritate
587 2464 683 2513 pro
718 2446 945 2513 vulgata
975 2462 1049 2512 τε,
1090 2464 1250 2514 quam
1278 2450 1481 2500 retinet

389 2517 666 2568 Sancrofti
711 2517 850 2569 liber
888 2533 1156 2584 quamque
1194 2520 1356 2569 etiam
1397 2535 1479 2569 re-

389 2587 556 2635 tinuit
583 2586 822 2637 Dindorf
852 2602 919 2638 ac
940 2587 1179 2653 Lhardy.
1219 2579 1477 2654 νομάρχῃ

390 2657 657 2706 intactum
693 2656 917 2721 reliqui,
967 2672 1141 2737 neque
1185 2673 1305 2708 cum
1342 2657 1477 2707 San·

392 2724 551 2775 crofti
586 2724 724 2777 libro
761 2726 957 2791 scripsi
993 2718 1286 2795 νομάρχῳ,
1338 2726 1477 2777 bene

391 2809 594 2844 memor
645 2810 859 2856 eorum,
926 2810 1064 2861 quae
1119 2795 1186 2846 de
1246 2800 1478 2862 utraque

392 2864 568 2914 forma
612 2863 757 2930 apud
791 2832 1130 2915 Herodotum
1178 2865 1235 2915 in
1271 2865 1477 2916 talibus

389 2934 699 2985 nominibus
737 2949 803 2985 ex
839 2928 992 2999 ἄρχω
1032 2935 1348 2998 compositis
1386 2935 1478 2985 ob-

388 3003 482 3053 via
520 3002 706 3054 docuit
722 3003 958 3055 BredoV.
983 3020 1109 3070 pag.
1137 3004 1259 3056 232.
1317 3004 1473 3056 Conf.

389 3073 554 3124 etiam
589 3073 691 3125 Th.
721 3074 954 3125 Malina.
989 3076 1076 3126 De
1109 3072 1350 3126 dictione
1372 3075 1479 3125 Po-

386 3143 568 3221 lyaen.
605 3159 661 3208 p.
703 3143 784 3194 10.

456 3201 602 3262 σθεν
639 3210 884 3279 βιοῦται]
939 3213 1028 3263 Ita
1073 3229 1170 3278 pro
1216 3207 1476 3279 βεβαιοῦ-

389 3296 477 3330 ται
508 3297 654 3332 nunc
702 3297 731 3331 e
771 3281 927 3333 libris
962 3282 1222 3360 pluribus
1251 3280 1474 3344 editum,

388 3349 654 3415 probante
703 3351 900 3412 Suida,
959 3352 1052 3416 qui
1090 3347 1314 3417 βιοῦται
1360 3350 1478 3400 lau-

392 3418 528 3468 dans
574 3418 810 3482 explicat
859 3415 956 3483 ζῇ,
1012 3424 1066 3470 et
1125 3419 1325 3469 dudum
1367 3435 1476 3470 mo·

389 3493 554 3538 nente
582 3487 974 3550 Valckenario,
1011 3488 1103 3553 qui
1134 3492 1280 3538 recte
1313 3488 1476 3538 inter-

389 3562 662 3622 pretatur.
713 3571 922 3622 quonam
970 3564 1181 3622 quaestu
1226 3564 1478 3608 sustenta·

389 3634 560 3707 retur,
617 3627 766 3677 ·haec
828 3626 1121 3676 adiiciens.
1191 3661 1226 3689 ‚,
1245 3617 1478 3675 ἀποδει-

387 3688 605 3746 κνύντα
633 3685 778 3746 οθεν
803 3692 1093 3761 ζῇ,1ιαὶιε1;
1113 3695 1180 3746 de
1208 3711 1268 3745 re
1290 3695 1477 3747 eadem

391 3766 620 3851 loquens
656 3765 866 3817 Aelian.
900 3765 967 3816 V.
992 3766 1065 3816 H.
1097 3766 1190 3827 IV,
1223 3765 1270 3816 1.
1307 3757 1479 3829 λόγον

390 3832 652 3885 δωσοντα
688 3866 758 3875 —-
796 3826 986 3885 πόθεν
1032 3832 1195 3915 διαζῇ
1239 3836 1345 3886 Dio
1387 3850 1473 3885 en.

389 3906 578 3955 La'ert.
617 3906 753 3967 VII,
802 3904 921 3956 168.
971 3895 1087 3954 απὸ
1131 3901 1307 3953 τίνων
1349 3851 1474 3954 ἔκα-

392 3987 522 4031 στος
572 3972 861 4037 πορίζεται
907 3965 1012 4023 τὸν
1063 3970 1194 4039 βίον
1244 3974 1471 4025 Diodor.

390 4042 558 4093 Sicul.
610 4044 666 4106 1,
712 4045 799 4093 77.
841 4070 910 4080 —
956 4043 1098 4106 Quid
1146 4043 1475 4109 Aegyptium

389 4114 619 4163 moverit
642 4111 710 4162 ad
742 4112 1089 4163 utilissimam
1125 4112 1265 4163 hanc
1301 4113 1486 4179 legem·

389 4181 693 4241 ferendam,
754 4181 914 4233 docet
958 4183 1206 4233 Perizon.
1255 4183 1326 4233 ad
1373 4184 1477 4233 Ae-

387 4249 517 4300 lian.
553 4253 621 4302 V.
655 4250 732 4301 H.
765 4253 835 4315 X,
876 4252 941 4302 14
977 4249 1060 4318 [ut
1094 4251 1308 4303 scilicet
1346 4267 1475 4318 quo-

387 4320 598 4372 tidiano
633 4321 783 4371 victu
831 4321 1138 4386 quaerendo
1189 4322 1471 4386 occupatis

365 4390 556 4441 otium
591 4406 702 4441 non
736 4390 810 4440 sit
847 4391 916 4440 ad
942 4391 1171 4441 insidias
1194 4391 1475 4457 tyrannidi

386 4458 718 4528 struendasJ.
793 4462 970 4524 Quam
1000 4477 1064 4512 ex
1100 4462 1352 4527 Aegypto
1378 4476 1472 4527 pe-

1579 990 1739 1039 titam
1778 988 1990 1038 civibus
2030 988 2142 1038 suis
2192 985 2387 1038 tulisse
2435 986 2671 1037 traditur

1581 1058 1773 1121 Solon,
1820 1055 1909 1108 lex
1942 1058 2181 1108 Draconi
2225 1057 2407 1122 potius
2451 1058 2670 1107 videtur

1583 1127 1976 1179 contribuenda
2035 1127 2185 1178 velut
2244 1126 2487 1178 auctori:
2553 1126 2667 1177 vid.

1581 1197 1908 1262 Wesseling.
1962 1195 2030 1247 ad
2071 1195 2298 1247 Diodor.
2344 1197 2392 1248 1.
2432 1211 2560 1261 pag.
2599 1196 2668 1247 88

1584 1271 1639 1318 et
1673 1266 1894 1331 Taylor.
1931 1267 2113 1318 Lectt.
2136 1267 2296 1331 Lysa.
2338 1282 2392 1331 p.
2416 1266 2516 1317 707
2553 1281 2666 1332 seq.

1585 1334 1733 1403 [Alia
1769 1336 1911 1387 hanc
1946 1335 2000 1385 in
2030 1351 2143 1386 rem
2179 1336 2385 1386 excitat
2413 1335 2664 1386 Creuzer.

1581 1407 1638 1456 in
1675 1409 1814 1456 nott.
1857 1405 2122 1457 orationis
2158 1405 2225 1455 de
2260 1405 2485 1456 civitate
2504 1405 2668 1456 Athe-

1581 1490 1773 1526 narum
1808 1479 1913 1526 etc.
1941 1491 1994 1540 p.
2026 1475 2093 1527 63
2123 1475 2239 1524 sive
2269 1473 2549 1540 Opuscull.
2589 1490 2670 1525 se·

1580 1545 1734 1597 lectt.
1773 1561 1827 1610 p.
1862 1543 1997 1611 115.]
2069 1543 2314 1596 Eandem
2352 1544 2496 1609 apud
2532 1543 2667 1595 alios

1582 1617 1748 1666 etiam
1794 1614 2023 1680 populos
2068 1614 2309 1679 viguisse
2357 1618 2486 1663 ante
2522 1613 2669 1663 Peri-

1580 1700 1703 1736 zon.
1744 1683 2061 1734 ostenderat
2084 1684 2350 1734 Abramus
2386 1683 2457 1733 ad
2491 1682 2666 1733 Cicer.

1581 1752 2045 1886 33..fl“1'183³¹²}?
2093 1769 2194 1873 ἕξει
2209 1752 2346 1872 43ὸῖ
2398 1752 2667 1872 Ηῗῖἓὲἶῖέ

1848 1860 1861 1886 ,
1940 1859 1954 1873 .
2035 1859 2048 1872 .
2347 1859 2361 1872 .

1578 1893 1701 1943 loco
1733 1893 1922 1954 utitur,
1959 1907 2024 1941 ex
2046 1907 2152 1956 quo
2180 1890 2527 1941 manifestum
2550 1889 2666 1953 fiat,

1581 1977 1742 2027 quam
1780 1961 2096 2025 diligentem
2135 1965 2190 2011 et
2223 1965 2539 2012 accuratam
2574 1975 2668 2024 po·

1579 2032 1753 2082 litiam
1791 2029 1913 2095 (nos
1951 2029 2180 2082 dicimus
2219 2028 2433 2095 Polizet')
2470 2030 2526 2079 in
2561 2029 2669 2079 sin-

1580 2100 1737 2167 gulos
1773 2100 2074 2165 Aegyptios
2107 2100 2164 2149 hi
2201 2099 2481 2151 nomarchi
2519 2114 2668 2149 exer-

1582 2171 1821 2233 cuerint,
1872 2170 1965 2235 qni
2007 2169 2237 2235 singulis
2283 2169 2461 2220 nomis
2499 2168 2668 2219 admi·

1579 2238 1878 2291 nistrandis
1916 2239 2178 2303 praefecti
2232 2240 2403 2290 fuisse
2446 2238 2669 2289 videan-

1579 2316 1688 2373 tur,
1725 2309 1920 2375 quibus
1947 2309 2222 2360 demarchi
2257 2309 2463 2360 subditi
2492 2311 2666 2370 erant,

1582 2380 1649 2430 de
1673 2380 1869 2444 quibus
1894 2378 2007 2429 vid.
2032 2384 2172 2430 nott.
2195 2378 2266 2429 ad
2291 2378 2399 2442 ΙΙΙ,
2429 2378 2481 2430 6.
2534 2377 2667 2428 Cae-

1582 2454 1757 2500 terum
1791 2447 2123 2499 'Wilkinsom
2158 2450 2416 2499 Manners
2456 2451 2562 2497 etc.
2588 2447 2664 2497 11.

1582 2535 1635 2584 p.
1675 2519 1742 2570 32
1786 2518 1928 2568 hanc
1975 2518 2179 2583 legem,
2229 2532 2389 2583 quam
2422 2516 2668 2566 Amasidi

1579 2586 1894 2638 Herodotus
1929 2587 2151 2649 tribuit,
2198 2587 2301 2637 hoc
2336 2601 2460 2651 rege
2504 2585 2666 2650 longe

1582 2656 1944 2722 antiquiorem
1982 2670 2101 2706 esse
2150 2658 2336 2720 putat,
2383 2670 2505 2705 cum
2547 2654 2665 2705 eius

1579 2726 1820 2791 vestigia
1855 2741 1884 2775 e
1919 2724 2212 2789 sculpturis
2251 2724 2509 2789 cognosci
2539 2738 2666 2788 pos·

1581 2796 1693 2846 sint
1739 2793 1996 2844 Amaside
2041 2793 2346 2859 prioribus3
2398 2792 2661 2858 affertque

1580 2863 2668 3000 2323322232”2⁰2;33511233³Jffi.¹33¹?ss

1579 3004 1650 3054 ad
1681 3004 2058 3069 magistratum
2094 3002 2446 3066 accedentes,
2484 3017 2678 3052 coram»

1580 3089 1685 3140 quo
1722 3074 1877 3124 sedet
1912 3073 2123 3136 scriba,
2174 3072 2418 3124 tabulam
2457 3071 2669 3122 stilum-

1580 3158 1685 3210 que
1704 3148 1897 3194 tenens
1922 3143 2170 3194 manibus
2196 3144 2253 3193 in
2282 3141 2666 3207 perscribendo

1580 3215 1882 3278 occupatis.
1957 3213 2114 3275 Quod
2150 3213 2221 3264 ad
2258 3211 2508 3263 Solonem
2543 3211 2669 3261 atti-

1578 3286 1695 3345 net,
1747 3283 1938 3332 Attica
1981 3282 2069 3333 lex
2105 3283 2292 3347 utique
2339 3282 2408 3330 ad
2446 3294 2666 3330 censum

1579 3357 1858 3417 spectasse
1886 3366 1922 3401 a
1944 3351 2142 3402 Solone
2174 3350 2484 3400 institutum
2520 3346 2668 3398 inde·

1580 3436 1686 3485 que
1714 3421 2026 3472 necessaria
2061 3421 2131 3470 ad
2166 3420 2289 3485 ipsa
2314 3417 2512 3468 civium
2547 3417 2665 3466 iura

1581 3488 1964 3608 constliltuinda
2017 3489 2187 3607 {uisse
2238 3487 2475 3605 vlidetur.
2557 3485 2668 3603 ¹No-

1579 3574 1727 3609 marc
1764 3575 1783 3607 ι
1875 3572 1904 3607 e
2043 3575 2082 3607 ιι
2130 3572 2189 3608 se
2227 3572 2434 3607 uerum
2491 3571 2517 3605 s
2579 3570 2667 3605 en-

1579 3574 2131 3693 didissimumgzgope
2177 3574 2451 3690 Rithyiam
2502 3571 2668 3689 (guno

1578 3695 1646 3748 El
1693 3694 1838 3760 Kab)
1895 3695 2184 3761 descripsit
2235 3694 2425 3745 addita
2476 3694 2669 3745 inscri-

1578 3766 1766 3832 ptione
1803 3766 2079 3830 Brugsch·
2128 3764 2520 3816 Reisebericht.
2567 3778 2665 3814 aus

1579 3837 1815 3969 Aegy&
1819 3836 2358 3969 nldtsffijrsssoefivaJ,
2365 3902 2664 3967 NSchaefer

1579 3973 1826 4040 Append.
1862 3973 1932 4024 ad
1966 3975 2120 4025 Bast.
2143 3974 2304 4039 epist.
2332 3973 2506 4024 critic.
2534 3989 2665 4038 pag.

1580 4044 1649 4095 29
1686 4042 1892 4094 mavult
1937 4035 2023 4108 μὴ
2063 4037 2135 4093 δὲ
2173 4041 2465 4093 ποιεῦντα.
2473 4042 2510 4070 “
2578 4044 2667 4095 Or.

1579 4104 1900 4164 ἰθύνεσθαι
1930 4104 2166 4180 θανατφ
2186 4112 2361 4178 (morte
2379 4112 2555 4176 plecti)
2585 4111 2668 4161 di-

1578 4183 1660 4233 xit
1696 4183 1924 4247 Noster,
1968 4183 2059 4249 qui
2092 4183 2407 4249 gubernandi
2441 4181 2665 4231 notione

1576 4254 1632 4304 h.
1656 4269 1711 4304 v.
1736 4252 1982 4302 adhibuit
2020 4253 2065 4315 Ι,
2108 4253 2226 4311 194,
2261 4253 2499 4302 Homero
2534 4264 2666 4315 quo-

1577 4339 1680 4388 que
1720 4319 1834 4386 (Ili.
1872 4323 1984 4385 XI,
2022 4322 2142 4373 528.
2194 4321 2298 4372 Od.
2334 4319 2433 4380 XI,
2475 4319 2558 4370 10.
2595 4316 2663 4380 V,

1577 4393 1680 4443 270
1717 4391 1853 4451 etc.)
1883 4396 1940 4442 et
1980 4391 2223 4442 Hesiodo
2248 4388 2411 4454 (Opp.
2438 4391 2494 4436 et
2512 4388 2578 4439 D.
2609 4388 2659 4437 7.

1576 4461 1629 4512 9.
1658 4460 1782 4513 263.
1819 4461 1975 4513 Scut.
2010 4460 2142 4525 324)
2177 4460 2544 4524 frequentata.
