3109 5092
1254 368 1508 432 CLIO.
1553 372 1608 431 I.
1659 379 1780 435 171.

2533 369 2657 433 335

375 537 629 629 λόφους
666 536 1066 612 ἐπιδέεσθαι
1105 541 1329 634 Κᾶρὲς
1373 549 1504 613 εἰσι
1551 549 1622 614 οἱ
1664 542 2179 631 καταδέξαντες,
2225 545 2340 613 καὶ
2382 540 2494 615 ἐπὶ
2538 542 2657 626 τὰς

372 640 664 724 ἀσπίδας
691 642 774 713 τὰ
812 644 1062 736 σημήϊα
1101 646 1478 718 ποιέεσθαι.
1534 650 1648 717 καὶ
1682 645 1895 737 ὄχανα
1929 644 2164 718 ἀσπίσι
2203 638 2397 718 οὗτοί
2432 654 2561 718 εἰσι
2591 653 2663 718 οἱ

278 769 343 823 81
373 747 808 837 ποιησάμενοι
836 755 1122 841 πρῶτοι·
1179 750 1345 832 τέως
1372 753 1449 822 δὲ
1487 749 1656 822 ἄνευ
1684 749 1950 841 ὀχάνων
1981 748 2271 842 ἐφόρεον
2304 750 2422 832 τὰς
2449 749 2649 823 ἀσπί-

371 857 493 932 δας
537 853 818 941 πάντες,
857 858 1050 946 οἵπερ
1100 850 1411 926 ἐώθεσαν
1455 852 1693 927 ἀσπίσι
1721 856 2076 947 χρέεσθαι,
2119 862 2453 945 τελαμῶσι
2482 876 2648 925 σκυ-

367 963 611 1026 τίνοισι
642 962 1080 1046 οἰηκίζοντες,
1125 962 1281 1050 περὶ
1318 976 1492 1030 τοῖσι
1527 958 1762 1049 αὐχέσι
1797 987 1871 1031 τε
1898 961 2014 1029 καὶ
2040 975 2213 1030 τοῖσι
2242 957 2651 1051 ἀριστεροῖσι

370 1056 609 1148 ὤμοισι
654 1070 1131 1152 περικείμενοι.
1221 1062 1421 1134 Μετὰ
1467 1065 1577 1152 δὲ,
1614 1061 1774 1144 τοὺς
1827 1069 2060 1153 Κᾶρας
2098 1063 2322 1158 χρόνῳ
2364 1061 2652 1154 ὕστερον

366 1168 595 1258 πολλῷ
619 1164 920 1256 Δωριέες
957 1193 1031 1237 τε
1068 1169 1182 1237 καὶ
1199 1164 1432 1249 Ἴωνες
1464 1165 1912 1258 ἐξανέστησαν
1951 1164 2025 1236 ἐκ
2060 1174 2198 1237 τῶν
2237 1165 2496 1258 νήσων·
2536 1171 2650 1239 καὶ

367 1264 547 1337 οὕτω
578 1264 646 1349 ές
677 1268 803 1359 τὴν
839 1267 1121 1362 ἤπειρον
1148 1268 1491 1344 ἀπίκοντο.
1536 1270 1730 1343 Κατὰ
1759 1272 1887 1362 μὲν
1912 1269 2240 1362 δὴΚᾶρας
2264 1268 2442 1342 οὕτω
2455 1277 2644 1364 Κρῆ-

366 1399 476 1453 τες
506 1370 776 1459 λέγουσι
808 1374 1152 1463 γενέσθαι.
1200 1374 1284 1446 οὐ
1308 1377 1539 1466 μέντοι
1558 1374 1759 1447 αὐτοί
1778 1404 1856 1464 γε
1884 1371 2326 1465 ὁμολογέουσι
2351 1375 2646 1446 τούτοισι

366 1480 436 1545 οἱ
480 1482 734 1565 Κᾶρες·
792 1476 963 1549 ἀλλὰ
1014 1486 1355 1568 νομίζουσι
1407 1476 1600 1551 αὐτοὶ
1651 1478 1944 1562 ἑωυτοὺς
1993 1478 2168 1550 εἶναι
2227 1477 2647 1570 αὐτόχθονας

364 1576 772 1670 ἠπειρώτας,
811 1584 923 1653 καὶ
964 1589 1062 1679 τῷ
1091 1582 1412 1675 οὐνόματι
1441 1590 1535 1680 τῷ
1576 1581 1758 1679 αὐτῷ
1800 1581 1906 1654 ἀεὶ
1947 1583 2485 1675 διαχρεωμένους
2512 1590 2644 1679 τῷ·

366 1709 495 1775 περ
533 1690 686 1757 νῦν.
781 1683 1225 1760 ἀποδεικνῦσι
1283 1690 1360 1759 δὲ
1407 1684 1483 1759 έν
1531 1687 1922 1759 Μυλάσοισι
1966 1686 2134 1770 Διὸς
2185 1695 2449 1781 Καρίου
2496 1687 2648 1779 ἱρὸν

366 1860 584 1912 detecta
618 1863 756 1926 sint,
794 1861 962 1914 Cares
995 1864 1064 1914 ab
1089 1865 1333 1931 Assyriis
1359 1882 1454 1932 po—

363 1932 474 1982 tius
509 1932 647 1983 haee
674 1933 955 1997 accepisse
987 1934 1287 1987 arbitratur
1308 1938 1453 2002 Lay-

364 2001 491 2053 ard:
548 2002 759 2053 Nineve
804 2004 914 2054 and
966 2004 1037 2055 its
1084 2006 1322 2056 remains
1368 2007 1450 2059 11.

362 2087 419 2137 p.
443 2071 547 2124 338
581 2088 697 2138 seq.
736 2073 858 2125 347.
882 2102 952 2114 -
986 2075 1071 2125 Ad
1107 2073 1452 2138 καταδέξαν-

361 2155 453 2199 τες
495 2142 642 2193 eonf.
694 2143 752 2206 I,
803 2143 919 2195 163.
973 2172 1040 2181 -
1095 2135 1275 2211 ὄχανα
1325 2152 1452 2197 sunt

363 2228 548 2278 ansae,
606 2212 782 2279 quibus
826 2215 1015 2277 clipeus
1052 2216 1355 2280 qestabatm·
1400 2226 1453 2268 et

361 2282 658 2347 regebatur,
679 2283 959 2334 manubria.
1013 2286 1258 2353 Namque
1288 2291 1454 2338 antea

363 2352 435 2402 ad
461 2351 666 2418 clipeos
688 2354 987 2419 portandos
1014 2353 1143 2406 loris
1176 2356 1305 2407 latis
1336 2362 1452 2408 ute-

360 2422 589 2486 bantur,
637 2423 833 2488 quibus
879 2439 1075 2476 nomen
1120 2425 1448 2493 τελαμῶνες.

361 2492 548 2542 Testis
605 2497 692 2542 est
729 2494 1026 2558 Homerus,
1087 2498 1233 2562 apud
1290 2513 1451 2564 quem

362 2561 795 2628 frequentissime
828 2564 1138 2616 istiusmodi
1182 2566 1300 2617 lora
1338 2584 1449 2619 me-

360 2637 657 2696 morantur,
682 2632 771 2683 ·Ili.
798 2634 876 2699 11,
902 2633 1021 2686 388.
1053 2636 1152 2699 lV,
1177 2637 1296 2689 796.
1325 2639 1445 2689 798.

361 2702 470 2765 XI,
507 2701 594 2753 38.
632 2702 768 2766 XII,
805 2705 905 2756 401
949 2709 1054 2757 eto.
1133 2707 1447 2759 Herodotus

358 2772 510 2823 infra
554 2786 648 2823 eos
682 2779 848 2825 vocat
892 2771 1217 2840 τελαμῶνας
1260 2778 1449 2828 σκυτί-

360 2855 525 2906 νους,
555 2841 674 2893 lora
711 2858 741 2893 e
776 2845 924 2896 corio
959 2845 1127 2898 faeta.

431 2909 598 2976 οἵπερ
633 2904 892 2964 ἐώθεσαν
923 2905 1123 2965 ἀσπίσι
1154 2915 1448 2983 χρέεσθαι]

358 2980 506 3032 Male
529 2981 657 3032 olim
692 2973 881 3033 ἐώθει
899 2996 1023 3049 σαν,
1047 2986 1192 3051 quod
1224 3003 1347 3038 cum
1367 3003 1448 3038 re·

357 3056 529 3103 eentt.
544 3052 668 3104 edd.
681 3055 1028 3120 mutavimus,
1045 3070 1169 3106 eum
1194 3057 1263 3108 ab
1275 3057 1448 3108 Hero·

359 3121 479 3172 doti
513 3121 748 3174 dialecto
784 3122 1020 3176 alienum
1045 3125 1141 3187 sit;
1179 3127 1293 3178 vid.
1318 3129 1447 3178 Bre-

359 3191 486 3242 δον.
550 3208 607 3258 p.
665 3193 788 3245 336.
836 3225 908 3236 -
966 3197 1033 3247 In
1089 3211 1204 3264 seq.
1262 3191 1447 3261 οἰηκί-

355 3259 547 3321 ζοντες
600 3266 687 3313 est
744 3264 1119 3329 yubemantee,
1193 3276 1443 3332 reqentes.

357 3332 608 3399 Namque
661 3327 961 3399 οἰακίζειν,
1027 3335 1172 3403 quod
1230 3337 1449 3403 proprie

360 3406 445 3452 est
488 3418 662 3454 navem
699 3402 1015 3470 qubernare,
1060 3408 1206 3458 navis
1252 3423 1448 3458 cursum

352 3472 694 3537 gubernat-tao
736 3488 943 3538 maere,
1002 3490 1111 3526 non
1159 3475 1319 3528 aliter
1368 3481 1448 3528 at-

359 3557 464 3607 que
497 3539 627 3604 οἴαξ
659 3540 1117 3612 (puber-naculum),
1148 3547 1219 3598 ad
1246 3544 1447 3599 multas

360 3611 500 3664 alias
542 3628 630 3665 res
671 3613 798 3665 dein
840 3615 1194 3681 transfertur,
1247 3616 1444 3683 quibus

360 3684 580 3733 omnino
611 3684 934 3749 gubernandi
965 3690 1020 3736 et
1052 3689 1263 3752 regendi
1294 3687 1446 3737 notio

362 3751 627 3804 declarari
661 3753 840 3806 debet.
902 3754 988 3807 Cf.
1026 3749 1449 3821 οἰακοστρόφος

362 3821 507 3888 apud
528 3822 781 3890 Aeschyl.
816 3823 874 3874 S.
900 3839 949 3875 c.
976 3825 1148 3877 Theb.
1177 3826 1262 3878 62.
1315 3827 1448 3877 Pro-

359 3892 524 3943 meth.
573 3894 695 3944 524.
746 3895 900 3944 Pers.
952 3894 1071 3947 773.
1140 3888 1448 3961 οἰκονόμος

360 3961 507 4028 apud
539 3962 770 4014 eundem
803 3963 861 4013 in
885 3964 1160 4018 Prometh.
1184 3963 1286 4019 153
1320 3965 1444 4017 coll.

358 4031 511 4098 Sept.
553 4049 602 4084 o.
640 4033 745 4087 Th.
784 4033 837 4085 3.

430 4097 563 4166 περὶ
607 4104 756 4153 τοῖσι
800 4094 995 4168 αὐχέσι
1029 4133 1100 4145 --
1133 4101 1447 4169 περικείμε-

358 4172 474 4237 νοι]
506 4173 545 4223 i.
582 4188 631 4225 e.
670 4176 762 4224 illa
802 4177 987 4224 eir-eum
1032 4176 1252 4225 eervices
1283 4173 1446 4224 hinne-

356 4257 542 4308 rosque
562 4245 788 4295 sinistris
811 4246 1024 4309 alligata
1044 4243 1300 4295 habentes.
1360 4242 1447 4293 Ad

356 4312 581 4363 verbum
648 4312 1034 4378 περικείμενοι
1100 4312 1279 4379 suppl.
1348 4304 1449 4370 τὰς

355 4372 638 4448 ἀσπίδας,
697 4388 760 4434 ut
807 4384 945 4434 bene
988 4382 1259 4448 praecipit
1304 4382 1446 4432 Mat-

354 4451 507 4503 thiae
543 4451 636 4504 Gr.
676 4452 769 4505 Gr.
809 4452 862 4516 §-
899 4454 1024 4517 424,
1063 4455 1113 4504 2.
1152 4467 1281 4519 pag.
1319 4451 1442 4502 781.

1553 1866 1696 1919 Nam
1733 1864 1960 1931 quaevis
1997 1863 2304 1915 emendatio
2335 1863 2427 1916 hie
2462 1879 2648 1930 super-

1552 1950 1733 1986 vacua
1765 1938 1868 1986 est.

1624 1997 1793 2055 Μετὰ
1811 1998 1892 2066 δὲ,
1913 1994 2051 2062 τοὺς
2071 1999 2266 2069 Κᾶρας
2282 1994 2471 2071 χρόνῳ
2488 1991 2647 2054 ῧστε-

1554 2089 1662 2141 ρον
1707 2072 1898 2141 πολλῷ
1949 2088 2002 2123 κ.
2058 2088 2107 2122 τ.
2153 2071 2224 2141 λ.]
2272 2075 2476 2124 Sensus
2536 2073 2646 2125 loei

1552 2160 1665 2196 uon
1704 2145 1968 2196 obscurus
1985 2179 1999 2207 ‚
2046 2142 2208 2194 modo
2254 2148 2406 2195 reete
2450 2144 2646 2194 distin·

1553 2215 1728 2278 xeris,
1765 2215 1846 2265 ita
1882 2218 1944 2264 ut
1980 2217 2106 2278 post
2140 2205 2278 2278 μετὰ
2310 2208 2376 2263 δὲ
2407 2218 2646 2280 ponatur

1558 2300 1788 2337 comma.
1825 2286 1967 2336 Nam
1985 2283 2300 2334 Herodotus
2323 2284 2461 2348 vult,
2495 2289 2646 2350 post·

1556 2372 1624 2407 ea
1653 2357 1970 2422 (postquam
2005 2353 2218 2404 seilicet
2246 2355 2448 2405 Minois
2473 2355 2644 2419 impe-

1552 2426 1635 2476 rio
1663 2425 1872 2477 subditi
1907 2429 2092 2476 essent
2112 2423 2303 2490 Cares)
2335 2428 2391 2474 et
2428 2425 2644 2491 quidem

1549 2496 1717 2561 longo
1752 2501 1881 2561 post
1925 2499 2169 2560 tempore
2203 2494 2371 2545 Cares
2416 2510 2451 2545 a
2486 2494 2646 2545 Dori-

1550 2565 1655 2616 bus
1708 2565 2044 2630 Ionibusque
2085 2563 2279 2614 insulis
2316 2563 2455 2626 illis,
2506 2578 2643 2629 quas

1549 2636 1679 2685 inde
1715 2650 1750 2685 a
1781 2635 1986 2685 Minois
2023 2639 2206 2684 aetate
2247 2634 2492 2698 adeoque
2521 2635 2643 2696 ⁸iam

1522 2710 1719 2756 ‚antea
1766 2707 2080 2767 tenuerant,
2124 2702 2311 2768 pulsos
2351 2717 2471 2753 esse
2520 2717 2644 2753 eoa-

1551 2779 1806 2840 otosque‚
1854 2779 1917 2824 ut
1962 2772 2089 2824 inde
2138 2774 2196 2822 in
2239 2777 2441 2840 terram
2476 2772 2644 2822 Asiae

1550 2845 1922 2896 continentem
1949 2841 2223 2894 oederent.
2284 2844 2494 2894 Dorum
2512 2856 2643 2893 vero

1552 2920 1609 2966 et
1643 2915 1836 2965 Ionum
1870 2913 2128 2979 migratio
2175 2927 2240 2963 ea
2278 2918 2392 2977 est,
2433 2912 2499 2963 de
2535 2927 2644 2978 qua

1550 2989 1714 3035 antea
1733 2988 2061 3051 exposuerat
2085 2982 2132 3048 I,
2161 2983 2261 3034 142
2277 2998 2431 3049 seqq.
2481 2981 2642 3034 Conf.

1548 3055 1820 3108 Matthiae
1853 3052 2089 3107 Miscell.
2133 3052 2435 3121 philologg.
2472 3052 2550 3118 H,
2587 3055 2639 3103 2.

1547 3124 1914 3260 Ρ’νιοιμρίζουσι
1971 3183 2139 3244 αὖτοὶ
2185 3183 2431 3248 ἑωυτοὺς
2490 3180 2639 3239 εἶναι

1547 3255 1918 3329 αὐτόχθονας
1973 3254 2316 3327 ἠπειρώτας]
2360 3261 2443 3311 De
2499 3264 2640 3310 stru·

1546 3338 1708 3385 etura
1729 3333 2035 3385 accusativi
2058 3346 2179 3383 eum
2214 3330 2505 3393 infinitivo,
2543 3329 2639 3379 ubi

1546 3404 1883 3454 nominativo
1921 3402 2104 3468 potius
2137 3399 2292 3452 loeus
2328 3403 2476 3462 erat,
2515 3398 2638 3462 yid.

1548 3478 1696 3524 nott.
1747 3473 1819 3524 ad
1867 3472 1914 3536 1,
1961 3471 2047 3523 34.
2086 3471 2160 3534 11,
2207 3473 2259 3521 2.
2342 3470 2474 3519 Mox
2518 3466 2642 3518 reli-

1550 3544 1646 3609 qui
1693 3536 2171 3608 διαχρεωμένους,
2226 3543 2289 3589 ut
2348 3553 2471 3602 cap.
2522 3551 2635 3601 seq.

1549 3610 1851 3676 χρέωνται,
1912 3609 2161 3661 omnibus
2205 3606 2361 3658 libris
2411 3620 2639 3657 eonsen-

1546 3682 1835 3733 tientibus.
1905 3677 2222 3730 Dietsohius
2242 3692 2364 3728 eum
2389 3675 2641 3727 Bekkero

1550 3752 1770 3816 scripsit
1800 3744 2245 3814 δεαχρεομένους
2280 3751 2335 3796 et
2358 3742 2638 3810 χρέονται.

1548 3820 1635 3872 Ad
1668 3822 2044 3887 argumentum
2087 3817 2277 3868 verbb.
2313 3830 2463 3881 seqq.
2507 3814 2639 3865 Lar-

1548 3891 1741 3942 oherus
1780 3893 2039 3952 annotat,
2076 3885 2357 3953 probabile
2400 3900 2539 3945 esse,
2580 3899 2641 3937 re

1547 3976 1680 4013 vera
1708 3961 1875 4011 Cares
1900 3959 2049 4010 nullo
2087 3956 2199 4008 alio
2232 3970 2473 4022 unquam
2507 3969 2638 4006 usos

1550 4047 1674 4083 esse
1709 4030 1951 4092 nomine,
1988 4042 2172 4079 verum
2208 4027 2278 4078 ab
2311 4025 2512 4077 exteris
2547 4040 2640 4090 po-

1549 4102 1722 4152 tuisse
1769 4097 1879 4152 diei
1925 4100 2179 4165 Leleges,
2229 4111 2396 4162 quum
2440 4094 2641 4145 utrius-

1548 4186 1656 4240 que
1689 4171 1870 4238 gentis
1906 4169 2150 4221 homines
2201 4167 2260 4216 in
2301 4181 2470 4218 unum
2516 4179 2641 4215 ooa-

1547 4240 1768 4292 luerint.
1841 4241 1928 4291 Tu
1962 4240 2089 4291 vide
2132 4251 2299 4302 supra
2349 4238 2489 4287 nott.
2539 4233 2641 4284 ibi-

1549 4326 1656 4377 que
1690 4308 1973 4362 laudatum
2009 4308 2214 4362 Soldan
2251 4321 2305 4371 p.
2342 4305 2412 4357 90
2449 4319 2564 4370 seq.

1618 4372 1997 4431 ἀποδεικνῦσι
2064 4369 2128 4427 δὲ
2184 4367 2246 4424 ἐν
2308 4365 2637 4424 Μυλάσοισι

1549 4442 1692 4508 Διὸς
1743 4447 1968 4513 Καρίου
2020 4438 2151 4509 ἱρὸν
2195 4434 2463 4508 ἀρχαῖον]
2502 4440 2634 4491 Mv—
