3109 5092
463 348 587 408 228
1336 341 1870 404 HERODOTI

465 530 584 590 λεα
637 516 793 598 τοὺς
845 520 921 586 ἐν
971 522 1053 608 τῇ
1106 513 1327 605 Ἀσίῃ,
1401 517 1512 583 καὶ
1563 520 1822 604 πρῶτος
1870 516 2123 595 διέταξε
2178 513 2380 602 χωρὶς
2433 512 2750 595 ἑκάστους

467 622 679 708 εἶναι,
750 619 907 700 τούς
965 648 1038 689 τε
1086 619 1539 709 αἰχμοφόρους
1600 620 1714 687 καὶ
1760 613 1914 696 τούς
1962 616 2371 704 τοξοφόρους
2428 620 2542 686 καὶ
2590 615 2749 698 τούς
2851 673 2855 677 -

465 729 732 804 ἱππέας·
794 719 923 813 πρὸ
966 728 1090 792 τοῦ
1138 724 1212 793 δὲ
1253 721 1491 810 ἀναμὶξ
1535 713 1623 811 ἦν
1658 720 1874 790 πάντα
1910 715 2153 808 ὁμοίως
2192 716 2748 811 ἀναπεφυρμένα.

469 819 685 909 Οὗτος
731 824 767 896 ὁ
817 843 988 896 τοῖσι
1031 832 1326 896 Λυὸοῑσί
1362 829 1499 895 ἐστι
1547 822 2035 915 μαχεσάμενος,
2105 820 2216 892 ὅτε
2268 821 2393 906 νύξ
2445 820 2486 913 ἡ
2538 820 2750 914 ἡμέρη

465 928 731 1019 ἐγένετό
755 954 879 1019 σφι
905 934 1366 1020 μαχομένοισι,
1399 931 1512 998 καὶ
1540 925 1576 999 ὁ
1604 928 1730 1019 τὴν
1748 926 1991 1008 ”Αλυος
2020 933 2323 1014 ποταμοῦ
2350 924 2492 997 ἅνω
2522 923 2752 1015 Ἀσίην

466 1042 689 1105 πᾶσαν
733 1034 1065 1122 συστήσας
1123 1037 1371 1128 ἑωυτῷ.
1467 1035 1808 1114 Συλλέξας
1857 1031 1933 1100 δὲ
1980 1027 2136 1110 τούς
2178 1025 2300 1099 ὑπ’
2353 1033 2586 1124 ἑωυτῷ
2626 1028 2746 1121 ἆρ-

464 1141 786 1227 χομένους
831 1136 1116 1223 πάντας,
1180 1134 1611 1226 ἐστρατεύετο
1659 1137 1768 1205 ἐπὶ
1807 1132 1932 1223 τὴν
1976 1142 2229 1218 Νῖνον,
2286 1137 2637 1223 τιμωρέων
2680 1161 2753 1203 τε

463 1248 558 1334 τῷ
596 1242 827 1328 πατρὶ,
880 1242 992 1309 καὶ
1027 1238 1152 1330 τὴν
1194 1240 1393 1310 πόλιν
1440 1240 1693 1328 ταύτην
1726 1241 1956 1308 θέλων
2012 1240 2282 1319 ἐξελεῖν.
2353 1245 2473 1307 καί
2510 1241 2606 1322 οἱ,
2663 1233 2751 1317 ὦς

467 1340 835 1432 συμβαλὼν
865 1346 1133 1432 ἐνίκησε
1168 1340 1324 1424 τούς
1354 1340 1777 1432 Ἀσσυρίους,
1819 1343 2323 1435 περικατημένῳ
2355 1338 2479 1430 τὴν
2506 1348 2748 1427 Νῖνον,

469 1451 725 1534 ἐπῆλθε
762 1449 1105 1516 Σκυθέων
1149 1444 1427 1537 στρατὸς
1465 1450 1703 1535 μέγας·
1769 1436 1891 1534 ἦγε
1938 1445 2014 1514 δὲ
2055 1441 2302 1525 αὐτοὺς
2344 1442 2663 1533 βασιλεὺς
2713 1441 2751 1514 ὁ

467 1550 809 1618 Σκυθέων
841 1549 1167 1638 Μαδύης,
1201 1550 1635 1640 Πρωτοθυεω
1673 1564 1828 1628 παῖς
1850 1570 1864 1583 ·
1913 1555 1982 1617 οἳ
2017 1548 2338 1634 ἐσέβαλον
2371 1547 2498 1636 μὲν
2526 1549 2591 1628 ἐς
2625 1546 2750 1636 τὴν

461 1649 723 1740 Ἀσίην,
765 1660 1181 1742 Κιμμερίους
1227 1652 1622 1742 ἐκβαλόντες
1667 1655 1740 1721 ἐκ
1772 1657 1889 1740 τῆς
1925 1647 2291 1739 Εὐρώπης,
2338 1651 2632 1720 τούτοισι
2675 1652 2751 1720 δὲ

473 1754 903 1843 ἐπισπόμενοι
936 1755 1303 1845 φεύγουσι,
1341 1753 1517 1826 οὕτω
1549 1759 1616 1836 ἐς
1643 1753 1767 1844 τὴν
1797 1751 2124 1842 Μηδικὴν
2153 1752 2379 1843 χώρην
2406 1751 2745 1823 ἀπίκοντο.

339 1855 640 1927 104Ἕστι
687 1859 761 1927 δὲ
803 1855 935 1928 άπὸ
994 1865 1109 1949 τῆς
1155 1868 1392 1949 λίμνης
1428 1864 1542 1948 τῆς
1589 1858 1967 1947 Μαιήτιδος
2019 1857 2128 1925 ἐπὶ
2179 1862 2399 1927 Φᾶσιν
2451 1856 2749 1947 ποταμόν

1659 2012 1782 2090 ἄγε)
1830 2039 1952 2074 οιιιιι
2001 2023 2271 2074 Bredovio
2314 2041 2367 2090 p.
2415 2025 2535 2076 293.
2618 2026 2748 2091 Scy-

1660 2093 1876 2143 tharum
1920 2094 2261 2144 incursiones
2319 2099 2490 2160 atque
2532 2097 2747 2160 expedi-

1661 2164 1867 2225 tiones,
1927 2163 1995 2213 de
2038 2164 2234 2228 quibus
2277 2164 2541 2215 nonnulla
2585 2166 2750 2216 Iusti-

467 2023 622 2074 τέλεα
658 2026 836 2090 accipi
872 2027 1020 2076 vult:
1059 2029 1324 2078 secundum
1363 2043 1561 2077 censum

467 2109 513 2144 s.
552 2098 835 2159 vectiyalia.
870 2123 936 2131 -
994 2096 1061 2145 ln
1101 2114 1253 2162 seqq.
1292 2090 1406 2160 πρὸ
1453 2093 1559 2147 τοῦ

466 2164 584 2212 iure
637 2164 951 2228 scripsimus
1005 2179 1128 2216 cum
1180 2171 1410 2218 recentt.
1461 2183 1556 2231 pro

472 2232 699 2298 vulgato
738 2231 976 2296 προτοῦ.

540 2332 633 2366 οτε
670 2311 775 2379 νὺξ
810 2308 846 2382 ἡ
881 2310 1062 2383 ἡμέρη
1101 2311 1319 2384 ἐγένετό
1365 2336 1466 2385 σφι
1502 2337 1553 2370 κ.

469 2402 514 2436 τ.
557 2386 630 2452 λ.]
676 2388 759 2438 De
793 2386 1070 2438 locutione
1120 2394 1284 2455 atque
1328 2392 1447 2456 ipsa
1500 2408 1559 2441 re

472 2455 677 2506 dictum
712 2459 766 2520 Ι,
800 2458 886 2507 74.
959 2459 1081 2509 Ηοο
1123 2459 1246 2510 loco
1293 2460 1427 2510 illud
1468 2462 1560 2511 ad-

471 2526 674 2588 dimus,
732 2528 872 2577 hanc
929 2527 993 2577 de
1057 2529 1188 2578 solis
1251 2530 1561 2581 defectione

468 2596 835 2646 narrationem
893 2599 1180 2648 memorari
1227 2615 1441 2665 quoque
1503 2601 1559 2649 in

469 2665 757 2716 Persarum
781 2668 1020 2718 carmine
1043 2668 1435 2732 Schahnameh‚
1457 2670 1558 2720 sub

470 2750 596 2800 rege
633 2736 955 2800 Keikawus,
1022 2738 1115 2802 qui
1163 2738 1280 2802 ipse
1327 2739 1561 2790 Graeco-

467 2819 586 2853 rum
609 2804 884 2869 cyaxares
921 2822 1042 2857 esse
1063 2807 1394 2871 perhibetur.
1431 2808 1554 2860 vid.

469 2873 745 2948 Hammer.
786 2875 841 2923 in
876 2875 1097 2925 Wiener
1121 2876 1419 2927 Jahrbiich.
1457 2879 1555 2928 IX.

471 2938 526 3005 p'.
569 2940 649 2992 13.
723 2944 787 2992 Ιιι
829 2959 980 3008 seqq.
1016 2959 1157 3009 quae
1194 2947 1266 2995 sit
1306 2938 1341 3010 ἡ
1365 2938 1559 3004 Αλυος

469 3009 734 3074 ποταμοῦ
757 3002 879 3060 ἄνω
913 3011 1057 3076 Ἀσίη
1083 3010 1265 3078 πᾶσα,
1304 3016 1439 3065 satis
1467 3031 1560 3080 ap-

401 3133 406 3138 ·
473 3085 627 3141 paret
655 3080 798 3140 inde,
835 3081 980 3144 quod
1010 3083 1241 3146 supraI,
1281 3083 1348 3134 73
1374 3084 1559 3167 Halyn

471 3147 693 3198 fluvium
733 3149 945 3200 dixerat
968 3165 1223 3215 separare
1248 3151 1349 3216 τῆς
1379 3146 1560 3218 Ἀσίης

470 3208 539 3265 τὰ
562 3208 730 3281 κάτω,
764 3218 802 3269 i.
828 3233 872 3269 e.
907 3235 1028 3270 eam
1049 3220 1253 3284 Asiam,
1279 3238 1439 3287 quam
1464 3224 1560 3273 mi-

471 3301 658 3336 norem
703 3302 802 3337 nos
849 3288 1028 3340 dicere
1077 3290 1341 3354 solemus,
1403 3308 1436 3342 a
1477 3308 1559 3342 re-

470 3353 620 3420 liqua
660 3356 822 3421 Asia,
883 3359 920 3408 i.
969 3374 1015 3409 e.
1065 3359 1355 3411 Armeniae
1404 3377 1559 3427 supe-

470 3426 630 3476 rioris
655 3427 821 3478 Asiae
843 3443 877 3477 a
901 3429 1235 3508 regionibus,
1274 3446 1410 3496 quas
1441 3432 1559 3482 iure

469 3494 594 3546 inde
640 3495 696 3546 h.
731 3495 770 3548 1.
812 3498 947 3548 dicit
990 3490 1095 3561 τὴν
1130 3487 1324 3556 Αλυος
1383 3514 1559 3549 ποτα-

467 3562 582 3628 μοῦ
614 3555 734 3614 ἅνω
763 3557 950 3631 Ἀσιήν
973 3566 1183 3618 πᾶσαν.
1242 3569 1402 3621 Cons.
1428 3586 1559 3636 quo-

469 3648 574 3698 que
610 3634 680 3684 ad
714 3636 760 3698 1,
801 3636 867 3688 73
902 3641 1078 3688 notat.

538 3726 568 3785 ὃ
611 3767 682 3777 -
729 3730 1074 3803 συστήσας
1133 3729 1349 3807 ἑωυτῷ]
1410 3742 1448 3791 i.
1506 3758 1554 3792 e.

467 3808 553 3868 qui
580 3834 646 3842 —
682 3807 781 3857 sibi
812 3808 1047 3872 subiecit,
1091 3824 1246 3874 regno
1289 3826 1381 3860 suo
1415 3812 1556 3862 adie-

467 3875 554 3922 cic.
625 3875 783 3927 Cous.
832 3877 920 3938 11,
961 3877 1029 3927 49
1071 3882 1126 3927 et
1165 3878 1232 3928 de
1277 3881 1558 3945 praeposi-

467 3942 618 3991 tione
649 3933 764 3993 ὑπὸ
797 3946 855 3993 in
879 3945 1080 3995 talibus
1115 3951 1255 3997 nott.
1287 3948 1357 3997 ad
1388 3951 1434 4013 1,
1464 3949 1551 4002 94.

466 4009 596 4059 Mox
639 4011 930 4076 τιμωρέων
972 4028 1032 4062 τε
1088 4011 1168 4080 τῷ
1217 4013 1391 4080 πατρὶ
1442 4033 1553 4070 non

465 4081 551 4128 est
593 4094 733 4141 opem
772 4082 949 4143 ferens
987 4086 1153 4145 patri,
1212 4089 1274 4134 ut
1323 4086 1377 4148 Ι,
1429 4087 1547 4139 141.

464 4145 586 4196 152.
636 4149 719 4211 ΙΙ,
751 4148 849 4211 63,
907 4150 1002 4200 sed
1052 4153 1295 4204 ulciscens
1333 4164 1546 4221 patrem,

462 4219 525 4265 ut
561 4216 636 4280 ΙΙ,
671 4186 788 4268 100.
826 4218 981 4281 VIII,
1021 4220 1121 4272 144
1160 4221 1285 4273 coll.
1324 4222 1369 4284 Ι,
1407 4226 1460 4274 4.

532 4287 631 4365 ἦγε
681 4294 747 4351 δὲ
775 4294 989 4361 αὐτοὺς
1020 4297 1319 4390 βασιλεὺς
1325 4297 1356 4356 ὁ
1395 4305 1545 4359 Σκυ-

1660 2248 1762 2283 nus
1799 2234 1886 2294 ΙΙ,
1925 2235 1976 2283 4.
2016 2235 2075 2294 5,
2124 2234 2262 2283 satis
2300 2234 2565 2285 obscurae
2601 2240 2746 2285 sunt.

1660 2303 1753 2353 sie
1782 2303 1980 2354 Strabo
2019 2303 2066 2352 1.
2103 2319 2154 2368 p.
2194 2304 2311 2354 106.
2344 2320 2398 2368 p.
2432 2305 2497 2356 61
2537 2305 2623 2355 ed.
2648 2305 2747 2355 Ca-

1660 2373 1817 2424 saub.
1848 2371 2060 2437 Madyis
2093 2373 2239 2438 regis
2277 2374 2649 2438 expeditiones
2684 2390 2747 2424 ac

1664 2443 2127 2507 peregrinationes
2174 2444 2380 2508 tangit,
2432 2459 2531 2494 nec
2569 2449 2749 2494 tamen

1660 2510 1819 2575 plura
1848 2511 2028 2574 addit,
2066 2512 2262 2576 quibus
2283 2512 2411 2563 illae
2440 2515 2750 2564 accuratius

1663 2587 2086 2645 cognoscantur.
2138 2582 2292 2644 Quae
2311 2598 2431 2632 cum
2460 2584 2751 2633 coniuncta

1662 2650 1773 2699 sint
1820 2663 1940 2699 cum
1976 2650 2382 2702 cimmeriorum
2429 2653 2751 2706 incursioni-

1660 2719 1792 2780 bus,
1837 2724 2245 2785 comparentur,
2295 2736 2435 2787 quae
2479 2723 2549 2772 ad
2592 2723 2646 2784 Ι,
2694 2722 2746 2773 6.

1665 2789 1729 2838 15
1787 2788 2186 2841 adnotavimus.
2269 2792 2355 2841 De
2416 2791 2634 2855 Scythis
2690 2792 2748 2840 in

1661 2858 1848 2907 Asiam
1899 2859 2229 2909 irruentibus
2289 2866 2545 2911 accurate
2604 2875 2747 2910 nunc

1661 2926 1962 2992 disputavit
1982 2928 2221 2993 Hupfeld
2248 2929 2337 2980 1.1.
2360 2945 2482 2994 pag.
2500 2931 2565 2981 37
2593 2945 2745 2994 seqq.

1662 2996 1833 3058 Quem
1882 2998 1928 3046 si
1975 2999 2276 3062 sequimur,
2331 2999 2549 3049 circiter
2600 3015 2746 3049 anno

1661 3065 1764 3116 632
1800 3071 1929 3116 ante
1970 3067 2094 3116 Chr.
2133 3083 2186 3118 n.
2239 3068 2472 3132 Scythas
2510 3068 2746 3133 Cyaxari

1660 3134 1860 3185 Ninum
1908 3136 2176 3186 obsidenti
2214 3139 2593 3202 supervenisse
2636 3145 2748 3188 sta-

1659 3204 1918 3254 tuendum
1945 3205 2065 3255 erit.
2114 3206 2194 3256 Io.
2222 3223 2255 3255 a
2278 3207 2556 3272 Gumpach
2588 3208 2749 3273 longe

1659 3274 1860 3338 serius,
1900 3275 2047 3324 circa
2069 3290 2197 3326 ann.
2225 3277 2326 3326 624
2354 3276 2457 3326 hoc
2480 3278 2747 3327 accidisse

1658 3342 1803 3402 vult3
1853 3343 1929 3393 cf.
1972 3343 2008 3394 l.
2053 3344 2089 3394 l.
2130 3360 2182 3408 p.
2227 3346 2346 3396 144.
2422 3346 2746 3411 Scytharum

1658 3427 1787 3461 vero
1834 3412 1974 3462 hanc
2020 3414 2409 3478 incursionem,
2460 3431 2567 3481 qua
2609 3416 2748 3466 Cim—

1658 3481 1851 3531 merios
1933 3483 2167 3533 insecuti
2237 3485 2427 3535 Medos
2498 3486 2747 3535 vicerunt

1660 3565 1978 3616 omnemque
2043 3553 2211 3603 ferme
2268 3555 2453 3604 Asiam
2515 3570 2745 3619 occupa-

1658 3625 1811 3682 runt,
1864 3622 2089 3671 eandem
2134 3626 2300 3688 atque
2350 3623 2745 3675 Chaldaeorum

1660 3688 1830 3738 fuisse
1876 3690 2193 3741 existimant
2238 3693 2343 3742 viri
2400 3693 2575 3756 docti,
2632 3695 2747 3758 qui-

1658 3757 1761 3807 bus
1783 3761 2080 3810 assentitur
2103 3762 2403 3812 Heerenius
2428 3762 2596 3813 Ideen
2617 3763 2661 3826 I,
2690 3766 2739 3814 2.

1658 3842 1782 3892 pag.
1816 3827 1937 3880 269.
1986 3829 2226 3895 Indeque
2251 3832 2416 3881 etiam
2449 3831 2497 3883 1.
2524 3847 2557 3881 a
2583 3831 2745 3881 Gum-

1657 3896 1796 3960 pach
1835 3895 1962 3961 (1.1.
1998 3914 2124 3981 pag1
2168 3900 2233 3951 18
2270 3916 2419 3966 seqq.
2460 3900 2529 3952 64
2563 3904 2742 3966 seqq.)

1657 3964 1987 4029 Chaldaeos,
2034 3970 2129 4032 qui
2178 3974 2322 4020 teste
2353 3970 2637 4021 Habacuc.
2694 3971 2741 4032 Ι,

1657 4033 1695 4085 6
1727 4050 1876 4100 seqq.
1951 4037 2322 4090 Palaestinam
2368 4055 2582 4107 quoque
2617 4040 2745 4089 atti-

1655 4109 1879 4169 gerunt,
1917 4105 2062 4156 haud
2093 4107 2231 4158 alios
2263 4124 2455 4160 revera
2483 4124 2601 4161 esse
2635 4110 2743 4159 exi·

1651 4173 1841 4223 stimat
1876 4180 2038 4240 atque
2076 4176 2341 4242 Scythas,
2401 4179 2467 4230 de
2513 4193 2741 4245 quorum

1648 4242 2052 4295 incursionibus
2089 4246 2292 4297 Noster
2324 4246 2377 4297 1ι.
2415 4249 2454 4299 l.
2495 4254 2550 4300 et
2585 4264 2736 4313 seqq.

1645 4312 1836 4364 tradit.
1928 4314 2068 4364 Add.
2114 4314 2416 4367 Bertheau:
2486 4320 2594 4368 Zur
2639 4318 2740 4368 Ge-

462 4366 620 4419 θέων
654 4364 924 4438 Μαδύης]
963 4373 1242 4426 Revocavi
1283 4362 1382 4442 ἦγε
1420 4375 1540 4444 (pro
1643 4381 1888 4433 schiehte
1923 4382 1976 4433 d.
2018 4384 2253 4436 Israelit.
2294 4401 2348 4451 p.
2387 4385 2509 4437 361.
2566 4443 2571 4449 ,
