3109 5092
287 1859 294 1865 ‘
377 1857 590 1922 history
627 1858 691 1907 of
721 1858 925 1911 Greece
959 1862 1057 1912 IV.

1261 374 1515 438 CLIO.
1559 379 1612 438 Ι.
1657 386 1746 442 86.

2522 375 2640 438 189

364 576 440 618 τε
482 550 556 617 ἐν
587 551 828 637 πέδῃσι
860 553 1225 639 δεδεμένον
1260 552 1372 619 καὶ
1416 553 1520 631 δὶς
1562 547 1725 621 ἑπτὰ
1752 556 2008 622 Λυδῶν
2047 547 2207 641 παρ’
2241 546 2449 620 αὐτὸν
2483 566 2639 620 πατ-

369 658 527 738 dag,
590 654 665 721 έν
710 649 845 745 νόῳ
895 658 1069 741 ἔχων
1113 664 1247 723 εἴτε
1285 651 1369 743 δὴ
1411 652 1777 744 ἀκροθίνια
1817 661 2024 724 ταῦτα
2068 669 2413 740 καταγιεῖν
2455 660 2645 724 θεῶν

368 752 536 848 ὅτεῳ
576 752 697 842 δὴ,
763 765 896 825 εἴτε
933 759 1046 826 καὶ
1095 754 1301 846 εὐχὴν
1343 759 1715 828 ἐπιτελέσαι
1760 763 2022 846 θέλων,
2084 768 2218 828 εἴτε
2263 758 2375 825 καὶ
2422 753 2640 827 πυθό-

369 885 570 948 μενος
603 855 725 928 τὸν
760 866 1058 948 Κροῖσον
1091 860 1266 931 εἶναι
1310 865 1676 950 θεοσεβέα,
1732 867 1932 932 τοῦδε
1978 867 2240 933 εἵνεκεν
2283 856 2646 950 ἀνεβίβασε

370 964 481 1036 ἐπὶ
532 960 656 1051 τὴν
716 961 975 1053 πυρὴν,
1040 964 1453 1054 βουλόμενος
1515 969 1803 1051 εἰδέναι,
1865 976 1936 1036 εἴ
1978 973 2078 1047 τίς
2128 993 2247 1055 μιν
2304 963 2648 1053 δαιμόνων

372 1065 645 1156 ῥύσεται
694 1072 817 1135 τοῦ
861 1065 951 1157 μὴ
1005 1068 1256 1151 ζώοντα
1313 1075 1845 1158 κατακαυθῆναι.
1919 1067 2040 1140 τὸν
2087 1069 2213 1159 μὲν
2268 1066 2351 1156 δὴ
2393 1070 2649 1138 ποιέειν

370 1173 613 1237 ταῦτα’
685 1175 779 1263 τῷ
818 1171 893 1240 δὲ
931 1178 1203 1267 Κροίσῳ
1248 1169 1515 1242 ἑστεῶτι
1561 1175 1671 1262 ἐπὶ
1717 1179 1833 1262 τῆς
1869 1178 2087 1264 πυρῆς
2131 1178 2476 1260 ἐσελθεῖν,
2536 1177 2657 1240 καί

373 1299 500 1362 περ
540 1274 615 1341 έν
651 1278 837 1366 κακῷ
880 1274 1056 1345 ἐόντι
1092 1274 1420 1369 τοσούτῳ,
1465 1273 1540 1346 τὸ
1586 1280 1707 1346 τοῦ
1751 1277 2102 1364 Σόλωνος,
2159 1272 2249 1355 ὥς
2278 1280 2349 1345 οἱ
2380 1285 2483 1364 εἴη
2517 1273 2648 1345 σὺν
2744 1318 2758 1331 ·

373 1441 467 1488 vix
511 1441 716 1504 poterit
751 1442 1047 1509 eodemque
1089 1444 1254 1494 etiam
1302 1445 1465 1510 perti-

374 1509 580 1559 nebunt
603 1525 686 1572 ea,
714 1525 853 1575 quae
874 1514 1132 1564 Croesum
1170 1529 1292 1563 cum
1322 1515 1464 1579 Cyro

374 1578 771 1644 colloquentem
817 1586 985 1649 atque
1030 1599 1152 1632 cum
1197 1584 1318 1648 ipso
1365 1584 1465 1634 deo

376 1648 733 1698 disserentem
781 1655 836 1700 et
875 1651 1312 1718 expostulantem
1360 1655 1468 1703 No-

375 1724 490 1768 ster
523 1719 657 1768 facit
709 1734 829 1785 cap.
887 1722 955 1772 90
1001 1738 1114 1787 seq.
1184 1717 1376 1787 Nequ'e
1410 1724 1467 1772 id

377 1804 510 1838 sane
533 1788 676 1854 fugit
686 1789 924 1855 Anglum
944 1794 1282 1857 scriptorem,
1300 1794 1468 1843 Grote

1136 1899 1150 1912 .
1190 1862 1292 1913 260
1327 1878 1384 1911 se
1429 1899 1463 1924 .,

377 1927 472 1993 qui
507 1926 576 1980 ad
618 1942 684 1980 ea
721 1927 1062 1994 illustranda,
1095 1878 1242 1996 lquae
1272 1878 1467 1982 Gragoi

376 1991 646 2047 Herodoti
679 2003 864 2051 aetate
900 2000 967 2050 de
991 2001 1107 2051 fato
1128 2001 1353 2068 eiusque
1375 2017 1466 2051 ne-

379 2067 658 2130 cessitate,
688 2083 797 2133 qua
834 2070 994 2120 simul
1030 2071 1244 2121 iustitia
1280 2070 1469 2120 divina

381 2136 715 2202 continetur,
754 2142 1050 2204 senserint,
1098 2140 1240 2191 hanc
1284 2156 1467 2191 narra-

386 2206 588 2256 tionem
649 2223 859 2258 0mnem
918 2210 1204 2261 admodum
1264 2209 1464 2274 valere,

379 2274 605 2325 iudicat.
648 2306 718 2316 ——
751 2279 817 2328 In
856 2279 1102 2330 clausula
1132 2280 1322 2345 paucis
1359 2295 1469 2330 mo-

380 2346 567 2395 nuisse
604 2347 846 2398 sufficiat
899 2349 964 2399 de
1016 2365 1081 2399 ea
1133 2351 1467 2412 narratione,

382 2430 523 2479 quae
568 2416 714 2481 apud
766 2418 1038 2485 mythogr.
1086 2420 1385 2469 Vaticanos
1437 2434 1471 2468 a

380 2483 555 2535 Bodio
602 2484 859 2552 vulgatos
911 2489 959 2540 1.
1015 2487 1065 2550 ἃ.
1123 2490 1240 2541 196.
1290 2490 1365 2540 11.
1416 2493 1469 2552 ἓ.

385 2553 505 2604 190.
547 2553 612 2605 de
641 2556 843 2607 Croeso
882 2562 1043 2623 capto
1078 2563 1132 2608 et
1154 2560 1282 2623 Cyri
1318 2561 1472 2608 iussu

381 2624 610 2674 flammis
650 2627 871 2687 tradito,
920 2627 1013 2677 sed
1056 2628 1244 2692 pluvia
1287 2644 1472 2693 super-

380 2693 635 2744 veniente
674 2695 904 2746 liberato
938 2698 1238 2763 iterumque
1277 2699 1473 2748 deinde

382 2769 546 2829 capto
596 2770 652 2813 et
702 2766 852 2816 cruci
901 2767 1068 2817 affixo
1118 2772 1316 2818 exstat.
1387 2769 1471 2817 Ex

380 2832 536 2883 Mose
569 2834 902 2886 Chorenensi
939 2836 1049 2886 alia
1093 2837 1356 2901 quaedam
1395 2838 1474 2886 af·

384 2902 491 2952 fert
524 2903 829 2971 Reinsberg
867 2906 921 2954 in
954 2906 1183 2957 Jahrbb.
1234 2908 1272 2956 f.
1326 2906 1468 2957 Phil.

384 2987 440 3023 u.
477 2972 718 3040 Paedag.
774 2974 965 3040 Suppl.
1011 2976 1220 3026 XVIII.
1267 2993 1320 3042 p.
1368 2978 1470 3025 422

385 3056 537 3160 ΒἻΞ.
564 3107 769 3178 πέδῃσι
816 3109 1146 3178 δεδεμένον]
1204 3114 1288 3162 De
1349 3128 1473 3162 con-

385 3180 557 3231 stanti
594 3180 706 3232 fere
743 3183 801 3231 in
837 3182 922 3232 his
968 3198 1073 3233 usu
1119 3183 1475 3248 praepositio-

385 3252 473 3300 nis
519 3240 580 3298 ἐν
629 3252 773 3302 conf.
821 3267 987 3316 supra
1027 3252 1256 3302 laudata
1314 3251 1385 3300 ad
1427 3251 1472 3313 1,

385 3319 454 3371 66
489 3319 582 3369 fin.
628 3320 787 3384 Quod
818 3337 930 3371 una
977 3338 1097 3372 cum
1151 3323 1352 3372 Croeso
1398 3322 1476 3371 bis

386 3398 574 3453 septem
611 3390 888 3456 Lydorum
943 3390 1040 3440 filii
1085 3392 1313 3441 flammis
1367 3396 1476 3440 tra-

387 3458 606 3521 duntur,
661 3476 769 3510 non
819 3459 936 3510 sine
984 3476 1153 3512 causa
1195 3461 1339 3511 hunc
1381 3476 1476 3510 nu·

387 3544 610 3590 merum,
658 3545 818 3595 quem
865 3531 1094 3580 eundem
1139 3533 1305 3581 etiam
1352 3530 1475 3580 aliis

389 3599 447 3648 in
483 3597 682 3649 fabulis
731 3616 786 3650 v,
832 3615 880 3650 c.
930 3601 997 3650 de
1038 3601 1349 3651 Minotauro
1393 3601 1474 3650 in-

387 3668 655 3732 venimus,
691 3667 780 3718 hic
816 3670 946 3732 poni
987 3670 1263 3720 existimat
1301 3667 1479 3721 Raoul

389 3738 657 3789 Bochette
682 3755 736 3803 p.
756 3739 878 3801 272,
910 3738 979 3788 ad
1006 3738 1345 3804 planetarum
1368 3738 1479 3790 cul-

391 3811 505 3856 tum
538 3824 636 3872 per
674 3808 858 3858 varias
900 3808 1064 3860 Asiae
1100 3810 1349 3875 regiones
1385 3810 1479 3860 ob-

387 3877 536 3926 vium
572 3878 707 3928 haec
752 3881 1000 3942 spectare
1043 3883 1217 3930 ratus.
1267 3879 1474 3929 Verba:

387 3937 686 4015 ἀνεβίβασε
723 3938 838 3997 έπ’·
865 3939 1050 4011 αὐτὴν
1081 3941 1186 3997 τὸν
1224 3947 1479 4012 Κροῖσον

396 4016 597 4067 Grimm
637 4015 935 4083 (Deutsche
966 4017 1390 4069 Rechtsalterth.
1422 4033 1475 4080 p.

389 4085 515 4152 700)
575 4088 658 4138 ita
710 4087 886 4152 accipi
936 4086 1072 4149 vult,
1124 4091 1186 4137 ut
1241 4087 1475 4137 Croesus

394 4171 503 4206 non
547 4158 650 4221 ipsi
696 4172 830 4223 rogo
877 4157 1163 4221 impositus
1205 4157 1477 4207 existime-

391 4229 500 4288 tur,
538 4228 634 4277 sed
686 4227 757 4277 ad
803 4228 983 4293 ignem
1029 4220 1312 4291 aplfositus
1362 4226 1479 4288 (ans

393 4297 561 4347 Feuer
577 4296 781 4362 ydem),
823 4296 1039 4361 aliaque
1069 4295 1223 4345 addit
1250 4311 1326 4366 'ex
1350 4296 1481 4346 Ger·

393 4368 609 4416 manica
642 4368 969 4433 antiquitate
999 4366 1248 4431 repetita,
1288 4364 1385 4415 sed
1409 4364 1479 4416 ab

391 4436 661 4487 Herodoti
695 4437 817 4487 loco
854 4435 1054 4499 aliena,
1091 4435 1186 4500 qui
1222 4434 1480 4486 Croesum

1566 1460 1758 1494 revera
1800 1444 2008 1494 iussum
2055 1458 2176 1494 esse
2222 1443 2555 1493 adscendere
2598 1442 2654 1491 in

1567 1530 1759 1578 rogum
1792 1513 1916 1578 (hoc
1952 1516 2094 1564 enim
2122 1518 2212 1564 est
2244 1504 2541 1579 ἀνεβίβασε
2569 1502 2652 1560 ἐπ’

1568 1578 1773 1648 αὐτὴν)
1812 1583 2004 1633 scribit
2045 1582 2209 1648 idque
2243 1583 2410 1632 etiam
2448 1583 2654 1632 factum

1571 1669 1691 1704 esse
1747 1669 1870 1702 mox
1921 1652 2163 1703 declarat
2222 1652 2402 1702 verbis
2454 1649 2531 1716 τῷ
2592 1646 2656 1699 δὲ

1572 1720 1803 1790 Κροίσῳ
1841 1713 2065 1771 ἑστεῶτι
2101 1714 2194 1770 ἐπὶ
2241 1717 2343 1785 τῆς
2378 1719 2567 1784 πυρῆς
2602 1734 2653 1768 κ.

1571 1808 1618 1841 τ.
1657 1792 1704 1840 λ.
1731 1822 1801 1831 ——-
1823 1792 1889 1842 In
1914 1807 2067 1856 seqq.
2096 1789 2464 1855 prolixitatem
2490 1803 2658 1854 quan-

1571 1863 1696 1911 dam
1756 1865 1854 1911 aut
1904 1861 2351 1926 perspicuitatem
2407 1860 2659 1909 observa-

1572 1946 1691 1981 mus
1739 1931 2000 1980 orationis
2046 1930 2392 1980 Herodoteae
2439 1929 2496 1977 in
2540 1943 2659 1978 ver-

1570 2001 1655 2050 bis
1689 1997 1901 2049 τοῦδε
1938 1992 2657 2065 εἴνεκεν-βουλόμε-
2738 2011 2747 2016 ·

1573 2084 1648 2118 νο
1665 2085 1710 2126 ς.
1749 2071 1797 2119 A
1834 2085 1942 2134 qua
1975 2073 2159 2119 tamen
2195 2085 2297 2120 nec
2341 2067 2481 2119 alios
2525 2067 2693 2117 scri-·

1569 2145 1757 2205 ptores
1791 2139 1999 2189 alienos
2038 2154 2175 2202 esse,
2210 2142 2548 2200 monstrant,
2586 2138 2661 2187 ci-

1570 2214 1724 2259 taute
1752 2210 1860 2271 Cr„
1906 2207 2210 2259 Heindorfii
2257 2210 2542 2273 disputata
2589 2206 2660 2256 ad

1571 2280 1790 2330 Platon.
1830 2281 2115 2343 Protagor.
2172 2295 2226 2343 p.
2274 2281 2378 2330 605
2427 2277 2549 2328 coll.
2589 2275 2661 2326 ad

1572 2349 1850 2400 Phaedon.
1890 2365 1945 2414 p.
1989 2347 2099 2399 199.
2150 2380 2219 2387 —-
2265 2349 2394 2398 Mox
2431 2345 2660 2411 καταγί-

1570 2416 1688 2477 ζειν
1723 2420 1976 2484 frequens
2001 2420 2057 2467 in
2083 2419 2253 2468 sacris
2286 2417 2558 2468 faciundis
2593 2417 2659 2464 cle

1573 2488 1660 2552 iis,
1698 2504 1838 2554 quae
1884 2490 1941 2537 in
1988 2489 2075 2538 dei
2122 2488 2353 2538 alicuius
2402 2487 2659 2537 honorem

1572 2557 1967 2629 incenduntur·
1994 2562 2048 2607 et
2105 2562 2443 2620 cremantur,
2494 2561 2556 2606 ut
2611 2555 2658 2616 Ι,

1577 2627 1695 2677 183.
1741 2626 1857 2679 198.
1895 2626 1970 2690 11,
2007 2629 2096 2676 47.
2138 2625 2236 2677 130
2281 2631 2387 2676 etc.
2462 2625 2546 2674 Ad
2580 2623 2660 2672 fu-

1575 2698 1685 2746 turi
1721 2697 1949 2746 formam
1982 2698 2272 2759 καταγιεῖν
2302 2695 2416 2746 vid.
2442 2691 2658 2753 similia,

1576 2781 1716 2831 quae
1744 2764 2174 2818 attulitBredov.
2198 2780 2251 2829 p.
2265 2762 2387 2815 378.
2404 2795 2473 2803 -
2489 2754 2660 2826 ἀκρο-

1575 2835 1744 2885 θίνια
1792 2835 1859 2884 de
1903 2835 2157 2899 primitiis
2212 2850 2254 2884 s.
2306 2834 2545 2884 donariis
2595 2847 2662 2881 ex

1575 2904 1779 2970 praeda
1814 2904 1956 2954 bello
1978 2910 2142 2969 capta
2167 2904 2519 2969 victoriisque
2543 2917 2665 2967 par-

1574 2981 1635 3025 ta
1681 2974 1879 3025 oblatis
1928 2990 2138 3040 semper
2197 2974 2305 3024 dici
2357 2978 2507 3024 recte
2552 2988 2663 3022 mo-

1575 3046 1694 3094 nuit
1730 3044 1975 3096 Schoene
2011 3045 2070 3095 in
2104 3044 2499 3095 Schneidewin.
2536 3042 2663 3094 Phi-

1575 3114 1739 3179 lolog.
1775 3115 1872 3164 IX.
1920 3131 1974 3179 p.
2023 3115 2143 3166 217.
2216 3114 2375 3165 Conf.
2426 3115 2572 3164 infra
2614 3113 2660 3174 Ι,

1574 3185 1659 3236 90.
1700 3184 1854 3247 VIII,
1895 3184 2015 3235 121.
2058 3185 2175 3235 122.
2223 3215 2294 3223 -
2330 3182 2489 3234 θεῶν
2521 3172 2662 3248 ὅτεῳ

1575 3248 1668 3317 δὴ,
1705 3254 1741 3304 i.
1782 3270 1830 3304 e.
1879 3254 1973 3303 deo
2024 3258 2192 3304 neseio
2236 3257 2333 3304 cui.
2379 3254 2503 3305 Vid.
2554 3252 2659 3313 111,

1577 3325 1696 3374 121.
1737 3322 1948 3375 Aelian.
1994 3323 2064 3374 N.
2105 3324 2170 3374 A.
2223 3324 2317 3386 IV,
2356 3323 2441 3375 53.
2509 3322 2661 3372 Idem

1575 3394 1831 3458 frequens
1887 3393 2223 3454 Pausaniae,
2287 3393 2381 3442 ubi
2445 3392 2662 3442 notavit

1578 3459 1828 3513 Siebelis.
1865 3463 1935 3511 ad
1969 3462 2016 3524 1,
2057 3462 2138 3512 13.
2217 3498 2229 3511 .
2272 3461 2325 3511 3.

1647 3530 1727 3580 us
1762 3525 1827 3580 δὲ
1862 3529 2120 3596 Κροίσῳ,
2200 3527 2393 3579 στεῶτι
2431 3521 2524 3576 ἐπὶ
2559 3524 2661 3590 τῆς

1579 3583 2661 3728 ῗ.ι.έῑῑς;.ἱσ;ὲῖ.ε“’ιαξεεεῑιιεεῇ

1984 3717 1996 3734 0
2031 3704 2046 3730 7

1577 3732 1834 3788 ἐσελθεῖν
1872 3737 2060 3787 eadem
2095 3743 2371 3789 structura
2408 3750 2578 3801 supra
2614 3734 2659 3784 I.

1579 3811 1665 3871 24,
1713 3807 1806 3856 ubi
1853 3807 1966 3857 vid.
2014 3807 2080 3857 In
2117 3806 2386 3871 particula
2425 3806 2528 3856 καί
2557 3819 2662 3868 περ

1581 3877 1911 3943 (quamquam,
1950 3875 2063 3941 etsi)
2089 3877 2315 3928 offendit
2337 3874 2660 3942 Schweigh.‚

1582 3948 1672 4013 qui
1709 3946 1891 4011 potius
1935 3952 2353 4011 exspectaverat
2397 3942 2493 3996 καὶ
2534 3937 2659 4011 γὰρ,

1580 4019 1764 4083 quippe
1815 4020 1947 4078 etan,
2008 4020 2190 4082 quippe
2240 4020 2348 4083 qui,
2401 4016 2510 4066 nisi
2567 4011 2669 4064 καί

1568 4101 1684 4150 ’περ
1734 4087 1807 4136 sit
1857 4086 2209 4137 reddendum:
2270 4103 2375 4137 cum
2429 4088 2659 4136 maxime.

1577 4158 1692 4208 Nos
1751 4156 1966 4221 quidem
2018 4158 2075 4206 in
2129 4158 2357 4222 vulgata
2413 4171 2524 4206 non
2583 4154 2666 4202 ita

1581 4226 1917 4289 offendimus,
1953 4232 2015 4276 ut
2050 4240 2168 4276 eam
2216 4226 2305 4277 vel
2348 4224 2664 4275 mutandam

1579 4295 1668 4346 vel
1709 4296 1866 4346 aliter
1909 4300 2070 4358 certe,
2100 4311 2166 4346 ac
2199 4296 2364 4361 vulgo
2398 4295 2477 4358 fit,
2500 4291 2665 4358 expli-

1579 4366 1809 4416 candam
1839 4370 2109 4430 putemus.

1650 4424 1728 4492 ὥς
1772 4425 1833 4483 οἰ
1875 4431 1965 4497 εἴη
2013 4425 2120 4482 σὺν
2161 4428 2285 4499 θεῷ
2331 4425 2664 4496 εἰρημένον]
