3109 5092
1085 343 1583 407 EUTERPE.
1627 344 1714 403 H.
1754 351 1875 406 148.
2504 342 2628 403 767

352 526 595 608 φίλους
621 516 722 588 ’τὰ
767 517 1072 607 μάλιστα.
1154 522 1371 588 τῶνδε
1428 516 1504 587 δὲ
1559 522 1785 587 εἵνεκα
1836 512 1994 596 τοὺς
2049 512 2299 603 νόμους
2349 513 2629 596 τούτους

352 626 727 708 ἐποιεῦντο,
761 628 1052 712 ἰσχυρῶς
1085 625 1660 712 περιστέλλοντες·
1706 616 2063 709 ἐκέχρηστό
2093 638 2215 705 σφι
2243 614 2390 687 κατ’
2423 616 2628 709 ἀρχὰς

350 724 592 796 αὐτίκα
646 728 1137 815 ἐνισταμένοισι
1191 730 1258 807 ἐς
1309 723 1428 807 τὰς
1475 729 1920 815 τυραννίδας,
1972 720 2093 793 τὸν
2131 723 2378 811 χαλκέῃ
2416 721 2626 811 φιάλῃ

351 838 719 901 σπείσαντα
747 826 976 900 αὐτῶν
1003 832 1079 900 ἐν
1099 835 1193 923 τῷ
1222 834 1346 923 ίρςό
1371 833 1495 900 τοῦ
1510 823 1883 917 Ἡφαίστου
1899 879 1918 914 ,
1947 831 2188 896 τοῦτον
2213 820 2473 914 ἁπάσης
2497 832 2624 914 βα-

353 933 695 1004 σιλεύσειν
737 932 1110 1021 Αἰγύπτου.
1185 936 1251 1014 ές
1299 931 1427 1022 γὰρ
1483 929 1567 1020 δὴ
1610 929 1691 1000 τὰ
1744 929 1962 1000 πάντα
2007 926 2117 1020 ἱρὰ
2138 931 2624 1017 συνελέγοντο.

354 1040 491 1107 Καὶ
531 1037 616 1127 δή
648 1057 770 1125 σφι
806 1036 1205 1127 μνημόσυνα
1235 1039 1421 1120 ἔδοξε
1463 1037 1782 1104 λιπέσθαι
1823 1038 2050 1123 κοινῇ·
2113 1029 2316 1114 δόξαν
2366 1034 2449 1102 δέ
2479 1047 2763 1121 σφι,148

358 1140 759 1230 ἐποιήσαντο
793 1138 1252 1231 λαβύρινθον,
1296 1135 1528 1228 ὀλίγον
1568 1134 1740 1227 ὑπὲρ
1770 1141 1886 1226 τῆς
1917 1144 2154 1226 λίμνης
2193 1141 2310 1224 τῆς
2342 1143 2630 1226 Μοίριος

275 1258 373 1313 176
387 1242 554 1313 κατα
567 1249 1043 1334 Κροκοδείλων
1069 1246 1483 1332 καλεομένην
1502 1241 1704 1311 πόλιν
1728 1238 2012 1329 μάλιστα
2036 1267 2120 1328 κη
2149 1246 2483 1329 κείμενον,
2509 1238 2630 1310 τὸν

359 1345 490 1435 ἐγώ
517 1344 648 1436 ἤδη
677 1353 828 1418 ἴδον
858 1346 1064 1435 λόγου
1105 1349 1296 1436 μέζω.
1375 1351 1439 1416 εί
1460 1344 1589 1436 γάρ
1617 1372 1717 1425 τις
1741 1340 1822 1414 τὰ
1848 1346 1916 1426 ἐξ
1939 1339 2278 1435 Ἑλλήνων
2301 1344 2522 1431 τείχεά
2555 1370 2631 1413 τε

358 1546 479 1597 edd.
524 1552 755 1600 recentt.
822 1550 910 1600 Tu
955 1547 1144 1600 confer
1185 1553 1326 1600 nott.
1376 1547 1446 1599 ad

281 1617 530 1680 ·Ι,.94

431 1679 587 1736 εἷναί
626 1701 684 1736 τε
733 1684 940 1767 φίλους
995 1680 1071 1737 τὰ
1129 1678 1446 1753 μαλιστα]

359 1755 505 1807 Alibi
533 1756 671 1806 dixit
706 1749 761 1813 ἐς
787 1749 856 1805 τὰ
889 1748 1154 1821 μάλιστα,
1190 1762 1251 1808 ut
1279 1757 1326 1819 1,
1357 1758 1444 1808 20.

358 1825 526 1876 Plura
561 1826 673 1878 vid.
698 1826 769 1877 ad
803 1827 900 1889 VI,
937 1827 1023 1877 65.
1098 1826 1184 1877 Ad
1212 1831 1447 1878 structu-

357 1910 473 1945 ram
507 1888 643 1960 μήτε
677 1926 748 1935 —-
783 1910 841 1945 τε
875 1896 1020 1946 eonf.
1044 1896 1217 1947 allate
1240 1895 1312 1946 ad
1346 1897 1444 1959 VI,

361 1965 420 2024 13
472 1965 543 2015 ad
588 1966 811 2016 verbum
867 1962 1142 2029 δίζησθαι
1198 1965 1443 2028 conf.1,

430 2098 675 2167 ἰσχυρῶς
698 2099 1238 2170 περιστέλλοντες]ἰ.
1261 2121 1308 2156 e.
1342 2122 1444 2154 ma·

353 2187 453 2236 ‚qno
500 2173 668 2223 studio
711 2174 1054 2232 observantes,
1107 2182 1303 2226 tuentes
1350 2175 1446 2224 has

358 2245 512 2307 leyen.
586 2242 680 2293 Sic
702 2236 1076 2307 περιστέλλειν
1096 2244 1205 2308 ΙΙΙ,
1243 2245 1332 2296 31.
1354 2246 1440 2297 82.

358 2311 455 2374 IV,
494 2310 580 2364 80.
653 2311 717 2362 In
754 2327 907 2379 seqq.
940 2313 1116 2364 Gaisf.
1144 2315 1297 2365 dedit
1332 2306 1445 2365 ἐκέ-

357 2395 563 2446 χρητο,
611 2382 875 2446 probante
911 2383 1307 2450 Wesselingio,
1344 2385 1438 2450 qui

359 2451 570 2502 confert
589 2452 792 2503 Herod.
815 2452 891 2511 ΙΙ,
919 2452 1036 2504 151.
1065 2453 1173 2515 ΙΙΙ,
1193 2457 1282 2504 64.
1310 2453 1439 2516 VII,

359 2521 480 2571 220.
550 2521 843 2587 Vulgatam
889 2521 1176 2573 lectionem
1217 2492 1440 2589 ἐκέχρη-

361 2602 458 2638 στο
505 2593 690 2640 tuetur
732 2592 1034 2658 Schweigh.
1088 2608 1312 2659 eamque
1357 2593 1439 2643 hie

361 2659 610 2709 omnibus
627 2658 764 2711 locis
792 2662 1183 2712 restituendam
1204 2678 1325 2713 ease
1350 2663 1441 2713 do-

359 2727 473 2777 cuit
495 2728 726 2779 BredoV.
756 2746 882 2796 pag.
915 2730 1035 2793 343,
1076 2747 1199 2782 eum
1236 2731 1293 2781 in
1332 2733 1442 2784 for-

358 2796 461 2847 mis
496 2798 729 2861 passivis
766 2798 959 2849 verbi
951 2792 1106 2863 χράω
1133 2802 1440 2866 (oraculum

358 2867 534 2928 edere,
559 2882 875 2932 responsum
890 2869 1040 2934 dare)
1057 2869 1266 2922 litera*
1242 2888 1274 2924 σ
1303 2888 1442 2922 sem-

357 2951 455 3001 per
510 2936 654 3000 apud
717 2938 1054 2998 Herodotum
1121 2943 1440 2994 retineatur.

356 3006 502 3056 Hinc
538 3010 688 3058 recte
737 3024 948 3075 quoque
993 3023 1158 3075 supra
1204 3011 1438 3093 11,139.

357 3073 692 3140 κεχρῆσθαι.
762 3078 847 3129 Ad
871 3094 1026 3129 usum
1058 3081 1212 3132 vocis
1237 3072 1442 3132 αὔτικα

358 3147 804 3277 ιῙιιιιῖιἹέιιι-ίιίοἰρὶο
836 3148 1054 3200 iunctae
1090 3150 1279 3213 cf.11,
1319 3151 1437 3204 146.

428 3276 484 3341 ἐς
514 3277 620 3349 γὰρ
655 3281 729 3351 δὴ
761 3277 830 3335 τὰ
864 3277 1052 3337 πάντα
1087 3280 1186 3352 ἱρὰ
1221 3287 1440 3341 συνελέ-

357 3352 548 3420 γοντο]
585 3354 622 3403 i.
664 3371 711 3405 e.
747 3371 871 3413 ,nam
915 3359 966 3406 in
1011 3358 1233 3410 omnibus
1273 3363 1443 3425 utique

361 3424 555 3484 templis
588 3421 664 3486 (hi
689 3424 884 3488 reguli)
903 3428 1169 3478 convenire
1193 3429 1439 3489 solebant,

360 3505 520 3541 sacra
566 3490 685 3541 scil.
731 3492 1025 3557 facientes,
1070 3510 1178 3546 non
1221 3497 1278 3546 in
1325 3498 1440 3548 eius

360 3564 572 3610 tantum
618 3561 853 3610 numinis
900 3563 1127 3629 templo,
1188 3565 1330 3647 quod
1383 3566 1442 3615 in

360 3631 622 3704 cuiusque
658 3629 866 3681 ditione
901 3632 1021 3682 eive
1067 3648 1208 3699 pago
1243 3635 1441 3699 prima-

361 3700 498 3749 rium
538 3700 662 3762 suit,
709 3699 806 3750 sed
842 3702 1146 3765 promiscue
1182 3704 1237 3751 in
1275 3704 1443 3753 omni-

360 3769 488 3831 bus,
545 3770 685 3819 inter
730 3786 868 3836 quae
908 3770 1142 3821 Vulcani
1179 3770 1438 3839 (Phthah)

359 3839 617 3905 templum
650 3840 881 3891 maxime
915 3840 1132 3907 insigne
1160 3842 1329 3893 fuisse
1357 3858 1442 3894 sa-

359 3909 430 3958 tis
467 3913 707 3961 constat.
780 3911 866 3961 Ad
899 3911 1074 3976 ipsam
1112 3910 1441 3962 locutionem

358 3977 432 4028 cf.
482 3978 528 4041 Ι,
576 3978 639 4028 81
693 3977 1061 4044 συλλέγεσθαι
1108 3974 1164 4038 ἐς
1203 3974 1438 4046 Σαρδις,

359 4061 427 4096 ne
461 4045 639 4111 plura.

664 4219 795 4270 cip,
836 4218 1135 4271 CXLVIII.

427 4313 607 4386 δόξαν
641 4320 707 4373 δέ
737 4337 865 4388 σφι,
902 4314 1246 4388 ἐποιήσαντο
1273 4314 1444 4389 λαβύ-

261 4466 276 4478 ς
360 4390 599 4458 ρινθον]
648 4393 965 4443 Herodotea
1025 4393 1210 4459 attigit
1260 4392 1450 4444 Obori

1552 1547 1669 1597 cius
1706 1545 2003 1597 Gazeeue
1988 1562 2044 1596 ιιι
2080 1544 2328 1610 εορΙιιιιεί
2363 1544 2631 1611 horologii

1549 1631 1678 1682 pag.
1739 1616 1833 1666 151
1895 1615 2223 1666 Boissonad.
2317 1615 2402 1666 Ad
2472 1631 2631 1666 usum

1549 1684 1828 1750 participii
1860 1679 2040 1746 δόξαν
2071 1685 2215 1735 conf.
2253 1685 2452 1735 similia.
2487 1684 2630 1750 apud

1547 1754 1815 1806 Herodot.
1855 1754 1902 1816 I,
1948 1753 2059 1805 129.
2108 1755 2184 1817 ΙΙ,
2233 1755 2351 1807 178.
2395 1755 2504 1817 ΙΙΙ,
2540 1755 2628 1805 65.

1548 1825 1656 1888 IV,
1697 1824 1796 1876 126
1832 1828 1887 1874 et
1920 1823 1993 1873 ad
2037 1790 2380 1888 ἐποιήσαντο
2421 1825 2627 1875 Herod.

1548 1894 1627 1956 ΙΙ,
1671 1893 1786 1945 127.
1829 1894 1946 1944 129.
1984 1894 2052 1957 V,
2095 1895 2181 1944 77.
2232 1894 2318 1944 82.
2391 1894 2475 1944 De
2509 1894 2629 1959 ipso

1543 1962 1854 2029 labyrintho
1884 1963 1940 2012 in
1967 1964 2213 2014 Excursu
2239 1962 2312 2013 ad
2331 1962 2385 2014 h.
2414 1962 2450 2013 l.
2472 1963 2631 2029 plura

1543 2033 1797 2084 diximus.

1616 2097 1759 2152 κατὰ
1820 2098 2224 2167 Κροκοδείλων
2279 2099 2629 2168 καλεομένην

1545 2164 1792 2238 πόλιν],
1800 2172 1899 2234 ,De
1936 2170 2040 2222 hac
2073 2172 2233 2234 urbe,
2288 2188 2427 2238 quae
2463 2173 2628 2223 etiam

1546 2241 1942 2305 Crocodilopolis
1993 2241 2144 2292 dicta
2198 2243 2435 2308 itemque
2486 2243 2628 2294 Riom

1546 2311 1789 2376 (Faium)
1838 2327 1936 2361 nec
1974 2313 2152 2362 minue
2190 2312 2429 2375 Arsinoe,
2479 2313 2626 2366 conf.

1542 2382 1727 2433 Strab.
1755 2380 1934 2432 XVII.
1961 2398 2086 2448 pag.
2106 2382 2204 2435 811
2231 2399 2278 2434 ε.
2307 2382 2459 2435 1165.
2525 2385 2629 2435 Po·

1542 2451 1714 2503 cocke
1761 2451 2034 2517 Descript.
2088 2453 2134 2514 Ι,
2187 2452 2283 2516 59,
2344 2453 2526 2518 Zoega
2561 2453 2629 2503 de

1542 2521 1705 2573 obell.
1746 2537 1872 2587 pag.
1912 2523 2033 2572 242.
2081 2522 2184 2573 292
2237 2527 2292 2572 et
2326 2521 2628 2588 ChampolI.

1542 2591 1688 2656 l'Eg.
1731 2605 1777 2640 e.
1815 2591 1853 2642 1.
1879 2590 2044 2642 Phar.
2077 2591 2124 2642 Ι.
2161 2607 2287 2656 pag.
2328 2592 2622 2643 223—325.

1542 2660 1752 2712 Nutriti
1789 2659 1866 2710 ibi
1901 2660 2118 2724 publice
2146 2660 2203 2709 in
2227 2660 2454 2711 lacubus
2482 2661 2627 2711 sacri

1517 2728 1865 2780 -crocodili.“
1950 2728 2143 2779 Creuz.
2191 2728 2246 2779 in
2298 2729 2625 2780 Commentt.

1542 2798 1787 2849 Herodd.
1822 2813 1950 2863 pag.
1988 2799 2057 2850 85
2091 2801 2205 2849 not.
2278 2799 2437 2850 Nunc
2473 2800 2625 2850 urbis

1543 2868 1745 2919 veteris
1808 2869 2005 2918 rudera
2072 2867 2339 2933 quaedam
2407 2873 2627 2920 exstant

1540 2953 1710 3004 prope
1742 2938 1931 2988 urbem
1960 2937 2193 2989 Medinat
2225 2941 2275 2989 el
2304 2939 2524 3004 Fayoum
2546 2955 2628 2990 ee·

1541 3008 1904 3074 ptentrionem
1934 3022 2153 3071 versus,
2180 3007 2448 3075 valdeque
2466 3010 2627 3060 disie-

1541 3083 1660 3141 cta,
1711 3093 1835 3128 cum
1868 3077 2075 3129 Arabes
2113 3079 2346 3144 optimos
2381 3095 2627 3146 quosque

1541 3147 1752 3213 lapides
1785 3148 1913 3198 hinc
1947 3147 2019 3198 ad
2056 3163 2255 3200 novam
2279 3149 2465 3200 urbem
2496 3166 2627 3201 eon-

1545 3218 1781 3270 dendam
1805 3218 2105 3269 evexerint.
2166 3218 2369 3270 Videas
2383 3219 2621 3270 Iomard.

1543 3288 1602 3337 in
1633 3288 1825 3339 Decor.
1861 3286 1897 3337 1.
1940 3287 1979 3338 l.
2020 3285 2153 3353 (vid.
2194 3287 2451 3348 Excute.)
2486 3294 2622 3339 sect.

1543 3356 1589 3407 Ι.
1637 3360 1687 3419 §-
1736 3360 1786 3407 2.
1838 3356 1889 3408 3.
1937 3372 2064 3422 pag.
2113 3357 2147 3407 6
2201 3372 2373 3422 seqq„
2416 3358 2622 3407 Ritter.

1541 3425 1859 3477 Erdkunde.
1905 3425 1952 3476 Ι.
1989 3441 2116 3490 pag.
2153 3425 2257 3476 802
2293 3440 2428 3490 seq„
2468 3426 2625 3475 Man-

1543 3499 1684 3544 nert.
1722 3494 1761 3545 l.
1800 3493 1839 3543 l.
1876 3509 2001 3558 pag.
2039 3493 2163 3544 419.
2232 3494 2413 3544 Verba
2413 3462 2552 3560 ὄλίγ
2555 3508 2625 3542 ον

1539 3554 1686 3626 ὑπὲρ
1735 3559 1835 3625 τῆς
1873 3561 2076 3625 λίμνης
2120 3558 2222 3625 τῆς
2256 3561 2511 3627 Μοίριος
2519 3510 2625 3613 yde

1543 3647 1609 3681 eo
1643 3631 1797 3692 lacu,
1838 3630 1927 3680 cui
1960 3646 2105 3680 nunc
2139 3646 2335 3682 nomen
2358 3631 2549 3682 Birket
2575 3632 2626 3683 el

1540 3701 1774 3763 Kerum,
1812 3698 1973 3750 valde
2009 3700 2136 3750 inde
2163 3705 2370 3751 remoto
2394 3717 2514 3751 cum
2545 3703 2627 3752 in-

1543 3769 1718 3835 telligi
1752 3772 2056 3835 nequeant,
2104 3768 2173 3820 de
2209 3770 2388 3820 canali
2422 3772 2623 3837 potius,

1543 3840 1639 3905 qui
1673 3854 1818 3889 nunc
1852 3843 2082 3889 vocatur
2116 3838 2265 3889 Bam·
2297 3840 2412 3890 bela
2439 3858 2519 3891 ma
2556 3839 2621 3905 (i.

1542 3925 1593 3960 e.
1634 3908 1831 3959 fluvius
1865 3908 2021 3972 aquis
2069 3908 2283 3974 cerens)
2325 3911 2500 3976 accipi
2536 3911 2627 3961 de·

1542 3978 1775 4040 bebunt3
1807 3976 1920 4028 vid.
1956 3981 2096 4029 nott.
2130 3978 2202 4029 ad
2235 3978 2310 4041 ΙΙ,
2349 3981 2464 4031 149.
2538 3980 2623 4031 Ad

1539 4063 1699 4098 usum
1737 4046 2154 4112 praepositionis
2185 4040 2328 4097 κατὰ
2359 4049 2417 4100 in
2445 4050 2626 4101 verbis

1542 4108 1688 4166 κατὰ
1720 4114 2125 4180 Κροκοδείλων
2150 4117 2501 4184 καλεομένην
2528 4110 2630 4168 πό·

1542 4185 1633 4235 λιν
1667 4186 1812 4236 conf.
1846 4191 1985 4237 nott.
2021 4186 2091 4237 ad
2126 4187 2173 4250 Ι,
2208 4187 2294 4238 76.

1697 4251 1901 4319 ηἴδον
1933 4247 2001 4305 λό
2037 4270 2106 4305 ου
2150 4253 2312 4321 μέζω]
2351 4257 2435 4306 De
2479 4254 2629 4306 locu-

1544 4326 1696 4374 tione
1697 4270 1901 4407 ηλόγου
1939 4271 2078 4389 aggeo
2115 4326 2228 4375 vid.
2263 4326 2339 4386 11,
2377 4326 2460 4378 35.
2522 4325 2629 4376 Vo

1548 4393 1675 4444 cula
1698 4385 1841 4458 ἤδη,
1872 4394 1921 4443 si
1943 4394 2511 4460 Schweighaeuser-um
2535 4408 2630 4443 au
