3109 5092
276 3144 279 3147 -
318 3168 331 3185 .
373 3106 461 3156 ed.
494 3119 605 3155 sec.
680 3105 942 3169 (Opuscc.
982 3105 1196 3155 selectt.
1234 3121 1288 3169 p.

1283 389 1536 451 CLIO.
1585 391 1636 450 Ῑ.
1684 402 1771 457 60.

2543 405 2661 466 129

374 562 781 648 παλαιτέρου
819 564 947 630 τοῦ
979 561 1333 653 βαρβάρου
1373 568 1614 644 ἔθνεος
1656 562 1747 633 τὸ
1763 562 2150 659 Ἐλληνικόν
2165 623 2185 657 ,
2229 569 2345 643 ἐὰν
2389 577 2500 645 καὶ
2543 582 2654 646 δε-

371 663 727 752 ξιῶτερον,
772 665 885 732 καὶ
928 661 1213 761 εὐηθίης
1250 661 1527 754 ἠλιθίου
1553 663 2072 760 ἀπηλλαγμένον
2109 678 2398 763 μᾶλλον,
2441 683 2505 747 εἰ
2542 680 2653 749 καὶ

368 765 520 835 τότε
545 792 623 851 γε
654 754 841 834 οὗτοι
871 762 948 835 ἐν
983 764 1436 855 Ἀθηναίοισι,
1464 784 1637 838 τοῖσι
1669 774 1993 860 πρώτοισι
2027 782 2439 865 λεγομένοισι
2483 779 2656 849 εἶναι

360 863 702 957 Ἑλλήνων
736 875 1019 958 σοφίην,
1064 874 1492 958 μηχανῶνται
1519 871 1769 945 τοιάδε.
1843 875 1953 947 Ἐν
1977 884 2071 971 τῷ
2101 879 2290 972 δήμω
2317 885 2410 974 τῷ
2437 890 2652 951 Παια-

369 973 510 1040 νιέι·
528 961 615 1060 ἦν
641 968 850 1060 γυνὴ,
887 977 970 1062 τῇ
1009 969 1269 1061 οὔνομα
1306 964 1393 1062 ἦν
1419 973 1606 1062 Φύη,
1646 978 2018 1066 μέγαθος’
1981 979 2111 1051 απὸ
2152 987 2488 1072 τεσσέρων
2526 1010 2653 1072 πη-

374 1170 668 1252 opponitur
701 1162 765 1220 τὸ
793 1160 1128 1235 Ἑλληνικὸν
1152 1172 1255 1235 (sc.
1280 1169 1466 1241 γένος)

373 1245 541 1305 atque
577 1233 643 1289 τὸ
672 1232 981 1307 βάρβαρον.
1031 1241 1135 1290 Est
1166 1256 1295 1293 vero
1333 1244 1467 1293 haec

372 1310 548 1360 nostri
604 1308 711 1360 loci
768 1309 1067 1360 sententia·
1134 1310 1297 1374 „illos
1356 1311 1467 1362 tale

371 1378 660 1429 consilium
709 1378 777 1429 de
816 1379 1124 1430 reducendo
1172 1381 1465 1432 Pisistrato

374 1449 616 1512 cepisse,
663 1446 827 1513 longe
875 1448 1138 1511 omnium,
1185 1453 1249 1499 ut
1297 1451 1467 1501 Hero·

371 1517 504 1567 doto
533 1517 777 1579 videtur,
812 1516 1239 1581 ineptissimum,
1279 1519 1326 1574 si
1348 1520 1465 1585 qui-

371 1586 497 1636 dem
531 1592 607 1636 ex·
632 1586 939 1651 antiquiore
974 1587 1082 1636 iam
1116 1602 1252 1638 aevo
1276 1588 1466 1639 Helle-

369 1671 468 1705 nes
514 1670 646 1721 prae
696 1655 945 1706 barbaris
1006 1655 1320 1707 nationibus
1377 1673 1466 1708 ex-

370 1724 657 1787 cellerent,
705 1730 821 1774 tum
870 1724 1197 1776 dexteritate
1239 1726 1464 1792 ingenii,

368 1800 489 1843 tum
525 1808 590 1844 eo
635 1792 780 1858 quod
824 1809 859 1843 a
906 1793 1141 1844 ridicula
1186 1794 1466 1859 (barbaro-

368 1860 518 1926 rum)
555 1862 796 1918 stultitia
824 1864 1001 1945 magis
1033 1865 1227 1913 remoti
1262 1869 1464 1925 essent,

370 1938 541 1997 atque
584 1946 730 1980 nunc
778 1920 883 1996 ipsi
919 1933 1306 1996 Athenienses,
1369 1934 1463 2000 qui

368 2000 648 2066 sapientia
702 2000 790 2050 vel
858 2000 1080 2066 reliquis
1140 2002 1463 2053 Hellenibus

368 2074 654 2136 praestare
676 2069 1000 2133 dicerentur,
1030 2071 1141 2121 tale
1166 2071 1296 2135 quid
1320 2087 1463 2121 com-

368 2140 815 2201 miniscerentur‚
876 2150 1006 2203 quo·
1041 2142 1233 2205 utique
1300 2140 1462 2190 rudes

370 2214 565 2273 gentes
602 2223 669 2258 ac
702 2207 971 2258 barbarae
1003 2208 1119 2258 fere
1157 2209 1333 2274 decipi
1369 2223 1463 2274 po-

370 2278 607 2337 tuerint,
663 2276 884 2327 minime
927 2291 1058 2326 vero
1095 2277 1230 2328 culti
1265 2277 1461 2328 Graeci

370 2347 810 2410 Graecorumque
843 2345 931 2396 vel
974 2346 1263 2396 cultissimi
1296 2346 1462 2396 Athe-

368 2416 592 2465 nienses
618 2414 795 2480 decipi
818 2414 1152 2465 debebant.“
1206 2415 1283 2466 Ut
1319 2416 1461 2465 enim

370 2483 571 2536 Graeci
614 2483 892 2546 barbaris,
940 2484 1019 2533 ita
1054 2484 1279 2535 Graecis
1328 2499 1461 2535 cun-

370 2554 475 2603 ctis
509 2553 871 2604 Athenienses
910 2558 1195 2617 praestare
1237 2554 1343 2603 sibi
1379 2554 1462 2603 vi-

369 2622 642 2673 debantur
666 2623 940 2687 sapientia
968 2623 1221 2689 omnique
1256 2623 1463 2688 ingenii

371 2691 554 2754 cultu,
602 2691 844 2755 reliquae
873 2690 1137 2742 Graeciae
1187 2706 1248 2741 se
1292 2692 1463 2756 magi—

1095 2760 1255 2811 Unde
1301 2760 1464 2811 Athe-

370 2844 567 2879 narum
627 2829 814 2879 urbem
869 2828 1107 2879 Pericles
1175 2829 1313 2878 dixit
1364 2826 1467 2892 τῆς

355 2890 633 2955 Ἑλλάδος
667 2894 1001 2962 παίδευσιν,
1039 2897 1345 2962 Thucydid.
1389 2897 1464 2959 11,

370 2969 462 3018 41.
534 2968 620 3016 De
672 2982 779 3031 quo
835 2967 982 3017 dicto
1035 2966 1193 3032 plura
1246 2968 1339 3018 Gr.
1396 2933 1467 3015 a'd

372 3037 613 3086 oration.
650 3036 721 3086 de
754 3036 967 3086 civitat.
1003 3036 1203 3086 Athen.
1242 3051 1370 3101 pa.
1356 3034 1464 3168 Αἲξ

372 3174 536 3225 Conf.
573 3188 789 3239 quoque
836 3174 1065 3224 Isocrat.
1109 3176 1195 3224 De
1230 3187 1367 3239 pace
1411 3175 1464 3235 §-

372 3245 462 3294 52.
489 3259 545 3308 p.
565 3243 665 3294 170
688 3242 969 3307 Aristoph.
991 3245 1166 3294 Rann.
1186 3244 1323 3295 1115
1349 3256 1465 3306 seq.

372 3311 646 3378 Equidem
682 3327 767 3361 me
805 3312 1095 3363 continebo
1143 3313 1198 3362 in
1233 3327 1343 3362 uno
1370 3311 1467 3361 Di-

375 3380 632 3431 caearchi
679 3380 829 3443 loco,
886 3381 981 3445 qui
998 3396 1093 3516 pex
1148 3380 1464 3432 Herodoteo

375 3464 669 3515 expressus
694 3450 970 3512 videatur,
1040 3451 1145 3501 ‚10
1152 3451 1249 3528 (ἰιι
1268 3450 1463 3500 Creuz.

373 3519 590 3569 Melett.
616 3518 723 3569 111.
755 3534 884 3584 pag.
918 3518 1067 3581 183)-
1096 3511 1171 3567 «τὸ
1207 3511 1466 3568 καθόλον

374 3579 437 3636 δ’
477 3600 621 3638 οσον
667 3581 731 3635 αἱ
762 3585 957 3637 λοιπαὶ
992 3578 1186 3643 πόλεις
1220 3578 1363 3650 πρός
1408 3601 1466 3636 τε

370 3646 605 3721 ἡδονὴν
653 3650 750 3705 καὶ
796 3652 926 3722 βίου
984 3647 1306 3718 διόρθωσιν
1353 3652 1469 3704 τῶν

368 3723 567 3790 ἀγρῶν
600 3721 700 3773 δια
748 3718 1007 3805 ἐρουσιν,
1043 3721 1323 3777 τοσοῦτον
1352 3721 1469 3772 τῶν

370 3790 596 3844 λοιπῶν
641 3808 684 3842 π
720 3792 862 3842 λεων
905 3784 942 3857 ἡ
988 3791 1103 3842 τῶν
1148 3783 1469 3855 Ἀθηναίων

370 3853 766 3925 παραλλάττει.
842 3862 1020 3941 „Add.
1061 3860 1370 3944 Olympiqd.
1398 3859 1469 3910 ad

372 3932 636 3997 ‚,Platon.
660 3930 864 3981 Meiba
900 3923 1146 3994 πάτριον
1167 3925 1276 3993 γὰρ
1303 3919 1469 3992 ’m

374 3999 607 4065 ,,ναίοις
654 3999 835 4067 σοφία
882 3997 1055 4067 νικᾷν
1107 3996 1184 4063 (p.
1225 3998 1309 4049 12.
1349 3999 1468 4048 144.

374 4069 544 4133 ,,168)
593 4072 651 4119 et
697 4084 839 4133 quae
892 4067 962 4118 ad
1006 4069 1230 4118 Homer.
1269 4065 1470 4131 Odyss.

374 4084 873 4201 ‚,xxl,107q(ubi
907 4135 1265 4187 Telemachus
1303 4137 1472 4185 Pene-

376 4207 580 4271 „lopen
617 4210 845 4257 matrem
883 4205 1106 4256 Graecis
1154 4202 1470 4254 mulieribus

374 4276 640 4338 „omnino
687 4277 970 4338 praestare
1007 4270 1171 4337 dicit)
1212 4278 1327 4323 tum
1363 4272 1473 4322 alia

375 4344 716 4408 „adscripsit
761 4343 1017 4393 Eustath.
1065 4358 1194 4408 pag.
1234 4344 1367 4405 752,
1410 4342 1473 4392 16

374 4414 585 4475 „.,Bas
650 4416 793 4462 tum
812 4427 943 4461 vero
985 4412 1152 4463 etiarn
1197 4412 1360 4461 haec.
1423 4405 1477 4460 εἰ

416 4530 427 4539 ·
456 4513 797 4557 nnRODOT.
844 4514 890 4555 1.

372 2764 522 2810 stros
566 2774 690 2810 esse
735 2761 1023 2811 iactantes.

1571 1177 1811 1259 ῃτοίνυν
1851 1171 2007 1260 πρὸς
2039 1173 2144 1261 μὲν
2189 1197 2289 1239 τας
2337 1174 2662 1264 βαρβάρους

1571 1238 2061 1397 :33²3”32’‘2‘;‘.33{0⁰.³·.}
2070 1241 2339 1384 {2323}ss
2347 1243 2510 1401 ‘'32⁷2‘’
2524 1251 2659 1369 ‚552⁹

1570 1421 1604 1449 ‚,
1590 1375 1821 1450 ,αὖτὴν,
1881 1384 2081 1436 πασῶν
2127 1386 2347 1438 λοιπῶν
2393 1380 2656 1455 ὑπερκει-

1571 1451 1752 1518 ῃσθαι
1787 1453 1939 1534 λέγοι
1975 1471 2049 1504 αν
2083 1447 2114 1505 ὁ
2155 1458 2306 1514 παις.
2318 1458 2353 1485 “
2405 1460 2503 1509 Gr.

1637 1519 1732 1572 καὶ
1767 1515 2015 1587 ευηθίης
2035 1515 2279 1589 ἠλιθίου
2304 1517 2655 1591 ἀπηλλαγμέ-

1568 1605 1676 1641 νον
1720 1589 1953 1659 μᾶλλον]
1998 1593 2084 1644 Ad
2129 1594 2459 1646 locutionem
2505 1597 2653 1646 conf.

1567 1661 1846 1711 Plutarch.
1884 1662 2091 1713 Cimon.
2114 1665 2167 1713 4.
2206 1679 2263 1728 p.
2304 1664 2432 1715 110:
2470 1657 2655 1714 δεινό-

1565 1723 1734 1811 τητός
1780 1744 1840 1779 τε
1896 1727 1992 1780 καὶ
2045 1730 2358 1795 στωμυλίας
2409 1724 2657 1797 Ἀττικῆς

1566 1790 1710 1856 ολως
1744 1790 2127 1865 ἀπηλλάχθαι.
2202 1799 2289 1850 Ad
2326 1805 2656 1851 structuram

1569 1869 1978 1932 grammaticam
2016 1869 2059 1918 0
2067 1885 2114 1918 r
2149 1868 2340 1919 laudat
2376 1869 2656 1920 Schaeferi

1570 1936 2007 1987 observationem
2053 1936 2123 1988 ad
2179 1937 2430 2002 Apollon.
2475 1937 2653 1989 Rhod.

1569 2005 1737 2058 schol.
1774 2022 1828 2087 p.
1875 2006 1973 2057 165
2021 2005 2090 2055 de
2117 2007 2500 2057 coniunctione
2531 2022 2654 2072 par-

1569 2074 1747 2139 ticipii
1775 2088 1859 2123 ων
1881 2089 2003 2125 cum
2037 2074 2146 2125 alio
2181 2075 2491 2141 participio.
2543 2076 2654 2126 No

1568 2147 1683 2193 stro
1731 2148 1913 2193 tamen
1959 2144 2018 2192 in
2064 2136 2185 2193 loco
2231 2143 2373 2195 hanc
2417 2149 2654 2195 structu-

1568 2227 1684 2262 ram
1706 2213 1884 2261 minus
1908 2211 2111 2262 habere
2133 2211 2465 2275 offensionis,
2491 2229 2655 2279 quam

1565 2281 1620 2330 in
1655 2280 1779 2331 aliis
1820 2279 1932 2331 illic
1961 2280 2225 2345 laudatis,
2263 2283 2486 2332 minime
2512 2283 2654 2347 fugit

1565 2350 1743 2429 ipsum
1789 2351 1964 2400 virum
2001 2350 2237 2401 doctum.
2274 2382 2346 2391 -
2403 2343 2655 2415 εὖηθίης

1566 2434 1623 2552 ξι
1657 2409 1935 2539 ῗιὸἰξθείης
1960 2425 2227 2470 mutatum
2260 2420 2381 2473 vult
2414 2420 2651 2471 Bredov.

1632 2542 1709 2619 ἦν
1742 2547 1916 2620 γυνὴ,
1954 2553 2023 2620 τῇ
2063 2568 2285 2619 οννομα
2328 2542 2404 2617 ἦν
2436 2545 2563 2619 Φόη
2599 2572 2650 2605 κ.

1567 2639 1613 2673 τ.
1635 2622 1705 2687 λ.]
1747 2624 1953 2687 Scripsi
1979 2638 2101 2673 cum
2126 2627 2355 2673 recentt.
2380 2624 2537 2674 editt.
2559 2619 2652 2687 μέ-

1566 2689 1753 2757 γαθος
1771 2707 1868 2756 pro
1890 2687 2150 2755 μέγεθος,
2191 2692 2333 2756 quod
2363 2692 2524 2743 codd.
2542 2707 2651 2742 uno

1568 2765 1796 2825 excepto
1832 2774 2018 2810 omnes
2056 2759 2305 2811 afferunt.
2383 2762 2470 2810 Tu
2504 2760 2650 2811 conf.

1567 2831 1804 2881 BredoV.
1832 2845 1887 2894 p.
1916 2830 2012 2880 144
2050 2844 2187 2894 seq„
2225 2830 2315 2894 qui
2355 2844 2539 2880 omues
2576 2829 2654 2880 lo-

1567 2914 1662 2949 cos
1698 2898 1995 2963 congessit.
2069 2899 2199 2963 Ipsa
2236 2914 2366 2949 vero
2413 2898 2652 2949 mulieris

1567 2967 1916 3033 magnitudo,
1952 2967 2000 3017 si
2035 2967 2297 3019 Graecam
2344 2982 2654 3018 mensuram

1569 3052 1692 3087 cum
1711 3041 1904 3088 nostra
1928 3038 2346 3103 comparaveris,
2386 3037 2651 3100 ascendit,

1569 3111 1793 3158 auctore
1815 3107 1883 3156 R.
1908 3106 2106 3157 Iacobs
2142 3107 2199 3157 in
2229 3107 2379 3156 Diss.
2407 3107 2474 3157 de
2509 3122 2654 3157 men-

1568 3176 1711 3225 suris
1746 3175 2014 3225 Herodoti
2061 3174 2262 3240 (Berol.
2304 3175 2462 3243 1841)
2507 3191 2563 3240 p.
2602 3177 2653 3238 7,

1568 3246 1639 3295 ad
1676 3260 1771 3295 sex
1815 3245 2200 3310 propemodum
2240 3245 2406 3310 pedes
2441 3245 2657 3296 Rhena-

1566 3329 1695 3376 nos‚
1758 3314 1877 3363 sive
1938 3314 2249 3365 accuratius
2308 3313 2380 3363 ad
2435 3305 2484 3364 δ’
2533 3303 2656 3374 8,5”

1566 3383 1737 3433 Rhen.
1813 3382 1897 3434 Ad
1932 3382 2040 3433 loci
2081 3386 2456 3447 argumentum
2493 3380 2658 3445 perti·

1566 3456 1700 3502 nent
1741 3451 1848 3501 duo
1884 3451 1980 3500 alii
2025 3450 2159 3512 loci,
2205 3449 2345 3499 alter
2390 3448 2656 3498 Athenaei

1567 3520 1725 3581 XIII,
1750 3519 1803 3570 9.
1843 3535 1970 3584 pag.
2000 3518 2121 3581 609,
2161 3517 2301 3567 alter
2319 3519 2653 3581 Hermogen.

1570 3589 1637 3640 de
1672 3590 1880 3638 invent.
1915 3588 1961 3650 1,
1987 3589 2075 3648 42,
2111 3587 2207 3636 ubi
2229 3585 2566 3651 Phylarchus
2599 3589 2656 3634 et

1569 3657 1842 3707 Clidemus
1874 3656 2113 3706 citantur
2144 3660 2394 3706 auctores
2424 3653 2527 3719 (cf.
2550 3653 2657 3704 Oli-

1570 3726 1711 3775 demi
1760 3725 1974 3789 frgmm.
2030 3740 2084 3788 p.
2132 3723 2201 3773 46
2248 3723 2334 3775 ed.
2382 3723 2553 3773 Lenz.
2600 3725 2656 3772 et

1571 3792 1818 3849 Siebel.).
1901 3792 2052 3843 Alios
2115 3792 2266 3843 locos
2326 3806 2448 3842 cum
2503 3791 2657 3841 hisce

1571 3877 1682 3912 una
1710 3861 1988 3925 congessit
2005 3862 2276 3911 Meursius
2301 3862 2358 3911 in
2376 3861 2654 3911 Pisistrat.

1573 3945 1693 3995 cap.
1731 3934 1784 3981 4.
1844 3930 1989 3980 Hinc
2025 3930 2167 3980 enim
2202 3931 2478 3991 discimus,
2514 3929 2656 3994 hanc

1573 3999 1851 4049 mulierem
1887 4004 1942 4049 et
1976 3999 2316 4065 perpulcram
2351 3999 2546 4060 fuisse,
2599 4003 2656 4047 et

1572 4066 1740 4118 filiam
1782 4067 2026 4119 Socratis
2073 4067 2353 4119 cuiusdam
2367 4104 2382 4131 ,
2427 4080 2656 4126 coronas

1572 4138 1922 4200 vendentem,
1956 4142 2256 4203 posteaque
2283 4140 2506 4199 nuptam
2525 4134 2659 4198 Hip-

1575 4207 1776 4271 parcho
1804 4208 2086 4257 Pisistrati
2119 4205 2250 4255 filio.
2280 4235 2350 4244 —
2390 4204 2542 4265 Quae
2579 4218 2659 4252 se·

1576 4279 1839 4338 quantur,
1863 4284 1870 4289 ’
1891 4276 2054 4342 paulo
2099 4274 2259 4325 aliter
2301 4272 2592 4333 traduntur
2625 4286 2661 4320 a

1574 4344 1852 4408 Polyaeno
1888 4346 2167 4408 Strategg.
2195 4343 2239 4399 1,
2270 4342 2357 4402 21,
2386 4341 2434 4390 1.
2496 4341 2660 4390 Nam-

1576 4428 1681 4477 que
1724 4417 1888 4462 antea
1932 4413 2040 4461 iam
2091 4408 2461 4470 adversarios,
2524 4420 2661 4471 pace

2210 4488 2250 4549 9
