3109 5092
412 337 539 398 536

1289 331 1833 394 HERODOTI

417 515 654 605 τέρους
699 513 837 581 τῶν
881 507 1195 580 δυόδεκα
1251 514 1439 578 θεῶν
1482 529 1650 597 φασι
1689 507 2034 596 γενέσθαι.
2125 504 2476 596 γράφουσί
2504 532 2577 574 τε
2616 502 2702 593 δὴ

416 711 682 781 (Symbol.
723 708 801 762 n.
837 726 894 776 p.
931 709 1020 761 48.
1062 709 1161 763 198
1199 725 1317 775 seq.
1356 708 1502 774 238),

414 784 745 836 Wilkinson.
781 782 1065 846 (Manners
1102 785 1209 831 etc.
1249 796 1360 830 sec.
1394 796 1520 831 ser..

417 856 464 907 1.
502 870 557 920 p.
600 852 704 903 228
747 865 863 915 seq.
904 853 1004 901 257
1051 849 1222 916 seq.),
1282 851 1505 900 Bnnsen

416 925 676 989 (Aegypt.
702 919 871 971 Stelle
907 925 1013 971 etc.
1049 920 1097 972 1.
1124 936 1177 983 p.
1202 918 1306 969 423
1332 935 1505 984 seqq„

415 996 648 1059 Egypt’s
682 989 849 1040 Place
882 995 988 1039 ete.
1026 989 1072 1040 1.
1113 1004 1165 1054 p.
1204 987 1309 1040 366
1344 990 1506 1053 seq.),

417 1064 583 1124 alios,
647 1061 730 1110 ita
781 1060 1072 1122 tractavit,
1139 1063 1200 1108 ut
1263 1058 1507 1124 singulos

414 1130 752 1198 singulorum
815 1129 1064 1179 ordinum
1117 1129 1248 1178 deos
1308 1128 1510 1179 consti·

419 1210 571 1253 tuere
608 1198 1006 1263 eorundemque
1052 1197 1272 1247 nomina
1323 1214 1353 1248 e
1399 1213 1510 1247 mo-

419 1269 689 1322 numentis
751 1268 1035 1332 Aegyptiis
1089 1282 1275 1315 eruere
1329 1266 1510 1316 stude-

419 1347 535 1402 ret,
572 1339 619 1390 1.
659 1355 711 1402 p.
745 1337 845 1388 139
883 1351 1032 1401 seqq.
1079 1336 1175 1385 148
1202 1351 1384 1400 seqq.:
1423 1335 1511 1385 cui

420 1425 546 1460 mox
581 1407 867 1457 oblocutus
905 1410 988 1454 est
1020 1405 1253 1467 Lepsius
1309 1403 1512 1468 (Ueber

421 1480 474 1528 d.
526 1482 706 1527 ersten
753 1475 983 1538 Aegypt.
1037 1473 1377 1523 Gotterkreis
1423 1475 1509 1523 in:

420 1543 711 1599 Abhandll.
763 1543 814 1592 d.
863 1541 1005 1593 Berl.
1054 1542 1231 1592 Akad.
1277 1543 1328 1593 d.
1367 1542 1510 1592 Wis-

421 1614 718 1667 senschaft.
778 1613 931 1663 1851.
984 1626 1111 1676 pag.
1164 1613 1262 1663 157
1311 1611 1509 1677 seqq.),

421 1686 515 1752 qui
570 1684 712 1733 idem
765 1698 832 1732 ex
875 1681 1266 1746 Aegyptiorum
1321 1698 1511 1731 monu-

420 1754 617 1807 mentis
681 1752 913 1817 primum
983 1751 1205 1800 deorum
1255 1751 1511 1801 -ordinem

421 1824 756 1876 constituere
798 1826 1028 1871 conatus
1076 1826 1191 1883 est,
1237 1821 1292 1869 in
1331 1821 1513 1886 singu-

420 1896 487 1945 lis
523 1892 684 1943 huius
731 1890 934 1941 ordinis
988 1890 1094 1939 diis
1130 1889 1437 1940 indicandis
1478 1906 1511 1940 a

422 1962 653 2015 Roethio
689 1976 849 2025 quam
897 1960 1124 2010 maxime
1163 1960 1513 2010 dissentiens.

420 2036 506 2085 De
538 2031 734 2096 quibus
763 2029 991 2094 singulis
1015 2029 1321 2093 disceptare
1353 2029 1514 2079 huius

421 2102 528 2152 loci
564 2116 671 2150 non
721 2104 835 2149 est:
887 2114 1027 2162 quae
1069 2099 1140 2148 ad
1176 2099 1513 2148 Herodotum

423 2166 804 2235 explicandum
853 2169 1151 2231 pertinent,
1218 2182 1284 2216 ea
1326 2168 1516 2216 affera-

423 2254 562 2289 mus.
631 2237 918 2286 Boethium
958 2238 1099 2286 enim
1137 2236 1183 2284 si
1222 2238 1513 2300 sequimur,

423 2309 480 2358 hi
517 2305 678 2372 primi
709 2306 913 2354 ordinis
937 2305 1015 2354 dii
1035 2342 1047 2366 ,
1089 2306 1180 2369 qni
1219 2311 1347 2355 sunt
1371 2311 1514 2367 octo,

425 2395 456 2428 e
519 2378 752 2442 quatuor
821 2374 1112 2437 primitivis
1181 2374 1511 2436 numinibus,

426 2461 567 2512 qnae
602 2445 755 2508 ponit
799 2443 942 2492 idem
985 2444 1069 2492 vir
1105 2442 1324 2504 doctus,
1371 2458 1514 2493 ema-

425 2516 649 2567 natione
683 2513 764 2563 ita
801 2513 906 2562 orti
944 2517 1230 2576 putantur,
1270 2518 1331 2562 ut
1361 2512 1516 2563 hicce

423 2586 630 2652 primus
667 2583 888 2633 deorum
928 2583 1059 2632 ordo
1097 2582 1351 2632 exhibeat
1384 2583 1515 2633 deos

429 2657 484 2705 in
533 2655 655 2720 ipsa
701 2668 878 2702 rernm
918 2658 1114 2703 natura
1168 2653 1515 2714 constitutos,

423 2727 461 2777 i.
501 2741 546 2775 e.
595 2723 740 2773 vires
787 2726 1042 2785 naturae,
1091 2722 1286 2786 quibus
1335 2722 1518 2772 omnia

426 2795 799 2845 continentur:
843 2807 978 2856 quos
1016 2791 1234 2841 eosdem
1271 2791 1398 2842 inde
1421 2792 1517 2842 Ca-

426 2866 564 2915 biros
622 2862 684 2924 (i.
733 2877 781 2910 e.
830 2876 1059 2925 magnos
1121 2876 1187 2911 ac
1239 2863 1515 2925 potentes)

427 2933 536 2981 dici
569 2934 1009 2980 consentaneum.
1068 2929 1148 2979 Ac
1180 2931 1410 2994 primum
1439 2931 1519 2979 in-

427 3006 511 3050 ter
545 2999 646 3048 hos
683 2997 862 3047 locum
897 2997 1161 3049 Boethius
1196 3000 1362 3049 tribui
1399 2999 1519 3048 vult

429 3070 480 3119 ei
523 3067 655 3129 deo,
706 3067 798 3130 qui
836 3066 982 3130 quod
1018 3068 1223 3130 primns
1272 3083 1302 3117 e
1337 3068 1520 3133 primi·

426 3138 541 3189 tivo
573 3136 793 3185 numine
837 3151 882 3184 s.
916 3136 1114 3199 spiritu
1150 3137 1427 3187 emanavit
1461 3138 1518 3186 in

427 3220 713 3271 rerumque
762 3210 1014 3254 naturam
1056 3207 1307 3268 transiit,
1358 3221 1520 3257 voca·

430 3282 517 3327 tur
539 3276 671 3335 Pan,
701 3273 738 3323 i.
765 3289 811 3323 e.
842 3290 1097 3334 emanans,
1133 3279 1517 3339 transmigrans,

429 3347 619 3410 effusus
655 3343 817 3408 (nott.
857 3360 910 3409 p.
950 3345 1084 3410 65.)‚
1131 3345 1276 3395 unde
1311 3346 1519 3395 Graeca

428 3415 652 3465 nomina
693 3405 821 3462 Πὰν
855 3417 910 3463 et
945 3405 1140 3478 Φάνης
1184 3413 1299 3479 (qui
1336 3414 1392 3464 in
1420 3415 1520 3464 Or-

429 3484 602 3551 phicis
627 3482 933 3534 celebratur
959 3482 1111 3548 deus)
1142 3483 1377 3533 deducta
1401 3499 1520 3534 esse

427 3555 571 3604 idem
624 3553 781 3603 vidit.
865 3553 1043 3617 Atque
1097 3552 1242 3602 hunc
1292 3553 1518 3603 eundem

430 3624 621 3684 deum,
669 3638 786 3688 qno·
814 3637 971 3672 omne
1016 3622 1177 3686 qnasi
1217 3624 1520 3687 generatio·

430 3694 516 3742 nis
553 3692 878 3757 principium
927 3692 1208 3755 omnisque
1243 3692 1298 3740 in
1342 3708 1520 3742 rerum

432 3766 632 3811 natura
666 3760 747 3810 vis
774 3761 1008 3825 genitrix
1031 3760 1356 3822 declaretur,
1395 3760 1519 3811 aliis

435 3845 648 3896 quoqne
673 3831 745 3879 ad
774 3831 912 3879 idem
947 3830 1321 3895 spectantibus
1349 3831 1522 3881 fuisse

433 3904 682 3949 ornatum
705 3899 1042 3961 nominibus,
1083 3899 1324 3964 adeoque
1357 3915 1522 3950 voca-

431 3973 546 4018 tum
563 3967 841 4030 Har-Seplae
867 3967 1205 4034 (Arsapbes),
1230 3969 1266 4018 i.
1293 3985 1339 4019 e.
1363 3969 1520 4020 deum

429 4036 755 4102 genitorem,
795 4041 1186 4101 generatorem,
1227 4043 1281 4088 et
1311 4039 1520 4089 Montlm

431 4123 476 4157 s.
509 4104 699 4162 Meum,
726 4105 761 4155 i.
793 4120 841 4154 e.
862 4111 1178 4168 creatorem,
1205 4122 1238 4157 a
1266 4124 1371 4172 quo
1399 4109 1517 4172 ipso

431 4174 726 4226 descendat
747 4174 1074 4225 Graecorum
1095 4172 1353 4240 Μένδης,
1378 4177 1519 4227 idem

429 4245 516 4294 vir
553 4242 748 4293 doctus
794 4242 1032 4292 addidit:
1083 4259 1190 4309 qua
1233 4261 1368 4295 voce
1415 4246 1520 4296 lair-

429 4330 535 4363 cum
568 4311 865 4377 significari
898 4327 1019 4362 cum
1040 4315 1394 4364 contenderet
1417 4317 1521 4367 Bo·

428 4384 603 4436 chart.
641 4382 953 4433 Hierozoic.
984 4382 1061 4445 11,
1095 4382 1190 4446 53,
1225 4387 1371 4435 recte
1408 4386 1520 4436 iam

1607 714 1799 760 contra
1836 706 2043 757 monuit
2080 704 2367 758 Iablonski
2398 708 2567 758 Voce.
2599 707 2701 759 Ae-

1608 785 1788 844 gyptt.
1838 793 1892 843 p.
1949 778 2076 839 138,
2129 777 2357 841 exprimi
2408 777 2705 842 Aegyptio-

1608 865 1729 899 rum
1786 862 2033 898 sermone
2087 848 2398 904 seminalem,
2451 862 2704 910 generan-

1609 927 1729 982 tem,
1794 916 2120 981 [vectandis-⁸,
2189 916 2270 966 ita
2330 921 2391 965 ut
2446 917 2703 981 Aegyptii

1611 987 2041 1038 foecunditatem
2102 989 2332 1036 naturae
2391 985 2703 1048 significare

1612 1057 1903 1107 voluerint.
1973 1056 2202 1105 Hircnm
2241 1069 2371 1105 vero
2419 1054 2488 1104 ob
2536 1056 2704 1105 maxi-

1611 1142 1755 1177 mam
1813 1124 2109 1191 generandi
2152 1125 2264 1175 vim
2321 1123 2423 1190 (cf.
2472 1125 2700 1175 Diodor.

1613 1195 1780 1246 Sicul.
1803 1196 1849 1258 1,
1875 1195 1970 1257 88)
2003 1194 2131 1244 hnic
2168 1194 2269 1243 deo
2302 1197 2576 1243 sacratum
2610 1211 2705 1244 vo-

1610 1265 1828 1315 luerunt
1873 1268 2160 1330 ipsumque
2206 1263 2367 1313 deum
2412 1262 2551 1313 birci
2583 1280 2708 1330 par-

1612 1335 1760 1386 tibus
1823 1333 2129 1398 praeditum
2200 1338 2701 1398 repraesentarunt:

1614 1419 1969 1469 quamquam,
2020 1401 2168 1466 quod
2202 1402 2319 1452 iure
2355 1403 2594 1464 mireris,
2646 1403 2702 1452 in

1613 1479 1697 1523 tot
1729 1472 2053 1538 anaglyphis
2085 1472 2371 1537 Aegyptiis
2422 1470 2572 1522 nulla
2611 1472 2705 1521 ad-

1610 1543 1717 1593 huc
1752 1543 1912 1593 huius
1960 1541 2047 1591 dei
2090 1542 2302 1606 imago,
2353 1541 2566 1606 qualem
2594 1543 2705 1592 He·

1610 1613 1836 1663 rodotus
1874 1616 2022 1661 certe
2057 1612 2293 1673 indicat,
2340 1616 2424 1661 est
2458 1616 2719 1676 reperta3'

1612 1683 1724 1733 vid.
1761 1683 1914 1732 Hirt:
1962 1681 2143 1731 Ueber
2194 1680 2285 1730 die
2319 1681 2706 1742 Gegenstinde

1615 1753 1708 1803 der
1754 1753 1935 1801 Kunst
1983 1755 2089 1800 etc.
2148 1765 2276 1815 pag.
2318 1752 2445 1811 124,
2508 1750 2705 1800 Roeth.

1615 1822 1651 1872 l.
1690 1822 1728 1872 l.
1765 1826 1903 1870 nott.
1940 1835 2069 1884 pag.
2102 1820 2189 1870 7Ι.
2262 1820 2418 1869 Unus
2454 1817 2709 1869 Minutoli

1616 1890 1801 1954 (Reise
1827 1894 1933 1940 etc.
1960 1905 2086 1953 pag.
2115 1889 2239 1954 283)
2269 1888 2473 1949 retulit,
2512 1889 2567 1938 in
2589 1904 2710 1952 cry-

1613 1962 1723 2027 ptis
1774 1974 1807 2009 a
1854 1958 2114 2009 Belzonio
2166 1959 2371 2023 apertis
2428 1958 2708 2008 inventum

1615 2046 1734 2081 esse
1786 2030 1943 2078 Pana
1998 2042 2065 2077 ea
2112 2027 2291 2078 forma
2335 2033 2711 2091 repraesenta-

1615 2105 1757 2160 tum,
1803 2112 1964 2162 quam
2002 2101 2146 2147 teste
2183 2098 2464 2148 Herodoto
2498 2096 2579 2146 illi
2614 2098 2709 2146 tri-

1614 2169 1833 2219 buerint
1868 2167 2153 2231 Aegyptii;
2204 2182 2382 2231 neque
2418 2166 2521 2216 hoc
2557 2182 2709 2230 prae-

1615 2236 2057 2296 termittendum,
2112 2237 2257 2300 quod
2303 2236 2453 2286 urbis
2490 2236 2711 2287 Mende-

1617 2309 1733 2358 siae
1780 2307 1930 2355 numi
1968 2306 2332 2355 Romanorum
2370 2310 2554 2355 aetate
2598 2306 2709 2355 fusi

1617 2381 1923 2427 monstrant
1934 2374 2163 2426 hircum.
2179 2375 2284 2425 Vid
2294 2377 2478 2439 .Zoeg.
2491 2376 2706 2426 Numm.

1615 2449 1875 2511 Aegyptt.
1904 2444 2180 2509 imperatt.
2206 2460 2261 2508 p.
2291 2445 2405 2495 117.
2432 2445 2553 2493 215.
2607 2446 2709 2494 Le·

1617 2517 1769 2581 psius
1816 2514 1851 2565 l.
1899 2513 1938 2563 l.
1980 2529 2106 2578 pag.
2156 2514 2253 2564 174
2300 2513 2443 2564 hunc
2488 2514 2710 2563 Mende-

1618 2588 1818 2636 siorum
1875 2585 2063 2644 deum,
2129 2582 2343 2647 qualem
2395 2583 2708 2634 Herodotus

1616 2656 1671 2705 h.
1709 2654 1746 2704 l.
1786 2669 1952 2703 unum
1995 2668 2062 2702 ex
2108 2656 2235 2703 octo
2282 2654 2387 2702 diis
2434 2653 2591 2718 primi
2626 2669 2711 2703 or-

1620 2725 1762 2775 dinis
1798 2723 2118 2784 descripsit,
2167 2724 2307 2773 bene
2351 2723 2585 2773 discerni
2631 2724 2710 2772 iu-

1616 2794 1710 2844 bet
1745 2794 1816 2843 ab
1866 2807 1929 2842 eo
1967 2792 2097 2852 den,
2151 2808 2307 2857 quem
2352 2794 2406 2842 in
2444 2793 2713 2856 superiori

1619 2865 1871 2928 Aegypto
1919 2861 2164 2911 Chemmi
2209 2877 2254 2911 s.
2293 2861 2561 2926 Panopoli
2600 2860 2712 2912 cul-

1620 2940 1735 2984 tum
1790 2948 1911 3004 etun
1958 2931 2286 2981 Graecorum
2336 2934 2488 2981 Pane
2544 2931 2710 2996 vulgo

1622 3005 1968 3066 componunt,
1991 3016 2113 3050 cum
2135 3000 2539 3052 Mendesiorum
2560 3001 2710 3063 deus,

1621 3072 1714 3137 qui
1749 3070 1817 3120 ad
1866 3070 2094 3134 primum
2131 3070 2374 3120 ordinem
2421 3071 2711 3134 pertineat,

1623 3141 1821 3190 Osirim
1889 3138 2069 3204 (quem
2138 3140 2311 3203 primo
2381 3140 2557 3190 ordini
2619 3139 2711 3190 ad-

1621 3210 1883 3274 scriptum
1925 3209 2101 3272 ponit)
2158 3210 2315 3273 qnasi
2363 3208 2603 3260 declaret
2638 3208 2712 3258 al-

1620 3285 1740 3330 tera
1798 3293 1972 3342 eaque
2034 3279 2299 3341 peculiari
2374 3280 2475 3328 snb
2537 3279 2715 3328 forma

1621 3364 1687 3399 ac
1733 3363 1931 3398 nomen
1977 3362 2134 3396 suum
2180 3348 2249 3398 ab
2291 3348 2414 3411 ipsa
2455 3348 2585 3398 urbe
2621 3363 2713 3411 po-

1622 3421 1731 3468 tius
1768 3416 2073 3480 acceperit:
2121 3432 2283 3481 quam
2314 3418 2370 3466 in
2408 3434 2520 3468 rem
2555 3417 2714 3472 affert

1620 3486 1849 3537 Diodori
1882 3485 2060 3536 locum
2088 3487 2134 3548 1,
2169 3488 2237 3537 25
2261 3487 2578 3537 scribentis:
2612 3477 2714 3534 τὸν

1622 3550 1685 3605 δὲ
1719 3545 1946 3617 Ὄσιριν
1983 3593 1994 3603 .
2101 3594 2112 3604 .
2158 3551 2359 3605 πολλοὶ
2417 3554 2584 3605 Πᾶνα
2624 3569 2712 3603 νε-

1622 3624 1907 3689 νομίκασι.
1982 3624 2092 3676 Alii
2125 3626 2464 3676 Herodotum
2500 3625 2714 3688 lapsum

1621 3709 1743 3745 esse
1786 3693 2125 3744 contendunt
2163 3696 2560 3745 Mendesiornm
2607 3694 2708 3743 deo

1624 3780 1688 3815 ea
1734 3763 2163 3826 adscribentem,
2224 3780 2363 3830 quae
2409 3764 2590 3829 potius
2638 3762 2709 3812 ad

1624 3833 1783 3884 deum
1829 3833 1973 3884 Ckem
2019 3851 2063 3884 s.
2112 3832 2300 3894 Khem,
2349 3834 2584 3886 omnium
2631 3849 2711 3883 re·

1624 3918 1740 3952 rum
1761 3906 2152 3967 generatorem,
2190 3904 2524 3968 pertineant:
2563 3902 2710 3953 conf.

1624 3972 1964 4021 Wilkinson:
2010 3973 2267 4023 Manners
2305 3977 2411 4022 etc.
2453 3988 2562 4022 sec.
2602 3987 2708 4022 ser.

1620 4041 1698 4091 11.
1747 4057 1798 4105 p.
1835 4040 1897 4092 31
1938 4055 2087 4106 seqq.
2133 4040 2234 4093 190
2278 4041 2342 4091 A.
2394 4042 2589 4106 Maury
2622 4042 2710 4091 in:

1621 4110 1921 4175 Guigniaut
1963 4110 2246 4174 Religions
2284 4110 2350 4161 de
2387 4110 2712 4175 l’Antiquite

1620 4183 1725 4229 etc.
1766 4178 1964 4229 'r.111.
2002 4181 2065 4229 P.
2087 4179 2139 4230 3.
2179 4195 2233 4243 p.
2255 4179 2360 4231 948
2395 4195 2532 4245 seq„
2568 4181 2713 4230 Bun-

1622 4264 1718 4298 sen
1754 4249 1984 4312 Egypt's
2032 4247 2199 4299 Place
2238 4254 2343 4298 etc.
2397 4249 2447 4299 1.
2492 4266 2546 4314 p.
2586 4248 2710 4300 374.

1622 4321 1787 4369 Yates
1838 4318 2085 4368 Textrin.
2136 4318 2359 4383 Antiqq.
2415 4317 2462 4368 1.
2519 4333 2573 4383 p.
2620 4317 2708 4368 51.

1622 4387 1708 4437 Ad
1751 4402 1915 4436 unum
1963 4387 2028 4437 de
2077 4387 2310 4452 planetis
2358 4383 2519 4439 deum
2560 4387 2711 4437 Men-
