3109 5092
433 369 515 428 40
1304 359 1844 422 HERODOTI

430 550 726 632 πίμπρη,
773 536 931 609 οὔτε
973 537 1193 627 θύρας
1229 534 1529 621 ἀπέσπα,
1592 541 1668 603 ἔα
1714 535 1789 604 δὲ
1836 530 2002 604 κατὰ
2040 531 2283 622 χώρην
2311 530 2612 601 ἑστάναι·
2673 527 2714 599 ὁ

431 646 540 730 δὲ,
571 645 652 714 τά
680 671 752 714 τε
789 646 1074 730 δένδρεα
1109 643 1221 710 καὶ
1252 637 1369 710 τὸν
1405 636 1668 730 καρπὸν
1697 636 1819 707 τὸν
1847 640 1923 707 ἐν
1953 641 2033 726 τῇ
2062 642 2149 726 γῇ
2184 662 2358 714 οκως
2389 639 2708 721 διαφθεί·

429 776 603 837 ρειε,
641 744 1102 817 ἀπαλλάσσετο
1136 741 1373 815 ὀπίσω.
1422 750 1537 832 τῆς
1569 740 1699 832 γὰρ
1728 740 2074 829 θαλασσης
2109 744 2178 809 οἱ
2198 737 2524 862 Μιλησιοι
2555 740 2708 807 ’ἐπε-

429 851 744 941 κράτεον,
785 846 954 920 ωστε
993 851 1277 939 ἐπέδρης
1306 845 1397 937 μὴ
1425 846 1601 916 εἶναι
1633 853 1835 936 ἔργον
1863 848 1949 936 τῇ
1984 848 2281 934 στρατιῇ.
2346 838 2462 920 τὰς
2500 841 2575 910 δὲ
2610 848 2708 911 οί-

427 963 576 1034 κίας

628 951 712 1023 οὐ
758 954 1123 1041 κατέβαλλε
1165 948 1201 1020 ὁ
1240 948 1467 1031 Λυδὸς
1518 955 1737 1019 τῶνδε
1790 954 2054 1034 εἵνεκα,
2117 974 2290 1027 οκως
2335 952 2553 1033 ἔχοιεν
2600 947 2709 1013 ἐν-

425 1064 678 1129 θεῦτεν
727 1052 1141 1147 ὁρμεωμενοι
1191 1053 1314 1144 τὴν
1373 1058 1503 1144 γῆν
1551 1061 1858 1141 σπείρειν
1916 1080 1989 1121 τε
2041 1052 2154 1120 καὶ
2204 1049 2602 1141 ἐργάζεσθαι
2651 1054 2723 1117 oc

428 1160 792 1249 Μιλήσιοι,
846 1156 1046 1239 αὐτὸς
1083 1159 1192 1244 δὲ,
1249 1161 1532 1227 ἐκείνων
1572 1158 2063 1246 ἐργαζομένων,
2105 1161 2242 1242 ἔχοι
2280 1181 2342 1222 τι
2381 1154 2492 1221 καὶ
2529 1158 2710 1221 σίνε-

336 1271 411 1332 18
425 1276 592 1337 σθαι
619 1262 987 1351 ἐσβάλλων.
1056 1267 1277 1330 Ταῦτα
1314 1263 1566 1331 ποιέων
1593 1263 1908 1349 ἐπολέμεε
1939 1265 2091 1328 ἔτεα
2116 1261 2359 1327 ἕνδεκα
2382 1278 2396 1292 ·
2438 1259 2512 1325 ἐν
2544 1270 2712 1325 τοῖσι

426 1368 741 1458 τρώματα
774 1365 1030 1454 μεγάλα
1081 1364 1363 1452 διφάσια
1398 1370 1764 1452 Μιλησίων
1804 1365 2101 1451 ἐγένετο,
2157 1367 2234 1431 ἔν
2263 1386 2335 1429 τε
2372 1365 2716 1451 Λιμενηΐῳ

432 1584 558 1619 mox
593 1567 789 1632 scripsi
828 1555 1055 1616 ἕσταναι
1073 1582 1171 1631 pro
1210 1579 1525 1629 εσταμεναι,

430 1642 493 1689 ut
533 1637 579 1701 1,
615 1637 702 1688 76.
756 1636 843 1688 Ad
878 1634 1336 1701 significationem
1372 1633 1528 1685 verbi

352 1714 353 1717 ’
430 1699 662 1757 ἀπέσπα
698 1704 1067 1768 cf.111,159
1101 1711 1158 1756 et
1196 1707 1263 1757 R.
1294 1707 1524 1770 Jaeger-·

431 1779 721 1831 Annotatt.
756 1778 814 1826 in
833 1775 1118 1826 Plutarchi
1149 1776 1262 1826 vit.
1302 1776 1525 1826 Caesar.

432 1862 558 1912 pag.
600 1847 698 1897 1x.
735 1847 821 1897 De
855 1845 1132 1895 locutione
1156 1835 1300 1893 κατὰ
1332 1837 1528 1909 χώρην

432 1917 505 1967 cf.
545 1916 616 1966 ad
649 1916 754 1978 111,
800 1915 922 1975 135·
962 1915 1029 1965 de
1054 1915 1231 1965 forma
1249 1907 1312 1962 ἔα
1337 1928 1524 1964 omnes

427 1986 582 2036 locos
618 1985 965 2037 Herodoteos
1004 1983 1159 2035 dabit
1192 1984 1427 2035 Bredov.
1462 2000 1517 2048 p.

431 2054 641 2172 3οΞἷστε
680 2111 921 2184 ἐπέδρης
956 2113 1034 2184 μὴ
1073 2114 1221 2171 εἶναι
1259 2116 1426 2185 ἔργον
1453 2116 1524 2184 τῇ

432 2187 686 2256 στρατιῇ]
728 2190 767 2240 i.
804 2205 851 2239 e.
892 2194 965 2239 ita
1011 2198 1067 2239 ut
1110 2190 1233 2240 nihil
1284 2191 1525 2239 attineret

431 2261 665 2311 exercitu
698 2259 869 2309 urbem
906 2258 1171 2323 obsidere,
1221 2273 1362 2322 quae
1401 2258 1521 2308 soil.

430 2333 737 2380 commeatu
774 2327 1048 2377 maritimo
1081 2327 1397 2378 abundabat
1425 2343 1526 2377 neo

430 2398 681 2450 terrestri
729 2397 1013 2447 obsidione
1069 2397 1139 2446 ad
1197 2396 1529 2446 deditionem

431 2468 608 2533 redigi
627 2472 882 2547 poterat.
924 2494 994 2505 —·
1028 2465 1093 2516 In
1128 2465 1235 2515 fine
1288 2481 1410 2531 cap.
1447 2481 1530 2515 re-

392 2570 407 2584 .
431 2537 568 2603 liqui
619 2528 998 2600 ὸρμεαῖμενοι,
1038 2540 1100 2585 ut
1150 2536 1206 2597 Ι,
1244 2533 1360 2596 36.
1401 2536 1529 2585 Bre-

431 2608 594 2658 dovio
634 2611 860 2658 auctore
889 2622 943 2669 p.
976 2604 1077 2656 387
1116 2604 1434 2656 mutandum
1469 2605 1529 2654 in

431 2667 797 2754 ὁρμεόμενοι,
836 2680 898 2725 ut
935 2675 1066 2725 feeit
1102 2674 1351 2725 Dietseh.

430 2736 788 2881 επξῖἒαὲἔί]
804 2735 1113 2863 θῖἰῧέἓᾷἱ
1142 2736 1528 2863 ‘’3112“2’323‘33

428 2883 800 2933 validissimos
849 2883 1288 2946 fortissimosque
1336 2883 1526 2943 fnisse,

430 2951 542 3002 alia
577 2950 807 3001 aliorum
849 2952 1177 3015 scriptorum
1210 2952 1528 3002 testimonia

430 3019 747 3071 ostendunt.
786 3019 944 3069 Conf.
975 3019 1277 3070 Rambaoh.
1322 3019 1389 3068 de
1425 3021 1528 3068 Mi-

426 3089 538 3139 leto
596 3085 747 3151 (Hal.
809 3089 937 3139 Sax.
1015 3087 1173 3153 1790)
1241 3102 1367 3153 pag.
1450 3088 1526 3138 19.

427 3158 581 3208 Idem
626 3157 714 3207 vel
762 3172 829 3207 ea
873 3162 1177 3218 testantur,
1231 3172 1373 3222 quae
1421 3157 1525 3206 hoc

427 3228 549 3291 ipso
603 3226 783 3291 eapite
830 3231 886 3275 et
912 3222 1281 3290 'sequentibus
1322 3227 1524 3277 Noster

426 3296 616 3358 refert,
652 3295 746 3360 qui
783 3295 893 3345 iam
916 3310 1083 3359 snpra
1119 3295 1165 3358 Ι,
1209 3295 1274 3346 14
1296 3295 1388 3351 fin.
1424 3295 1524 3345 Mi-

425 3365 598 3416 letum
640 3365 699 3414 in
734 3363 803 3413 iis
851 3364 1076 3415 urbibus
1124 3366 1522 3423 nominaverat,

426 3450 564 3499 quas
600 3435 782 3500 Gyges
809 3432 1086 3498 Lydorum
1121 3450 1216 3484 rex
1250 3439 1397 3485 esset
1433 3449 1526 3499 ag-

424 3519 677 3570 gressus,
740 3508 1042 3554 commotus
1110 3503 1301 3568 procul
1360 3503 1524 3554 dubio

424 3574 575 3625 urbis
623 3573 831 3624 divitiis
890 3577 1055 3639 atque
1115 3574 1335 3639 opibus,
1384 3588 1526 3638 quae

424 3643 533 3692 iam
582 3647 696 3693 tum
747 3642 804 3707 (i.
865 3658 914 3693 e.
964 3642 1068 3694 676
1127 3658 1178 3693 a.
1238 3640 1390 3707 Chr.)
1438 3646 1525 3692 tot

425 3711 761 3762 coloniarum
799 3716 974 3761 mater
1006 3714 1315 3764 exstiterat.
1362 3712 1521 3763 Conf.

426 3780 726 3829 Bambach.
766 3780 802 3829 l.
833 3779 872 3831 l.
906 3796 1032 3846 pag.
1061 3781 1113 3830 6.
1151 3782 1335 3831 Hodie
1368 3782 1522 3832 urbis

431 3846 561 3897 olim
596 3848 1042 3911 opulentissimae
1080 3849 1290 3914 aliquot
1324 3851 1524 3901 rudera

427 3914 797 3965 aedificiorum
845 3930 1129 3979 superesse
1174 3919 1428 3969 dicuntur
1464 3920 1521 3968 in

426 3984 633 4034 vicinia
666 3984 777 4035 loei
802 3986 961 4034 Palat
996 3986 1086 4034 vel
1118 3987 1411 4049 Palalce-ha,
1451 3989 1521 4038 ad

428 4055 630 4104 ostium
665 4053 982 4115 Maeandri,
1016 4054 1112 4104 ubi
1148 4070 1293 4104 nuno
1336 4061 1520 4119 pasto-

426 4138 513 4173 res
574 4123 781 4188 degunt
843 4123 1024 4189 pauci.
1095 4123 1252 4174 Conf.
1316 4124 1520 4175 Rosen-

425 4191 667 4243 mueller.
697 4192 840 4242 Bibl.
868 4192 1351 4258 Archaeolog.1,2.
1389 4209 1517 4259 pag.

426 4261 549 4311 226.
589 4261 675 4312 De
699 4262 928 4326 antiqua
952 4262 1086 4311 urbe
1121 4266 1337 4326 praeter
1358 4262 1520 4312 Ram·

426 4330 681 4381 bachium
734 4330 1075 4393 ¹eonsulendi
1140 4348 1171 4382 e
1241 4332 1518 4383 veteribus

426 4399 718 4466 praecipue
765 4400 964 4455 Strabo
1012 4400 1171 4465 XIV,
1219 4402 1266 4451 1.
1306 4417 1362 4467 p.
1414 4398 1514 4455 941

1628 1580 1744 1630 seq.
1784 1567 1839 1613 et
1873 1564 2139 1626 Pompon.
2179 1561 2309 1613 Mel.
2356 1562 2403 1625 Ι,
2455 1562 2538 1613 17.
2587 1560 2637 1622 §-
2688 1562 2712 1612 1

1625 1634 1812 1698 ibique
1867 1632 2175 1683 Tzschuek.
2245 1631 2505 1696 Reliquos
2567 1630 2719 1682 locos

1626 1704 1854 1769 praebet
1907 1701 2173 1766 Forbiger
2229 1702 2449 1751 Handb.
2501 1700 2553 1751 d.
2618 1700 2716 1754 alt.

1626 1774 1825 1838 Geogr.
1865 1772 1941 1822 ΙΙ.
1976 1786 2029 1836 p.
2062 1772 2205 1832 214„
2231 1772 2326 1836 qui
2361 1772 2548 1821 ruinas
2581 1785 2718 1836 quas

1628 1842 1739 1892 dixi
1808 1856 1977 1906 prope
2037 1841 2218 1890 vicum
2287 1839 2587 1891 Palatsoha
2648 1839 2720 1889 ad

1627 1913 1909 1977 Myuntem
1943 1911 2147 1961 referre
2173 1910 2292 1960 vult
2317 1909 2395 1975 (p.
2423 1908 2578 1973 213).
2614 1911 2719 1959 Ne·

1623 1998 1729 2047 que
1775 1997 1905 2031 vero
1953 1980 2176 2030 dubium
2226 1995 2375 2045 esse,
2436 1980 2569 2044 quin
2614 1978 2721 2030 hae

1623 2052 1816 2102 ruinae
1853 2050 2057 2101 veteris
2100 2048 2278 2100 Mileti
2324 2049 2562 2115 vestigia
2598 2066 2721 2099 eon-

1623 2122 1856 2181 tineant‚
1895 2123 2154 2170 accurata
2187 2119 2562 2185 disputatione
2597 2119 2720 2170 edo·

1627 2192 1740 2241 cuit
1778 2190 1982 2241 Soldan
2008 2190 2066 2238 in
2102 2204 2295 2240 comm.
2325 2189 2480 2239 Rerr.
2510 2188 2721 2239 Miless.

1627 2261 1691 2311 P.
1732 2261 1777 2310 I.
1813 2257 2153 2322 (Darmstad.
2203 2257 2362 2323 1829)
2401 2274 2455 2323 p.
2502 2259 2564 2310 11
2599 2274 2720 2324 sqq.

1630 2331 1694 2379 27
1744 2344 1859 2393 seq.
1927 2329 2119 2393 Neque
2153 2328 2327 2377 «liter
2376 2329 2591 2378 censuit
2629 2328 2725 2393 qui

1628 2399 1778 2463 ipsas
1827 2397 2017 2447 invisit
2065 2397 2281 2459 rumas,
2331 2398 2501 2447 Ross:
2538 2397 2724 2448 Klein·

1633 2468 1786 2518 asien
1822 2483 1877 2517 u.
1922 2466 2300 2517 Deutschland
2349 2482 2403 2531 p.
2457 2465 2559 2517 316
2605 2482 2720 2531 seq.

1630 2538 1808 2603 ipsum
1845 2536 1958 2585 viei
1997 2536 2326 2587 miserabilis
2371 2551 2568 2585 nomen
2618 2536 2724 2585 Pa-

1630 2606 1829 2657 tatsclta
1888 2621 1933 2654 s.
2000 2605 2324 2656 Paladschah
2377 2609 2630 2670 repetens
2692 2620 2726 2655 a

1631 2679 1888 2740 corrupto
1926 2675 2152 2725 Palatio.
2195 2675 2486 2725 Caeterum
2513 2689 2725 2726 omnem

1629 2746 1771 2795 hano
1804 2745 2082 2810 regionem
2119 2744 2280 2794 valde
2325 2747 2591 2794 mutatam
2632 2761 2726 2809 pa-

1630 2814 1958 2879 ludibusque
2003 2813 2236 2863 obsitam
2285 2813 2520 2878 indeque
2565 2814 2726 2864 valde

1631 2884 1965 2935 insalubrem
2002 2897 2123 2933 esse
2163 2897 2349 2932 omnes
2380 2884 2494 2933 fere
2520 2887 2727 2934 testan-

1629 2958 1738 3004 tur.
1760 2952 1921 3003 Conf.
1941 2951 2142 3002 Texier
2161 2953 2439 3015 Descript.
2468 2952 2540 3002 de
2556 2951 2726 3003 l’Asie

1630 3024 1761 3073 min.
1811 3023 1886 3072 II.
1939 3037 1992 3086 p.
2036 3020 2140 3073 316
2181 3036 2296 3086 seq.
2345 3021 2728 3072 Tchihateheff

1631 3092 1760 3141 Asie
1823 3091 1954 3140 min.
2011 3090 2055 3140 1.
2110 3108 2166 3155 p.
2234 3090 2346 3140 101.
2420 3091 2721 3157 Imaginem

1628 3161 1906 3210 ruinarum
1987 3160 2100 3209 aeri
2181 3161 2412 3210 incisam
2499 3159 2724 3225 praebet

1630 3228 1927 3280 Choiseul-
1950 3228 2193 3279 Gouffier
2259 3231 2486 3294 Voyage
2555 3230 2722 3294 pitto-

1630 3314 1772 3364 resq.
1812 3299 1879 3348 T.
1918 3298 1965 3347 1.
2005 3297 2080 3363 pl.
2121 3298 2263 3362 115„
2315 3299 2486 3363 lapidi
2521 3299 2719 3349 inscul-

1628 3372 1778 3432 ptam
1816 3366 2028 3417 Finden
2066 3368 2375 3433 Landscap.
2418 3368 2624 3419 Illustr.
2664 3369 2726 3419 of

1627 3436 1770 3488 Bibl.
1808 3438 1960 3487 Part.
2003 3437 2101 3487 IX.

1983 3608 2116 3658 CAP.
2152 3608 2360 3659 XVIII.

1696 3701 1757 3760 ἒν
1801 3713 1948 3760 τοῖσι
1995 3702 2260 3776 τρώματα
2302 3703 2513 3775 μεγάλα
2551 3701 2720 3775 διφά-

1629 3791 1722 3830 σια
1770 3797 1822 3829 κ.
1879 3795 1925 3829 τ.
1982 3778 2051 3846 λ.]
2113 3779 2309 3844 τρῶμα
2361 3779 2427 3830 de
2479 3781 2627 3831 clade
2673 3797 2716 3831 s.

1625 3851 1783 3916 playa
1838 3849 2233 3914 accipiendum.
2295 3850 2577 3900 Eustathii
2629 3849 2720 3898 ad-

1627 3924 1810 3970 monet
1834 3920 1920 3972 Cr.
1953 3919 2022 3968 ad
2052 3919 2251 3984 Odyss.
2279 3920 2429 3982 XXI,
2456 3918 2561 3971 293
2588 3934 2718 3984 pag.

1626 3988 1724 4038 761
1784 3988 1880 4038 lin.
1928 3990 1998 4039 25
2060 3988 2146 4039 ed.
2196 3987 2369 4039 Basil.
2455 3990 2542 4038 Tu
2590 3988 2716 4039 add.

1626 4073 1764 4121 quae
1814 4057 1928 4106 dixi
1987 4057 2057 4107 ad
2112 4057 2397 4108 Plutarch.
2445 4057 2719 4109 Alcibiad.

1625 4141 1746 4191 cap.
1784 4129 1851 4176 27
1890 4142 2017 4193 pag.
2060 4127 2179 4178 215.
2233 4132 2286 4177 et
2324 4127 2470 4177 conf.
2507 4127 2714 4179 Herod.

1621 4194 1716 4252 IV.
1759 4196 1876 4247 160.
1914 4197 1979 4258 V,
2021 4196 2142 4248 121.
2181 4196 2422 4258 V1,132.
2455 4194 2540 4245 Ad
2571 4196 2718 4245 Ioni-

1622 4280 1740 4315 cam
1776 4266 1926 4317 voeis
1977 4266 2205 4316 formam
2253 4266 2325 4317 of.
2375 4264 2608 4315 Bredov.
2657 4281 2711 4327 p.

1692 4398 1754 4453 ἒν
1789 4417 1846 4453 τε
1883 4399 2172 4471 Λιμενηΐῳ
2208 4395 2396 4470 χώρης
2432 4398 2534 4467 τῆς
2579 4414 2713 4469 σφε-
