3109 5092
994 417 1001 423 .
1109 362 1362 425 CLIO.
1412 365 1460 423 Ι.
1505 373 1594 428 39.
1643 373 1731 428 40.
1786 372 1873 428 41.
2551 366 2633 429 87

341 541 661 625 συμφορῇ
704 538 1179 625 πεπληγμένον
1211 534 1441 625 ἄχαρι,
1482 538 1608 628 τήν
1635 565 1739 608 τοι
1764 535 1892 608 οὐκ
1918 535 2259 627 ὀνειδίζω,
2300 541 2630 632 ἐκάθηρα,

344 643 458 709 καὶ
485 646 754 711 οἰκίοισι
788 635 1285 729 ὑποδεξάμενος
1312 648 1475 729 ἔχω,
1506 645 1821 731 παρέχων
1848 647 2072 713 πᾶσαν
2098 643 2439 733 δαπάνην·
2499 651 2630 716 νῦν

256 736 447 814 mov
488 740 814 832 (ὀφείλεις
869 740 1031 833 γὰρ,
1089 746 1251 834 ἐμεῦ
1306 746 1834 835 προποιήσαντος
1885 745 2136 836 χρηστὰ
2190 750 2255 827 ἐς
2300 748 2409 831 σε,
2462 777 2622 838 χρη-

344 854 570 917 στοῖσί
601 874 683 936 με
722 844 1151 937 ἀμείβεσθαι)
1192 846 1463 936 φύλακα
1504 849 1743 929 παιδός
1771 870 1848 921 σε
1887 855 2010 919 τοῦ
2053 852 2217 939 ἐμοῦ
2241 859 2484 939 χρηῖζω
2512 880 2626 941 γε·

346 955 592 1021 νέσθαι
632 954 699 1031 ἐς
736 948 954 1040 ἄγρην
991 948 1439 1041 ὁρμεομένου·
1497 952 1590 1042 μή
1628 980 1805 1034 τινες
1847 951 1993 1023 κατ’
2026 948 2191 1023 ὁδὸν
2218 959 2479 1036 κλῶπες
2507 983 2628 1025 κα-

349 1060 627 1143 κοῦργοι
669 1056 778 1124 ἐπὶ
815 1054 1094 1145 δηλήσει
1137 1058 1438 1142 φανέωσι
1477 1053 1663 1146 ὑμῖν.
1723 1053 1888 1146 πρὸς
1934 1057 2010 1126 δὲ
2035 1055 2250 1151 τούτῳ
2288 1060 2400 1127 καὶ
2427 1063 2507 1129 σε’
2530 1086 2634 1128 τοι

348 1216 456 1287 τήν
504 1238 591 1272 τοι
644 1213 751 1272 οὔκ
798 1213 1082 1284 ὀνειδίζω,
1148 1213 1438 1287 iudanon.-

350 1307 485 1357 ,,ε9ο
553 1300 603 1342 te
655 1295 795 1343 1πέτί
846 1307 1077 1355 pressam
1141 1293 1440 1355 calamitate,

348 1378 497 1429 quam
538 1362 631 1413 tibi
686 1377 783 1411 non
829 1362 1116 1425 exprobro,
1179 1364 1445 1413 meracam

348 1432 575 1494 expiavi.
582 1432 617 1457 ‘⁴

350 1503 498 1552 nium
544 1499 671 1550 inde
728 1501 893 1565 petit,
954 1501 1116 1583 quod
1144 1501 1443 1552 Herodotei

350 1571 569 1623 codices
633 1570 932 1634 praebeant
984 1561 1279 1634 ἀχάριτα
1335 1585 1442 1621 πα-

348 1632 587 1706 θήματα
642 1640 693 1701 Ι,
750 1640 853 1692 207
914 1645 971 1690 et
1015 1631 1441 1703 ἀχαριτώτα-

348 1708 758 1771 tovvn,156,
780 1709 1195 1789 necquidquam
1220 1709 1439 1759 omnino

351 1780 594 1840 differat,
642 1784 821 1829 utrum
864 1769 1113 1861 ἆχαρίτῳ
1150 1779 1438 1842 scribatur,

352 1867 423 1901 an
458 1816 773 1913 ἀχαρίστῳ,
819 1848 1003 1911 prouti
1036 1838 1345 1912 ἀθέμιστος
1386 1852 1440 1897 et

348 1911 645 1981 ἆθέμιτος.
710 1917 919 1978 Quibus
955 1923 1137 1967 tamen
1172 1919 1266 1966 vix
1297 1918 1441 1983 quis-

350 2003 515 2055 quam
565 1987 1009 2051 persuadebitur,
1068 1991 1132 2036 ut
1174 1986 1441 2037 Herodoti

352 2062 564 2108 textum
602 2056 888 2106 immutare
922 2056 1087 2118 velit,
1126 2071 1284 2120 quem
1315 2071 1344 2106 e
1380 2055 1442 2104 li-

332 2128 467 2177 .bris
525 2126 761 2176 vetustis
820 2126 1024 2176 rectius
1086 2125 1444 2175 constitutum

354 2212 477 2247 esse
527 2195 793 2245 videmus.
879 2195 1132 2245 Recurrit
1176 2187 1443 2258 συμφορὴ

351 2256 700 2330 ἅχαριςῩΠ,
738 2265 855 2327 190,
893 2263 1018 2314 coll.
1046 2263 1171 2325 VII,
1203 2263 1288 2325 37,
1326 2264 1444 2313 red-

355 2335 609 2399 ditm-que
663 2336 851 2392 mistis,
901 2334 1109 2413 funes-ta
1161 2335 1441 2382 calanum.

354 2406 435 2455 Ac
470 2419 637 2484 supra
668 2404 722 2465 Ι,
761 2402 829 2453 38
864 2402 940 2455 in.
991 2391 1122 2451 οὔτε
1164 2391 1300 2451 ἄλλο
1348 2392 1445 2455 αὖ·

356 2469 458 2523 δὲν
490 2462 695 2537 ἄχαρι
709 2441 995 2534 παριδών
1036 2484 1144 2520 τοι.
1200 2471 1316 2521 Nec
1353 2471 1449 2520 mi-

356 2558 460 2593 nus
496 2542 634 2592 bene
672 2539 996 2591 Plutarchus
1034 2540 1100 2590 de
1135 2539 1281 2590 adul.
1317 2555 1446 2605 pag.

357 2614 425 2663 64
472 2611 548 2673 Α,
611 2626 771 2675 quem
832 2609 1023 2659 laudat
1043 2609 1446 2689 wesseling..

357 2678 513 2730 πᾶσα
534 2649 938 2742 ὀνειδιζομένη
986 2670 1150 2742 χάρις
1185 2670 1449 2742 ἐπαχθὴς

358 2745 455 2799 καὶ
489 2738 717 2813 ἄχαρις,
755 2749 847 2799 ubi
883 2763 1028 2798 nunc
1052 2746 1176 2797 vide
1200 2748 1448 2813 Wytten-

358 2819 519 2870 bach.
557 2834 612 2882 p.
650 2816 785 2879 494,
831 2818 924 2882 qui
960 2816 1309 2867 Plutarchum
1343 2817 1449 2866 hoc

360 2906 391 2940 e
427 2855 791 2952 Theophrasti
834 2886 921 2936 vel
959 2886 1250 2951 Chrysippi
1291 2886 1446 2936 libris

362 2959 429 3008 de
478 2956 719 3007 amicitia
765 2956 1028 3005 sumsisse
1074 2960 1233 3020 putat
1287 2956 1448 3005 alias-

363 3042 469 3093 que
504 3026 709 3075 similes
744 3029 987 3075 veterum
1011 3025 1316 3075 sententias
1340 3023 1447 3074 col-

360 3095 577 3155 laudat3
617 3095 937 3160 quibuscum
972 3094 1273 3157 iungenda,
1309 3109 1450 3158 quae

362 3167 430 3215 de
477 3164 729 3214 fortunae
765 3164 1187 3228 exprobratione
1234 3179 1264 3213 e
1305 3164 1463 3212 vete-‘

362 3235 513 3285 ribus
552 3232 713 3284 affert
744 3232 1011 3283 Valcken.
1049 3232 1117 3281 ad
1154 3232 1208 3281 h.
1244 3231 1281 3282 l.
1350 3233 1452 3282 Est

363 3318 579 3371 quoque
630 3303 688 3352 in
729 3302 1045 3352 Herodoteo
1104 3300 1224 3351 loco
1269 3301 1455 3351 litotes

366 3371 633 3438 quaedam
688 3386 789 3421 nec
836 3370 973 3421 alias
1033 3371 1250 3419 omnino
1310 3385 1452 3431 rara,

366 3443 435 3492 de
471 3456 580 3507 qua
604 3442 651 3492 Ι.
677 3441 749 3490 H.
777 3440 940 3491 Voss.
977 3439 1047 3489 ad
1072 3440 1225 3504 Vix-g.
1254 3440 1452 3504 Georg.

434 3576 643 3644 χρηΐζω
686 3574 978 3642 γενέσθαι]
1043 3575 1179 3625 Cum
1222 3579 1454 3626 recentt.

368 3649 525 3700 editt.
575 3645 701 3697 dedi
745 3642 955 3710 χρηΐζω
994 3650 1049 3694 et
1093 3660 1218 3694 mox
1271 3660 1303 3694 e
1336 3644 1460 3695 Flo-

370 3718 585 3769 rentino
625 3715 857 3795 aliisque
899 3713 1056 3764 libris
1107 3705 1458 3777 ὁρμεομένου

369 3802 467 3853 pro
488 3786 641 3849 vulg.
674 3774 1052 3848 ὁρμεωμένου.
1115 3783 1271 3845 Quod
1291 3782 1463 3839 Adra-

372 3862 513 3906 stum
548 3854 661 3905 filio
699 3853 934 3903 Croesus
970 3851 1124 3902 addit
1161 3852 1461 3913 custodem,

375 3927 529 3989 eique
584 3936 796 3974 omnem
839 3921 938 3971 filii
983 3936 1167 3971 curam
1203 3926 1258 3971 et
1311 3936 1462 3971 secu-

375 3995 593 4044 ritatem
639 3991 934 4056 permittit,
985 3991 1090 4040 hoc
1134 3991 1325 4055 opinor
1373 4006 1464 4040 ex-

372 4063 682 4128 plicandum
702 4076 769 4110 ex
789 4061 1229 4125 paedagogorum
1250 4059 1463 4109 ratione

374 4132 518 4198 apud
579 4135 824 4191 veteres,
891 4127 1189 4194 antiquiori
1246 4128 1465 4193 potissi-

373 4217 515 4252 mum
550 4216 691 4250 aevo
726 4199 972 4264 adeoque
1004 4198 1243 4248 heroico.
1280 4227 1352 4237 --
1397 4197 1464 4247 Ιιι

374 4271 574 4331 verbis,
611 4284 753 4335 quae
786 4267 1146 4318 antecedunt.
1184 4256 1468 4329 προποιή-

723 4328 826 4387 στά
859 4328 923 4394 ἐς
952 4333 1050 4399 σὲ,
1082 4336 1285 4386 Noster
1307 4349 1465 4399 prae-

721 4421 749 4465 ς
790 4421 923 4457 usus
968 4409 1053 4456 est
1099 4420 1221 4455 eum
1260 4405 1317 4454 in
1352 4419 1464 4455 mo-

374 4352 583 4395 σαντος
607 4353 640 4402 χ

372 4409 649 4475 positione

689 1432 856 1481 Cuius
908 1431 1158 1482 lectionis
1209 1432 1442 1497 patroci-
1476 1436 1507 1462 ⁶

1543 1225 1696 1288 dum,
1736 1242 1841 1291 quo
1872 1225 2104 1288 11,111.
2147 1226 2249 1287 111,
2289 1227 2374 1277 49.
2415 1228 2533 1277 152.
2568 1228 2634 1290 V,

1545 1294 1667 1346 103.
1738 1296 1863 1345 Alia
1898 1296 2051 1345 dabit
2098 1295 2366 1346 Matthiae
2404 1296 2497 1347 Gr.
2537 1298 2633 1348 Gr.

1542 1362 1594 1425 5.
1635 1365 1739 1415 414
1773 1370 1888 1416 not.
1926 1368 1977 1416 2.

1616 1424 1696 1497 μή
1733 1449 1881 1491 τινες
1925 1423 2050 1484 κατ’
2093 1424 2236 1484 ὁδὸν
2281 1430 2501 1492 κλῶπες
2537 1450 2636 1483 κα-

1543 1500 1782 1567 κοῦργοι
1819 1495 1912 1553 ἐπὶ
1935 1496 2167 1569 δηλήσει
2192 1499 2444 1567 φανέωσι
2467 1495 2633 1569 ὗμιν]

1545 1572 1723 1623 Simili
1755 1574 1941 1637 modo,
1977 1578 2038 1624 ut
2066 1574 2161 1623 Cr.
2188 1578 2371 1651 notat,
2408 1574 2630 1623 Homer.

1545 1641 2111 1723 odyss.VI11‚444:
2159 1634 2327 1706 μήτις
2360 1657 2449 1691 τοι
2486 1634 2634 1691 καθ’

1543 1702 1688 1760 ὁδὸν
1710 1680 2030 1775 δηλήσεται,
2055 1712 2146 1762 ubi
2161 1712 2484 1762 Eustathius
2505 1728 2633 1789 pag.

1543 1779 1664 1843 319,
1702 1783 1771 1832 44
1809 1780 1894 1832 od.
1932 1779 2133 1831 Basila
2180 1772 2245 1829 τὸ
2293 1778 2358 1829 δὲ
2402 1772 2638 1844 δηλήσε·

1541 1865 1635 1899 ται
1691 1840 1961 1913 εὐφήμως
2017 1842 2179 1898 εἶπεν
2240 1839 2332 1897 ἐπὶ
2399 1847 2639 1913 κλοπῆς.

1543 1918 1630 1968 Ad
1648 1917 1980 1968 locutionem
1996 1908 2086 1966 ἐπὶ
2113 1909 2364 1981 δηλήσει,
2387 1933 2527 1983 quae
2554 1934 2640 1967 ea-

1546 1989 1668 2037 dem
1702 1987 1867 2036 obvia
1893 1988 1988 2048 IV,
2021 1987 2138 2049 112,
2176 1987 2249 2035 cf.
2278 2001 2418 2051 quae
2454 1988 2642 2037 attulit

1544 2056 1780 2106 Werfer.
1816 2056 1873 2104 in
1911 2056 2062 2106 Actt.
2109 2054 2639 2121 phill.Monacc.1‚

1546 2128 1600 2176 2.
1647 2141 1702 2189 p.
1742 2124 1863 2177 267.
1943 2124 2107 2175 Νο1ιιί
2152 2124 2401 2190 equidem
2450 2133 2642 2176 contra

1544 2194 1802 2245 librorum
1837 2195 2163 2259 scriptorum
2195 2195 2354 2244 fidem
2402 2196 2642 2245 scribere

1546 2255 1638 2313 ἐπὶ
1676 2256 1907 2328 δηλήσι,
1947 2264 2396 2328 quemadmodum
2428 2266 2641 2314 Bekkc-

1544 2348 1638 2383 rus
1690 2331 1839 2383 dedit
1889 2333 2252 2415 probavitque
2302 2332 2535 2384 Bredov.
2583 2351 2640 2398 p.

1545 2403 1666 2465 207,
1725 2417 1848 2452 cum
1895 2402 1952 2451 in
1996 2403 2198 2454 talibus
2248 2404 2340 2452 vix
2389 2409 2540 2452 certa
2588 2407 2643 2453 et

1552 2474 1828 2523 constanti
1889 2472 2108 2522 'ratione
2159 2474 2420 2524 Nostrum
2483 2487 2644 2522 usum

1551 2556 1672 2592 esse
1710 2540 2049 2591 crediderim.
2085 2572 2156 2580 —
2208 2541 2479 2603 „Horatio
2517 2545 2645 2590 sunt

1550 2613 1670 2660 mali
1705 2611 1857 2673 fures
1900 2610 1957 2658 in
2005 2609 2171 2659 Satir.
2210 2610 2265 2669 Ι,
2295 2610 2367 2671 ’1,
2403 2608 2501 2669 76,
2552 2610 2646 2659 ubi

1552 2693 1704 2729 cons.
1738 2677 2028 2728 Heindorf.
2102 2679 2186 2727 Ad
2223 2678 2374 2727 verbi
2411 2675 2647 2739 φαίνειν

1550 2763 1709 2798 usum
1741 2748 1798 2797 in
1837 2745 2039 2795 talibus
2073 2747 2221 2797 conf.
2259 2746 2479 2796 Platon.
2515 2748 2648 2797 Pro·

1550 2824 1730 2883 tagor.
1757 2815 1878 2866 init.
1918 2807 2461 2878 πόθεν-φαίνειςς
2502 2814 2647 2880 quod

1551 2888 1742 2937 Cicero
1791 2885 2084 2949 expressit:
2142 2922 2218 2947 ,,,,
2242 2885 2385 2935 Unde
2426 2886 2646 2935 tandem

1550 2957 1810 3020 appares!
1825 2954 1901 2981 ““
1963 2954 2104 3005 Add.
2133 2954 2419 3005 Ruhnken.
2448 2954 2518 3004 ad
2541 2956 2647 3006 Xe-

1550 3025 1813 3143 popgont.
1854 3024 2449 3145 Meinorabb.4{lcgcra3.
2483 3026 2644 3144 {alu}

1552 3113 1609 3146 ιιι
1707 3110 1872 3159 puscc
2045 3110 2154 3160 pag
2366 3109 2395 3144 e
2536 3110 2586 3144 ei

1552 3164 1652 3215 alt.
1660 3164 1692 3189 ‘⁴
1751 3163 1850 3216 Cr.

1558 3224 1876 3382 efflei&
1895 3246 2101 3366 ’ῗνῗιῖζο
2115 3226 2324 3363 .’“ξῖ.Ξῖ
2353 3222 2648 3361 3‘2‘55501

1558 3371 1712 3421 cuius
1734 3371 1856 3421 loco
1875 3369 2223 3430 Valckenar„
2245 3368 2315 3418 ad
2340 3382 2498 3433 quem
2519 3371 2650 3445 post

1558 3440 1793 3489 accessit
1835 3439 2058 3504 Negris,
2107 3437 2425 3502 proposuit.
2475 3428 2651 3498 πρὸς

1559 3502 1662 3571 δὲ,
1719 3499 1784 3564 ἐς
1835 3505 2048 3555 τοῦτο
2102 3502 2197 3554 καὶ
2249 3499 2307 3552 σέ
2347 3516 2435 3552 τοι
2480 3518 2565 3571 χρ.
2606 3494 2648 3551 ἔ.

1558 3572 1692 3637 lev„
1733 3581 1794 3625 ut
1830 3566 1887 3633 ἐς
1923 3572 2092 3623 τοῦτο
2127 3574 2386 3635 iungatur
2422 3586 2540 3621 cum
2576 3567 2652 3619 ἰέ-

1561 3660 1655 3695 ναι
1704 3643 1866 3693 simili
1929 3643 2043 3691 fere
2097 3640 2287 3703 modo,
2340 3656 2446 3705 quo
2502 3635 2652 3689 ἰέναι

1562 3728 1685 3764 cum
1730 3704 1786 3768 ἐς
1832 3712 2074 3760 iunctum
2119 3709 2424 3774 reperiatur
2455 3709 2513 3771 Ἰ,
2561 3710 2649 3759 42.

1561 3782 1637 3844 ΙΙ,
1665 3783 1749 3843 15,
1776 3783 1832 3829 et
1864 3773 2012 3843 πρὸς
2037 3775 2100 3828 δὲ
2133 3778 2404 3829 Herodoti
2445 3795 2511 3829 ex
2547 3794 2654 3829 usu

1564 3850 1863 3915 explicetur
1897 3856 2194 3912 praeterea.
2269 3848 2333 3898 In
2379 3864 2484 3914 quo
2530 3849 2653 3900 Rei·

1566 3922 1682 3969 zius
1719 3920 1988 3969 Batavum
2033 3919 2251 3969 doctum
2287 3923 2509 3969 secutus
2550 3922 2652 3979 est,

1566 3989 1934 4039 coniecturam
1971 3988 2048 4037 in
2062 3993 2272 4039 textum
2311 3989 2489 4052 ipsum
2520 3987 2655 4037 reci-

1565 4059 1738 4123 piens,
1766 4072 1800 4107 a
1827 4057 2053 4124 reliquis
2077 4057 2200 4137 edd:
2227 4057 2505 4136 reiectam,
2534 4071 2656 4107 cum

1567 4128 1660 4178 alii
1697 4127 1822 4177 libri
1851 4127 2055 4177 ferrent
2090 4119 2237 4190 πρὸς
2271 4119 2336 4176 δὲ
2367 4118 2552 4187 τούτῳ
2593 4123 2653 4187 (i.

1568 4213 1616 4248 e.
1657 4204 1959 4263 praeterea,
1998 4196 2072 4246 ad
2105 4194 2281 4259 haec),
2330 4195 2475 4260 quod
2510 4193 2656 4242 idem

1568 4266 1696 4315 olim
1738 4266 1962 4316 Reiskio
2011 4266 2068 4314 in
2118 4271 2353 4314 mentem
2405 4267 2653 4313 venerat.

1567 4334 1845 4386 Particula
1888 4348 1978 4383 τοι
2021 4349 2131 4383 ιιοιι
2167 4333 2285 4383 sine
2318 4333 2376 4380 vi
2419 4332 2657 4397 quadam

1570 4404 1786 4455 adiecta
1822 4407 1935 4466 est,
1972 4407 2035 4453 ut
2071 4403 2352 4465 observat,
2405 4403 2658 4452 monente
