3109 5092
1235 354 1490 418 OLIO.
1534 358 1588 416 Ι.
1634 365 1758 420 194.
2507 359 2622 422 391

361 530 696 616 κλοτερέα,
725 527 943 598 πάντα
970 527 1273 598 σκύτινα.
1322 526 1528 599 έπεᾶν
1558 527 1687 621 γὰρ
1706 532 1783 598 έν
1807 546 1979 600 τοῖσι
2007 528 2432 620 Ἀρμενίοισι,
2460 548 2632 604 τοῖσι

363 632 751 721 κατύπερθε
802 629 1178 721 Ἀσσυρίων
1240 636 1684 722 οἰκημένοισι,
1738 637 1981 722 νομέας
2046 636 2221 723 ἰτέης
2273 635 2631 724 ταμόμενοι

364 735 772 825 ποιήσωνται
790 787 809 820 ,
880 743 1330 825 περιτείνουσι
1396 735 1692 807 τούτοισι
1765 739 2096 826 διφθέρας
2142 731 2634 827 ’στεγαστρίδας

366 844 656 924 ἔξωθεν,
703 838 989 927 ἐδάφεος
1031 839 1315 928 τρόπον,
1358 837 1514 909 οὔτε
1560 842 1876 931 πρύμνην
1911 837 2421 932 ἀποκρίνοντες,
2477 839 2632 913 οὔτε

366 948 646 1035 πρῷραν
692 941 1139 1028 συνάγοντες,
1171 938 1321 1011 ἀλλ’
1373 939 1656 1024 ἀσπίδος
1695 943 1947 1031 τρόπον
1985 947 2392 1033 κυκλοτερέα
2435 945 2628 1036 ποιή-

365 1070 633 1128 σαντες,
680 1048 793 1114 καὶ
823 1047 1119 1134 καλάμης
1146 1044 1550 1133 πλήσαντες,
1594 1052 1729 1117 πᾶν
1754 1044 1829 1116 τὸ
1861 1055 2099 1116 πλοῖον
2141 1053 2339 1117 τοῦτο
2379 1044 2634 1119 ἀπιεῖσι

366 1148 534 1219 κατὰ
573 1147 695 1218 τὸν
740 1147 1039 1236 ποταμὸν
1081 1151 1413 1237 φέρεσθαι
1430 1201 1450 1235 ,
1512 1157 1813 1240 φορτίων
1870 1150 2246 1238 πλήσαντες
2263 1171 2278 1186 ·
2349 1149 2634 1239 μάλιστα

369 1254 445 1323 δὲ
482 1260 720 1340 βίκους
760 1259 1187 1346 φοινικηίους
1214 1252 1581 1340 κατάγουσι
1619 1264 1813 1323 οῐνου
1857 1257 2122 1333 πλέους.
2196 1253 2510 1324 ἰθύνεται
2558 1256 2635 1325 δὲ

365 1353 503 1426 ὑπό
529 1384 600 1424 τε
632 1354 756 1424 δύο
788 1355 1147 1444 πλήκτρων
1174 1357 1286 1424 καὶ
1326 1356 1451 1426 δύο
1479 1352 1754 1446 ἀνδρῶν
1779 1353 2016 1442 ὀρθῶν
2044 1358 2415 1427 ἑστεώτων·
2448 1360 2560 1427 καὶ
2596 1354 2632 1429 ὅ

365 1460 492 1548 μὲν
527 1465 658 1528 ἔσω
686 1462 865 1527 ἕλκει
898 1456 972 1528 τὸ
1010 1464 1381 1547 πλῆκτρον,
1428 1453 1465 1531 ὃ
1501 1461 1577 1529 δὲ
1619 1462 1743 1542 ἔξω
1782 1455 2008 1529 ὠθέει.
2063 1462 2354 1531 ποιέεται
2410 1461 2485 1529 δὲ
2523 1464 2636 1532 καὶ

266 1596 279 1607 ·
367 1562 577 1652 κάρτα
626 1561 882 1649 μεγάλα
928 1568 1138 1631 ταῦτα
1190 1560 1273 1631 τά
1324 1573 1524 1632 πλοῖα
1577 1565 1691 1632 καὶ
1741 1562 2034 1649 έλάσσω,
2091 1561 2173 1631 τὰ
2236 1563 2312 1632 δὲ
2358 1566 2635 1652 μέγιστα

367 1663 596 1736 αὐτῶν
623 1667 738 1734 καὶ
767 1672 1329 1753 πεντακισχιλίων
1372 1664 1722 1736 ταλάντων
1765 1665 1976 1754 γόμον
2037 1671 2190 1754 ἔχει.
2266 1668 2343 1735 ἐν
2380 1666 2634 1760 ἑκάστῳ

372 1770 447 1838 δὲ
477 1774 687 1862 πλοίῳ
716 1763 870 1847 ὄνος
910 1766 1073 1850 ζωὸς
1100 1775 1338 1853 ἔνεστι,
1381 1772 1455 1839 έν
1486 1770 1560 1839 δὲ
1598 1786 1769 1838 τοῖσι
1798 1773 2017 1857 μέζοσι
2045 1772 2348 1847 πλεῦνες.
2431 1768 2637 1838 έπεᾶν

369 1864 467 1943 ὦν
514 1867 887 1941 ἀπίκωνται
935 1874 1248 1953 πλέοντες
1299 1875 1365 1952 ἐς
1416 1870 1540 1960 τὴν
1589 1877 2002 1961 Βαβυλῶνα,
2065 1874 2176 1941 καὶ
2224 1874 2636 1943 διαθέωνται

367 1974 487 2045 τὸν
514 1973 802 2064 φόρτον,
834 1978 1078 2063 νομέας
1116 1976 1242 2064 μὲν
1290 1980 1411 2043 τοῦ
1457 1982 1700 2044 πλοίου
1749 1976 1862 2045 καὶ
1899 1971 2026 2064 τὴν
2068 1973 2380 2063 καλάμην
2416 1980 2638 2046 πᾶσαν

366 2185 715 2252 byloniisque
743 2184 1123 2235 commercium
1145 2184 1453 2234 instituisse
1556 2183 1802 2234 Chariclo
1839 2184 1913 2235 ΙΙ.
1949 2200 2004 2249 p.
2043 2183 2146 2233 272
2192 2182 2275 2233 ed.
2325 2197 2437 2233 sec.
2469 2182 2640 2246 recipi

369 2255 578 2335 probet.
681 2312 696 2331 Ι
883 2311 900 2331 ,
1370 2310 1396 2330 n
1552 2254 1706 2304 iubet
1752 2254 1839 2303 vel
1885 2257 2104 2318 propter
2135 2252 2413 2303 Eustathii
2459 2251 2638 2302 locum

424 2337 556 2374 ουτε
577 2336 848 2400 πρυμνην
867 2319 1299 2383 αποκρίνοντες,
1323 2336 1456 2370 ουτε
1556 2323 1627 2372 ad
1658 2322 1856 2388 Odyes.
1888 2339 1941 2387 p.
1965 2324 2117 2384 1445,
2140 2323 2225 2372 44.
2285 2323 2474 2387 Neque
2508 2337 2638 2371 vero

366 2391 606 2460 πρῷραν
623 2388 987 2455 συναγοντες]
1006 2391 1282 2454 Rescripsi
1302 2390 1456 2457 πρῷ-
1556 2397 1748 2443 contra
1788 2392 1946 2443 codd.
1999 2392 2382 2442 auctoritatem
2428 2395 2639 2441 mutare

360 2478 478 2530 νραν
512 2478 633 2512 cum
664 2461 896 2522 Cobeto‚
934 2464 1154 2510 secutus
1180 2477 1275 2522 ea,
1315 2476 1453 2526 quae
1554 2462 1837 2527 vulgatam
1886 2460 2062 2512 voluit
2094 2461 2380 2511 Dobraeus
2417 2460 2487 2510 ad
2522 2460 2640 2509 Ari-

370 2532 646 2599 praecepit
680 2530 914 2580 BredOV.
954 2546 1005 2594 p.
1047 2530 1176 2593 132,
1224 2546 1330 2594 quo
1367 2547 1455 2580 eo·
1554 2532 1806 2595 stophan.
1841 2531 1986 2581 Plut.
2017 2531 2136 2592 718,
2167 2544 2326 2595 quem
2351 2530 2506 2595 sequi
2525 2528 2640 2593 pla-

371 2605 491 2656 dem
525 2605 751 2652 auctore
790 2599 873 2665 (p.
913 2598 1037 2665 133)
1074 2600 1275 2649 retinui
1310 2591 1455 2662 πρύ-

410 2687 537 2735 νην.

367 2689 407 2738 μ
434 2737 654 2792 ἀπιεῖσι
686 2729 829 2787 κατὰ
857 2731 961 2787 τὸν
992 2727 1253 2800 ποταμὸν
1288 2727 1456 2801 φέρε-

371 2810 530 2875 σθαι]
556 2809 799 2873 naviqium
819 2806 923 2871 (ita
944 2807 1336 2871 constructum)
1357 2809 1456 2856 iam

370 2885 614 2938 enniumt,
678 2885 734 2927 ut
782 2877 1001 2927 secando
1052 2877 1317 2940 deferatur·
1355 2877 1455 2942 flu-

367 2954 512 3003 mine.
604 2947 881 2998 Revocavi
939 2961 968 2997 e
1020 2945 1173 2995 libris
1233 2946 1454 3010 optimis

366 3012 585 3070 ἀπιεῖσι
616 3015 725 3081 'pro
758 3007 987 3078 άπιᾶσι,
1026 3016 1291 3080 probante
1324 3017 1453 3066 Bre-

370 3091 496 3140 dov.
534 3104 589 3152 p.
618 3087 722 3138 394
756 3091 811 3136 et
846 3089 1073 3136 recentt.
1109 3085 1230 3137 edd.
1270 3111 1338 3121 —
1385 3086 1455 3135 In

370 3158 742 3210 antecedentt.
780 3156 851 3206 ad
898 3152 1235 3218 κυκλοτερέα
1274 3160 1456 3205 mente

373 3227 720 3295 repetendum
780 3216 849 3274 τὰ
900 3222 1090 3273 πλοῖα.
1165 3221 1456 3288 διφθέρας

375 3291 870 3362 στεγαστρίδας
915 3294 1114 3344 Noster
1144 3298 1310 3344 vocat
1342 3293 1457 3358 pel-

375 3368 482 3430 lea,
529 3366 724 3431 quibus
762 3365 897 3414 haec
929 3364 1154 3429 navigia
1196 3364 1458 3414 extrinse-

373 3453 469 3488 cus
502 3439 655 3486 tecta
700 3439 754 3485 et
791 3437 981 3499 operta
1030 3436 1217 3494 erant3
1267 3432 1457 3498 attigit

373 3505 565 3558 Pollux
603 3506 670 3567 X,
715 3503 829 3554 180.
900 3503 1023 3553 Vox
1055 3503 1231 3553 rarior
1266 3515 1455 3566 στεγα-

373 3570 528 3640 στρὶς
564 3573 631 3624 de
668 3572 985 3639 sugg-tunde.
1028 3571 1212 3636 templi
1249 3571 1457 3621 inveni-

373 3651 461 3696 tur
510 3644 567 3693 in
611 3642 976 3706 Inscriptione
1036 3657 1235 3705 graeca
1279 3643 1456 3705 Aegy-

371 3715 555 3779 ptiaca
598 3711 743 3777 apud
791 3711 1172 3761 Letronnium:
1232 3709 1457 3761 Recueil

373 3789 476 3834 etc.
516 3782 564 3832 1.
594 3798 650 3846 p.
686 3781 779 3839 293
815 3774 1046 3843 στέγαστ
1085 3794 1155 3828 ον
1194 3780 1332 3829 dixit
1354 3780 1456 3829 Ae-

373 3851 591 3916 schylus
626 3852 682 3900 in
721 3850 958 3912 Choeph.
997 3796 1119 3900 934.

440 3913 679 3984 μάλιστα
731 3913 795 3968 δὲ
845 3915 1043 3983 βίκους
1088 3913 1455 3982 φοινικηίους

371 3981 678 4055 κατάγουσι
740 3985 907 4038 οἴνου
958 3983 1184 4052 πλέους]
1254 3987 1455 4036 Omnes

371 4060 497 4110 libri
543 4054 936 4123 φοινικηίους,
996 4058 1092 4107 sed
1137 4057 1303 4106 scribi
1348 4070 1457 4105 ma-

372 4129 493 4180 lunt
518 4123 880 4193 φοινικηίου,
920 4132 981 4177 ut
1006 4127 1078 4176 ad
1100 4128 1288 4176 vinum
1323 4126 1458 4176 refe-

372 4203 544 4261 ratur,
576 4198 737 4263 quale
774 4201 1223 4247 commemoratur
1248 4195 1294 4256 1,
1328 4193 1454 4255 1933

373 4269 444 4319 cs.
480 4267 808 4331 Weeseling.
857 4266 927 4315 ad
962 4266 1018 4316 h.
1053 4266 1091 4316 l.
1142 4269 1197 4314 et
1230 4265 1363 4314 Reiz
1398 4265 1457 4313 in

371 4337 615 4388 Praefat.
642 4353 694 4401 p.
717 4335 898 4385 XXII.
946 4336 1297 4385 Recentiores
1331 4332 1454 4384 edd.

372 4406 432 4457 id
478 4409 799 4471 receperunt
854 4404 1095 4470 itemque
1136 4403 1347 4455 Becker
1398 4403 1457 4452 in

1556 2602 1698 2664 cuit,
1756 2600 2076 2664 praesertim
2126 2613 2247 2648 cum
2301 2594 2639 2662 φοινικηίου

1556 2671 1604 2719 si
1639 2673 1917 2734 receptum
1956 2668 2062 2718 erit
2077 2704 2090 2729 ,
2140 2668 2276 2717 mire
2310 2668 2640 2717 disiunctum

1555 2740 1629 2790 sit
1662 2755 1696 2790 a
1731 2753 1868 2789 voce
1903 2734 2069 2786 οἴνου
2093 2739 2256 2801 atque
2291 2740 2513 2801 propter
2547 2751 2642 2784 va-

1554 2810 1694 2859 rium
1731 2823 1888 2858 usum
1921 2807 2235 2870 variamque
2268 2806 2571 2868 materiam,
2609 2820 2641 2855 e

1558 2895 1667 2942 qua
1699 2893 1866 2941 vasa,
1903 2876 2098 2941 quibus
2123 2890 2317 2925 nomen
2344 2872 2506 2940 βῖκος
2543 2873 2637 2938 (cf.

1556 2948 1778 3013 Ussing.
1819 2948 1884 2997 de
1908 2945 2206 2996 uominibb.
2233 2960 2381 2995 vaes.
2410 2946 2639 2997 Graece.

1553 3034 1608 3083 p.
1636 3017 1745 3084 35),
1767 3016 2193 3067 conficiebantur
2215 3015 2360 3078 apud
2382 3015 2640 3076 Graecos,

1556 3087 1692 3137 adeo
1746 3086 2114 3136 necessarium
2169 3084 2346 3136 videri
2401 3084 2641 3150 potuerit

1555 3158 1759 3209 Nostro
1793 3156 1934 3206 hanc
1977 3155 2151 3220 ipsam
2185 3155 2469 3204 materiam
2503 3168 2641 3203 voce

1558 3222 1927 3290 φοινικηίους
1975 3223 2165 3274 addita
2203 3224 2514 3274 accuratius
2553 3222 2642 3271 de-

1559 3296 1796 3357 clarare,
1846 3310 1954 3359 quo
1991 3294 2165 3358 magis
2213 3292 2334 3343 aliis
2367 3292 2641 3356 lignorum

1558 3365 1847 3431 generibus
1876 3362 1947 3413 ad
1974 3362 2114 3412 talia
2141 3377 2277 3411 vasa
2308 3359 2643 3411 conficienda

1560 3435 1697 3485 haec
1729 3433 1881 3498 regio
1917 3431 2174 3481 caruerit.

1627 3495 1698 3552 τὰ
1732 3495 1794 3551 δὲ
1830 3499 2061 3564 μέγιστα
2092 3489 2345 3562 αὐτῶν]
2384 3488 2577 3544 αὐτῶν
2611 3511 2641 3545 e

1558 3573 1712 3622 libris
1748 3569 2104 3635 reposuimus.
2177 3565 2358 3631 Vulgo
2404 3556 2638 3614 αὐτέων.

1559 3643 1690 3692 Mox
1724 3631 1891 3700 ζωὸς
1923 3637 2116 3700 utique
2138 3635 2400 3700 praebent
2427 3633 2642 3698 plurimi

1558 3711 1711 3771 libri,
1763 3722 1902 3758 unus
1935 3701 2099 3768 ζοώς,
2149 3704 2291 3754 alter
2322 3693 2455 3762 ζὼς,
2497 3703 2642 3767 quod

1554 3779 1701 3830 haud
1750 3775 1940 3826 melius
1989 3789 2152 3839 quam
2205 3771 2490 3837 vulgatum
2535 3769 2643 3831 ζῶς

1554 3846 1923 3899 reiiciendum.
1984 3842 2295 3895 Gaisfordio
2327 3856 2460 3891 vera
2491 3841 2644 3891 vide-

1558 3922 1646 3968 tur
1692 3917 1962 3980 scriptura
2003 3905 2188 3974 ζοὸς,
2236 3912 2414 3961 minus
2463 3914 2639 3971 recte;

1559 3986 1670 4038 vid.
1710 3986 1946 4036 Bredov.
1984 3999 2037 4047 p.
2064 3981 2152 4033 49.
2177 4012 2248 4021 —-
2284 3980 2352 4031 In
2378 3996 2530 4046 seqq.
2571 3980 2646 4030 ad

1562 4053 1912 4105 διαθέωνται
1945 4052 2059 4102 vid.
2083 4067 2225 4117 quae
2248 4051 2317 4101 de
2346 4050 2450 4101 hoc
2473 4051 2641 4102 verbo

1559 4129 1752 4177 notata
1787 4127 1916 4173 sunt
1955 4121 2027 4172 ad
2064 4122 2111 4183 1,
2152 4121 2200 4171 1.
2574 4173 2596 4196 τ

1628 4186 1734 4257 τὴν
1796 4183 2055 4255 καλάμην
2121 4187 2313 4239 πᾶσαν
2374 4178 2485 4238 ἀπ’
2552 4203 2642 4236 ων

1561 4253 1939 4327 ἐκήρυξαν]
1993 4261 2085 4311 Ita
2126 4258 2345 4324 egregie
2389 4273 2418 4308 e
2464 4257 2646 4308 Schel-

1559 4332 1810 4383 lershem.
1833 4331 1974 4381 libro
2000 4345 2034 4379 a
2052 4327 2304 4392 Schwgh.
2330 4328 2644 4377 restitutum

1562 4417 1683 4454 esse
1738 4415 2060 4468 persuasum
2104 4398 2384 4449 habemus.
2466 4394 2644 4461 Vulgo
