<?xml version="1.0" encoding="UTF-8"?>
<!DOCTYPE html PUBLIC "-//W3C//DTD XHTML 1.0 Transitional//EN"
    "http://www.w3.org/TR/xhtml1/DTD/xhtml1-transitional.dtd">
<html xmlns="http://www.w3.org/1999/xhtml" xml:lang="en" lang="en">
 <head>
  <title>
</title>
<meta http-equiv="Content-Type" content="text/html;charset=utf-8" />
  <meta name='ocr-system' content='tesseract 3.04.00' />
  <meta name='ocr-capabilities' content='ocr_page ocr_carea ocr_par ocr_line ocrx_word'/>
</head>
<body>
  <div class='ocr_page' id='page_1' title='image "./herodotihalicar02unkngoog_0385.png"; bbox 0 0 3109 5092; ppageno 0'>
   <div class='ocr_carea' id='block_1_1' title="bbox 1169 361 1862 428">
    <p class='ocr_par' dir='ltr' id='par_1_1' title="bbox 1169 361 1862 428">
     <span class='ocr_line' id='line_1_1' title="bbox 1169 361 1862 428; baseline -0.007 -3"><span class='ocrx_word' id='word_1_1' title='bbox 1169 361 1423 425; x_wconf 83' lang='lat' dir='ltr'><strong>CLIO.</strong></span> <span class='ocrx_word' id='word_1_2' title='bbox 1468 362 1520 423; x_wconf 90' lang='grc' dir='ltr'>Ι.</span> <span class='ocrx_word' id='word_1_3' title='bbox 1569 372 1693 428; x_wconf 84' lang='grc'><strong>183.</strong></span> <span class='ocrx_word' id='word_1_4' title='bbox 1745 371 1862 425; x_wconf 77' lang='grc'><strong>184.</strong></span> 
     </span>
    </p>
   </div>
   <div class='ocr_carea' id='block_1_2' title="bbox 2534 362 2658 425">
    <p class='ocr_par' dir='ltr' id='par_1_2' title="bbox 2534 362 2658 425">
     <span class='ocr_line' id='line_1_2' title="bbox 2534 362 2658 425; baseline -0.016 0"><span class='ocrx_word' id='word_1_5' title='bbox 2534 362 2658 425; x_wconf 88' lang='grc'>365</span> 
     </span>
    </p>
   </div>
   <div class='ocr_carea' id='block_1_3' title="bbox 383 528 2659 834">
    <p class='ocr_par' dir='ltr' id='par_1_3' title="bbox 383 528 2659 834">
     <span class='ocr_line' id='line_1_3' title="bbox 384 528 2657 626; baseline 0 -22"><span class='ocrx_word' id='word_1_6' title='bbox 384 530 871 624; x_wconf 74' lang='grc' dir='ltr'><strong><em>ἐπιβουλεύσας</em></strong></span> <span class='ocrx_word' id='word_1_7' title='bbox 888 587 906 620; x_wconf 86' lang='grc'>,</span> <span class='ocrx_word' id='word_1_8' title='bbox 936 534 1062 608; x_wconf 81' lang='grc' dir='ltr'>οὐκ</span> <span class='ocrx_word' id='word_1_9' title='bbox 1099 533 1417 626; x_wconf 79' lang='grc' dir='ltr'><strong><em>ἐτόλμησε</em></strong></span> <span class='ocrx_word' id='word_1_10' title='bbox 1446 544 1706 626; x_wconf 77' lang='grc' dir='ltr'><em>λαβεῖν,</em></span> <span class='ocrx_word' id='word_1_11' title='bbox 1733 534 1984 626; x_wconf 75' lang='grc' dir='ltr'><strong><em>,Ξέρξης</em></strong></span> <span class='ocrx_word' id='word_1_12' title='bbox 2011 533 2086 604; x_wconf 76' lang='grc' dir='ltr'>δὲ</span> <span class='ocrx_word' id='word_1_13' title='bbox 2113 528 2150 604; x_wconf 83' lang='grc' dir='ltr'><strong>ὁ</strong></span> <span class='ocrx_word' id='word_1_14' title='bbox 2171 542 2474 625; x_wconf 80' lang='grc' dir='ltr'><strong><em>Δαρείου</em></strong></span> <span class='ocrx_word' id='word_1_15' title='bbox 2502 542 2657 605; x_wconf 79' lang='grc' dir='ltr'><strong><em>ἔλα-</em></strong></span> 
     </span>
     <span class='ocr_line' id='line_1_4' title="bbox 383 636 2656 731; baseline 0.001 -25"><span class='ocrx_word' id='word_1_16' title='bbox 383 644 462 726; x_wconf 85' lang='grc' dir='ltr'>βε</span> <span class='ocrx_word' id='word_1_17' title='bbox 479 642 654 724; x_wconf 56' lang='grc' dir='ltr'>,ικαὶ</span> <span class='ocrx_word' id='word_1_18' title='bbox 695 637 815 709; x_wconf 82' lang='grc' dir='ltr'>τὸν</span> <span class='ocrx_word' id='word_1_19' title='bbox 851 638 996 730; x_wconf 76' lang='grc' dir='ltr'><strong><em>ἱρέα</em></strong></span> <span class='ocrx_word' id='word_1_20' title='bbox 1025 636 1412 725; x_wconf 73' lang='grc' dir='ltr'><strong><em>ἀπέκτεινε,</em></strong></span> <span class='ocrx_word' id='word_1_21' title='bbox 1453 638 1962 731; x_wconf 74' lang='grc' dir='ltr'><em>ἀπαγορεύοντα</em></span> <span class='ocrx_word' id='word_1_22' title='bbox 1989 636 2079 727; x_wconf 85' lang='grc' dir='ltr'>μὴ</span> <span class='ocrx_word' id='word_1_23' title='bbox 2105 637 2366 708; x_wconf 76' lang='grc' dir='ltr'><strong><em>κινέειν</em></strong></span> <span class='ocrx_word' id='word_1_24' title='bbox 2387 636 2509 708; x_wconf 80' lang='grc' dir='ltr'>τὸν</span> <span class='ocrx_word' id='word_1_25' title='bbox 2534 636 2656 708; x_wconf 79' lang='grc' dir='ltr'>ἄν·</span> 
     </span>
     <span class='ocr_line' id='line_1_5' title="bbox 384 739 2659 834; baseline 0 -24"><span class='ocrx_word' id='word_1_26' title='bbox 384 741 685 831; x_wconf 78' lang='grc' dir='ltr'>δριάντα.</span> <span class='ocrx_word' id='word_1_27' title='bbox 748 740 824 811; x_wconf 82' lang='grc' dir='ltr'>τὸ</span> <span class='ocrx_word' id='word_1_28' title='bbox 861 743 988 832; x_wconf 74' lang='grc' dir='ltr'>μὲν</span> <span class='ocrx_word' id='word_1_29' title='bbox 1025 741 1110 833; x_wconf 78' lang='grc' dir='ltr'>δὴ</span> <span class='ocrx_word' id='word_1_30' title='bbox 1151 740 1301 833; x_wconf 73' lang='grc' dir='ltr'><strong><em>ἱρὸν</em></strong></span> <span class='ocrx_word' id='word_1_31' title='bbox 1337 747 1536 814; x_wconf 81' lang='grc' dir='ltr'><strong><em>τοῦτο</em></strong></span> <span class='ocrx_word' id='word_1_32' title='bbox 1575 739 1754 834; x_wconf 79' lang='grc' dir='ltr'><strong><em>οὕτῳ</em></strong></span> <span class='ocrx_word' id='word_1_33' title='bbox 1787 740 2178 831; x_wconf 82' lang='grc' dir='ltr'><strong><em>κεκόσμητο.</em></strong></span> <span class='ocrx_word' id='word_1_34' title='bbox 2255 748 2396 812; x_wconf 77' lang='grc' dir='ltr'><strong><em>ἔστι</em></strong></span> <span class='ocrx_word' id='word_1_35' title='bbox 2433 742 2508 812; x_wconf 72' lang='grc' dir='ltr'>δὲ</span> <span class='ocrx_word' id='word_1_36' title='bbox 2546 743 2659 811; x_wconf 82' lang='grc' dir='ltr'>καὶ</span> 
     </span>
    </p>
   </div>
   <div class='ocr_carea' id='block_1_4' title="bbox 385 843 1232 935">
    <p class='ocr_par' dir='ltr' id='par_1_4' title="bbox 385 843 1232 935">
     <span class='ocr_line' id='line_1_6' title="bbox 385 843 1232 935; baseline 0.005 -22"><span class='ocrx_word' id='word_1_37' title='bbox 385 849 526 914; x_wconf 75' lang='grc' dir='ltr'><strong><em>ἴδια</em></strong></span> <span class='ocrx_word' id='word_1_38' title='bbox 561 843 964 935; x_wconf 78' lang='grc' dir='ltr'><em>ἀναθήματα</em></span> <span class='ocrx_word' id='word_1_39' title='bbox 999 850 1232 917; x_wconf 73' lang='grc' dir='ltr'>πολλοὶ.</span> 
     </span>
    </p>
   </div>
   <div class='ocr_carea' id='block_1_5' title="bbox 542 944 2794 1039">
    <p class='ocr_par' dir='ltr' id='par_1_5' title="bbox 542 944 2794 1039">
     <span class='ocr_line' id='line_1_7' title="bbox 542 944 2794 1039; baseline 0.002 -21"><span class='ocrx_word' id='word_1_40' title='bbox 542 954 671 1038; x_wconf 78' lang='grc' dir='ltr'>Τῆς</span> <span class='ocrx_word' id='word_1_41' title='bbox 700 949 775 1019; x_wconf 75' lang='grc' dir='ltr'>δὲ</span> <span class='ocrx_word' id='word_1_42' title='bbox 801 956 1208 1039; x_wconf 76' lang='grc' dir='ltr'><em>Βαβυλῶνος</em></span> <span class='ocrx_word' id='word_1_43' title='bbox 1244 948 1487 1038; x_wconf 80' lang='grc' dir='ltr'><em>ταύτης</em></span> <span class='ocrx_word' id='word_1_44' title='bbox 1523 950 1759 1018; x_wconf 79' lang='grc' dir='ltr'><strong><em>πολλοὶ</em></strong></span> <span class='ocrx_word' id='word_1_45' title='bbox 1800 947 1929 1037; x_wconf 84' lang='grc' dir='ltr'>μέν</span> <span class='ocrx_word' id='word_1_46' title='bbox 1967 977 2093 1019; x_wconf 90' lang='grc' dir='ltr'>κου</span> <span class='ocrx_word' id='word_1_47' title='bbox 2134 951 2246 1018; x_wconf 85' lang='grc' dir='ltr'>καὶ</span> <span class='ocrx_word' id='word_1_48' title='bbox 2274 947 2462 1018; x_wconf 76' lang='grc' dir='ltr'><strong><em>ἄλλοι</em></strong></span> <span class='ocrx_word' id='word_1_49' title='bbox 2505 944 2654 1036; x_wconf 81' lang='grc' dir='ltr'>ἐγὲ-</span> <span class='ocrx_word' id='word_1_50' title='bbox 2679 962 2794 1025; x_wconf 85' lang='grc'><strong>184</strong></span> 
     </span>
    </p>
   </div>
   <div class='ocr_carea' id='block_1_6' title="bbox 382 1050 2658 1351">
    <p class='ocr_par' dir='ltr' id='par_1_6' title="bbox 382 1050 2658 1351">
     <span class='ocr_line' id='line_1_8' title="bbox 382 1050 2652 1142; baseline 0 -22"><span class='ocrx_word' id='word_1_51' title='bbox 382 1077 585 1122; x_wconf 83' lang='grc' dir='ltr'><strong><em>νοντο</em></strong></span> <span class='ocrx_word' id='word_1_52' title='bbox 612 1051 952 1141; x_wconf 79' lang='grc' dir='ltr'><strong><em>βασιλέες,</em></strong></span> <span class='ocrx_word' id='word_1_53' title='bbox 988 1058 1127 1123; x_wconf 73' lang='grc' dir='ltr'>τῶν</span> <span class='ocrx_word' id='word_1_54' title='bbox 1160 1051 1236 1123; x_wconf 82' lang='grc' dir='ltr'>ἐν</span> <span class='ocrx_word' id='word_1_55' title='bbox 1273 1068 1444 1122; x_wconf 69' lang='grc' dir='ltr'><strong><em>τοῖσι</em></strong></span> <span class='ocrx_word' id='word_1_56' title='bbox 1468 1050 1880 1142; x_wconf 80' lang='grc' dir='ltr'><strong><em>Ἀσσυρίοισι</em></strong></span> <span class='ocrx_word' id='word_1_57' title='bbox 1914 1051 2171 1139; x_wconf 79' lang='grc' dir='ltr'><strong><em>λόγοισι</em></strong></span> <span class='ocrx_word' id='word_1_58' title='bbox 2205 1050 2475 1142; x_wconf 84' lang='grc' dir='ltr'><em>μνήμην</em></span> <span class='ocrx_word' id='word_1_59' title='bbox 2503 1057 2652 1121; x_wconf 65' lang='grc' dir='ltr'><strong><em>οἰοι-</em></strong></span> 
     </span>
     <span class='ocr_line' id='line_1_9' title="bbox 384 1152 2656 1245; baseline 0 -22"><span class='ocrx_word' id='word_1_60' title='bbox 384 1152 626 1243; x_wconf 81' lang='grc' dir='ltr'><strong><em>ήσομαι</em></strong></span> <span class='ocrx_word' id='word_1_61' title='bbox 646 1207 664 1241; x_wconf 86' lang='grc'>,</span> <span class='ocrx_word' id='word_1_62' title='bbox 693 1163 761 1225; x_wconf 83' lang='grc' dir='ltr'>οἳ</span> <span class='ocrx_word' id='word_1_63' title='bbox 790 1154 873 1225; x_wconf 79' lang='grc' dir='ltr'>τὰ</span> <span class='ocrx_word' id='word_1_64' title='bbox 896 1155 1116 1244; x_wconf 79' lang='grc' dir='ltr'><strong><em>τείχεά</em></strong></span> <span class='ocrx_word' id='word_1_65' title='bbox 1153 1183 1225 1226; x_wconf 84' lang='grc' dir='ltr'>τε</span> <span class='ocrx_word' id='word_1_66' title='bbox 1270 1152 1733 1244; x_wconf 80' lang='grc' dir='ltr'><strong><em>ἐπεκόσμησαν</em></strong></span> <span class='ocrx_word' id='word_1_67' title='bbox 1760 1156 1873 1224; x_wconf 83' lang='grc' dir='ltr'>καὶ</span> <span class='ocrx_word' id='word_1_68' title='bbox 1915 1152 1996 1225; x_wconf 78' lang='grc' dir='ltr'>τὰ</span> <span class='ocrx_word' id='word_1_69' title='bbox 2026 1153 2136 1245; x_wconf 81' lang='grc' dir='ltr'>[ρά</span> <span class='ocrx_word' id='word_1_70' title='bbox 2154 1208 2173 1242; x_wconf 90' lang='grc'>,</span> <span class='ocrx_word' id='word_1_71' title='bbox 2218 1152 2294 1226; x_wconf 76' lang='grc' dir='ltr'>ἓν</span> <span class='ocrx_word' id='word_1_72' title='bbox 2325 1156 2400 1225; x_wconf 72' lang='grc' dir='ltr'>δὲ</span> <span class='ocrx_word' id='word_1_73' title='bbox 2428 1154 2514 1244; x_wconf 77' lang='grc' dir='ltr'>δὴ</span> <span class='ocrx_word' id='word_1_74' title='bbox 2545 1156 2656 1224; x_wconf 82' lang='grc' dir='ltr'>καὶ</span> 
     </span>
     <span class='ocr_line' id='line_1_10' title="bbox 384 1256 2658 1351; baseline 0 -24"><span class='ocrx_word' id='word_1_75' title='bbox 384 1274 703 1345; x_wconf 67' lang='grc' dir='ltr'><strong><em>γυναῖκες</em></strong></span> <span class='ocrx_word' id='word_1_76' title='bbox 742 1258 887 1332; x_wconf 77' lang='grc' dir='ltr'>δύο.</span> <span class='ocrx_word' id='word_1_77' title='bbox 953 1256 994 1349; x_wconf 82' lang='grc' dir='ltr'><em>ἡ</em></span> <span class='ocrx_word' id='word_1_78' title='bbox 1036 1261 1164 1349; x_wconf 73' lang='grc' dir='ltr'>μὲν</span> <span class='ocrx_word' id='word_1_79' title='bbox 1205 1259 1534 1351; x_wconf 84' lang='grc' dir='ltr'><strong><em>πρότερον</em></strong></span> <span class='ocrx_word' id='word_1_80' title='bbox 1573 1256 1860 1348; x_wconf 70' lang='grc' dir='ltr'><strong><em>ἄρξασα,</em></strong></span> <span class='ocrx_word' id='word_1_81' title='bbox 1903 1264 2018 1348; x_wconf 82' lang='grc' dir='ltr'>τῆς</span> <span class='ocrx_word' id='word_1_82' title='bbox 2062 1256 2349 1349; x_wconf 81' lang='grc' dir='ltr'><strong><em>ὕστερον</em></strong></span> <span class='ocrx_word' id='word_1_83' title='bbox 2387 1264 2658 1348; x_wconf 78' lang='grc' dir='ltr'><strong><em>γενεῇσι</em></strong></span> 
     </span>
    </p>
   </div>
   <div class='ocr_carea' id='block_1_7' title="bbox 380 1417 1474 3281">
    <p class='ocr_par' dir='ltr' id='par_1_7' title="bbox 380 1417 1474 3281">
     <span class='ocr_line' id='line_1_11' title="bbox 454 1417 1474 1493; baseline 0.004 -20"><span class='ocrx_word' id='word_1_84' title='bbox 454 1421 676 1489; x_wconf 76' lang='grc' dir='ltr'><strong><em>Ξέρξης</em></strong></span> <span class='ocrx_word' id='word_1_85' title='bbox 693 1420 759 1475; x_wconf 75' lang='grc' dir='ltr'>δὲ</span> <span class='ocrx_word' id='word_1_86' title='bbox 778 1417 809 1477; x_wconf 82' lang='grc' dir='ltr'><strong><em>ὁ</em></strong></span> <span class='ocrx_word' id='word_1_87' title='bbox 834 1425 1107 1493; x_wconf 82' lang='grc' dir='ltr'><strong><em>Δαρείου]</em></strong></span> <span class='ocrx_word' id='word_1_88' title='bbox 1131 1427 1350 1478; x_wconf 75' lang='lat' dir='ltr'><strong>Accidit</strong></span> <span class='ocrx_word' id='word_1_89' title='bbox 1371 1426 1474 1477; x_wconf 86' lang='lat' dir='ltr'>hoc</span> 
     </span>
     <span class='ocr_line' id='line_1_12' title="bbox 386 1496 1472 1562; baseline 0.003 -19"><span class='ocrx_word' id='word_1_90' title='bbox 386 1508 451 1544; x_wconf 87' lang='lat' dir='ltr'>eo</span> <span class='ocrx_word' id='word_1_91' title='bbox 486 1499 757 1560; x_wconf 88' lang='lat' dir='ltr'>tempore,</span> <span class='ocrx_word' id='word_1_92' title='bbox 796 1512 902 1562; x_wconf 91' lang='lat' dir='ltr'>quo</span> <span class='ocrx_word' id='word_1_93' title='bbox 941 1496 1112 1548; x_wconf 83' lang='lat' dir='ltr'>redux</span> <span class='ocrx_word' id='word_1_94' title='bbox 1135 1503 1254 1548; x_wconf 87' lang='lat' dir='ltr'>erat</span> <span class='ocrx_word' id='word_1_95' title='bbox 1290 1497 1472 1547; x_wconf 78' lang='lat' dir='ltr'>factus</span> 
     </span>
     <span class='ocr_line' id='line_1_13' title="bbox 387 1564 1471 1632; baseline 0.002 -19"><span class='ocrx_word' id='word_1_96' title='bbox 387 1577 452 1613; x_wconf 82' lang='lat' dir='ltr'>ex</span> <span class='ocrx_word' id='word_1_97' title='bbox 486 1564 693 1614; x_wconf 81' lang='lat' dir='ltr'><strong>infelici</strong></span> <span class='ocrx_word' id='word_1_98' title='bbox 740 1567 797 1615; x_wconf 91' lang='lat' dir='ltr'>in</span> <span class='ocrx_word' id='word_1_99' title='bbox 834 1567 1070 1618; x_wconf 86' lang='lat' dir='ltr'>Graecos</span> <span class='ocrx_word' id='word_1_100' title='bbox 1107 1568 1471 1632; x_wconf 80' lang='lat' dir='ltr'>expeditione,</span> 
     </span>
     <span class='ocr_line' id='line_1_14' title="bbox 385 1634 1470 1702; baseline 0.001 -19"><span class='ocrx_word' id='word_1_101' title='bbox 385 1638 609 1684; x_wconf 87' lang='lat' dir='ltr'>auctore</span> <span class='ocrx_word' id='word_1_102' title='bbox 654 1634 887 1687; x_wconf 81' lang='lat' dir='ltr'>Arriano</span> <span class='ocrx_word' id='word_1_103' title='bbox 949 1639 1007 1687; x_wconf 92' lang='lat' dir='ltr'>in</span> <span class='ocrx_word' id='word_1_104' title='bbox 1051 1638 1263 1702; x_wconf 85' lang='lat' dir='ltr'>Exped.</span> <span class='ocrx_word' id='word_1_105' title='bbox 1314 1636 1470 1687; x_wconf 81' lang='lat' dir='ltr'>Alex.</span> 
     </span>
     <span class='ocr_line' id='line_1_15' title="bbox 385 1702 1474 1770; baseline 0.004 -18"><span class='ocrx_word' id='word_1_106' title='bbox 385 1702 511 1766; x_wconf 89' lang='lat' dir='ltr'>VII,</span> <span class='ocrx_word' id='word_1_107' title='bbox 551 1704 637 1755; x_wconf 91' lang='grc'>17.</span> <span class='ocrx_word' id='word_1_108' title='bbox 708 1704 937 1757; x_wconf 87' lang='lat' dir='ltr'>Diodor.</span> <span class='ocrx_word' id='word_1_109' title='bbox 966 1706 1136 1759; x_wconf 81' lang='lat' dir='ltr'>Sicul.</span> <span class='ocrx_word' id='word_1_110' title='bbox 1164 1708 1240 1770; x_wconf 87' lang='lat'>11,</span> <span class='ocrx_word' id='word_1_111' title='bbox 1273 1707 1325 1756; x_wconf 88' lang='grc'>9.</span> <span class='ocrx_word' id='word_1_112' title='bbox 1366 1706 1474 1756; x_wconf 85' lang='lat' dir='ltr'>Cur</span> 
     </span>
     <span class='ocr_line' id='line_1_16' title="bbox 386 1772 1474 1840; baseline 0.005 -17"><span class='ocrx_word' id='word_1_113' title='bbox 386 1772 602 1837; x_wconf 80' lang='lat' dir='ltr'>signum</span> <span class='ocrx_word' id='word_1_114' title='bbox 643 1773 887 1826; x_wconf 88' lang='lat' dir='ltr'>ablatum</span> <span class='ocrx_word' id='word_1_115' title='bbox 934 1777 1125 1840; x_wconf 81' lang='lat' dir='ltr'>fuerit,</span> <span class='ocrx_word' id='word_1_116' title='bbox 1174 1777 1358 1827; x_wconf 77' lang='lat' dir='ltr'>Persis</span> <span class='ocrx_word' id='word_1_117' title='bbox 1394 1776 1474 1828; x_wconf 82' lang='lat' dir='ltr'>in·</span> 
     </span>
     <span class='ocr_line' id='line_1_17' title="bbox 385 1843 1468 1909; baseline 0.002 -17"><span class='ocrx_word' id='word_1_118' title='bbox 385 1843 588 1906; x_wconf 81' lang='lat' dir='ltr'>visum,</span> <span class='ocrx_word' id='word_1_119' title='bbox 636 1858 801 1909; x_wconf 85' lang='lat' dir='ltr'>supra</span> <span class='ocrx_word' id='word_1_120' title='bbox 851 1846 924 1896; x_wconf 88' lang='lat' dir='ltr'>ad</span> <span class='ocrx_word' id='word_1_121' title='bbox 966 1847 1011 1908; x_wconf 98' lang='grc' dir='ltr'>Ι,</span> <span class='ocrx_word' id='word_1_122' title='bbox 1066 1847 1154 1898; x_wconf 83' lang='grc'>181</span> <span class='ocrx_word' id='word_1_123' title='bbox 1210 1845 1468 1896; x_wconf 85' lang='lat' dir='ltr'>indicavi.</span> 
     </span>
     <span class='ocr_line' id='line_1_18' title="bbox 384 1912 1472 1976; baseline 0.003 -14"><span class='ocrx_word' id='word_1_124' title='bbox 384 1912 567 1976; x_wconf 85' lang='lat' dir='ltr'>Atque</span> <span class='ocrx_word' id='word_1_125' title='bbox 602 1914 712 1963; x_wconf 90' lang='lat' dir='ltr'>iam</span> <span class='ocrx_word' id='word_1_126' title='bbox 751 1914 809 1964; x_wconf 92' lang='lat' dir='ltr'>in</span> <span class='ocrx_word' id='word_1_127' title='bbox 845 1917 1016 1966; x_wconf 83' lang='lat' dir='ltr'>saeris</span> <span class='ocrx_word' id='word_1_128' title='bbox 1050 1915 1223 1965; x_wconf 86' lang='lat' dir='ltr'>literis</span> <span class='ocrx_word' id='word_1_129' title='bbox 1265 1914 1472 1965; x_wconf 80' lang='lat' dir='ltr'>inveni-</span> 
     </span>
     <span class='ocr_line' id='line_1_19' title="bbox 387 1983 1471 2050; baseline 0.002 -19"><span class='ocrx_word' id='word_1_130' title='bbox 387 1996 534 2044; x_wconf 83' lang='lat' dir='ltr'>mus,</span> <span class='ocrx_word' id='word_1_131' title='bbox 583 1997 725 2047; x_wconf 85' lang='lat' dir='ltr'>quae</span> <span class='ocrx_word' id='word_1_132' title='bbox 760 1983 957 2050; x_wconf 76' lang='lat' dir='ltr'>Cyrum</span> <span class='ocrx_word' id='word_1_133' title='bbox 993 1986 1214 2036; x_wconf 82' lang='lat' dir='ltr'>Persam</span> <span class='ocrx_word' id='word_1_134' title='bbox 1252 1983 1471 2034; x_wconf 83' lang='lat' dir='ltr'>simula-</span> 
     </span>
     <span class='ocr_line' id='line_1_20' title="bbox 385 2053 1469 2118; baseline 0 -17"><span class='ocrx_word' id='word_1_135' title='bbox 385 2065 600 2101; x_wconf 86' lang='lat' dir='ltr'>crorum</span> <span class='ocrx_word' id='word_1_136' title='bbox 629 2057 795 2118; x_wconf 90' lang='lat' dir='ltr'>atque</span> <span class='ocrx_word' id='word_1_137' title='bbox 819 2054 1082 2105; x_wconf 84' lang='lat' dir='ltr'>idolorum</span> <span class='ocrx_word' id='word_1_138' title='bbox 1114 2071 1180 2105; x_wconf 87' lang='lat' dir='ltr'>ex</span> <span class='ocrx_word' id='word_1_139' title='bbox 1202 2054 1328 2105; x_wconf 90' lang='lat' dir='ltr'>odio</span> <span class='ocrx_word' id='word_1_140' title='bbox 1350 2053 1469 2104; x_wconf 84' lang='lat' dir='ltr'>Beli</span> 
     </span>
     <span class='ocr_line' id='line_1_21' title="bbox 386 2120 1468 2190; baseline 0.003 -21"><span class='ocrx_word' id='word_1_141' title='bbox 386 2120 590 2170; x_wconf 90' lang='lat' dir='ltr'>cultum</span> <span class='ocrx_word' id='word_1_142' title='bbox 625 2136 690 2172; x_wconf 83' lang='lat' dir='ltr'>ac</span> <span class='ocrx_word' id='word_1_143' title='bbox 724 2137 883 2174; x_wconf 86' lang='lat' dir='ltr'>sacra</span> <span class='ocrx_word' id='word_1_144' title='bbox 919 2125 1183 2175; x_wconf 80' lang='lat' dir='ltr'>evertisse</span> <span class='ocrx_word' id='word_1_145' title='bbox 1215 2123 1468 2190; x_wconf 85' lang='lat' dir='ltr'>prodant.</span> 
     </span>
     <span class='ocr_line' id='line_1_22' title="bbox 385 2190 1467 2246; baseline 0.004 -8"><span class='ocrx_word' id='word_1_146' title='bbox 385 2190 509 2240; x_wconf 90' lang='lat' dir='ltr'>Vid.</span> <span class='ocrx_word' id='word_1_147' title='bbox 547 2191 744 2242; x_wconf 82' lang='lat' dir='ltr'>Gesen.</span> <span class='ocrx_word' id='word_1_148' title='bbox 772 2194 829 2243; x_wconf 90' lang='lat' dir='ltr'>in</span> <span class='ocrx_word' id='word_1_149' title='bbox 860 2194 1184 2246; x_wconf 86' lang='lat' dir='ltr'>Commentt.</span> <span class='ocrx_word' id='word_1_150' title='bbox 1216 2194 1286 2243; x_wconf 89' lang='lat' dir='ltr'>ad</span> <span class='ocrx_word' id='word_1_151' title='bbox 1302 2192 1467 2244; x_wconf 78' lang='lat' dir='ltr'>Iesai.</span> 
     </span>
     <span class='ocr_line' id='line_1_23' title="bbox 386 2259 1468 2326; baseline 0.003 -18"><span class='ocrx_word' id='word_1_152' title='bbox 386 2259 464 2309; x_wconf 91' lang='lat'>11.</span> <span class='ocrx_word' id='word_1_153' title='bbox 489 2275 547 2325; x_wconf 90' lang='lat' dir='ltr'>p.</span> <span class='ocrx_word' id='word_1_154' title='bbox 589 2261 708 2312; x_wconf 88' lang='lat'><strong>100.</strong></span> <span class='ocrx_word' id='word_1_155' title='bbox 765 2262 905 2313; x_wconf 83' lang='lat' dir='ltr'>Add.</span> <span class='ocrx_word' id='word_1_156' title='bbox 944 2265 1215 2314; x_wconf 86' lang='lat' dir='ltr'>Muenter.</span> <span class='ocrx_word' id='word_1_157' title='bbox 1260 2263 1299 2314; x_wconf 89' lang='lat' dir='ltr'>l.</span> <span class='ocrx_word' id='word_1_158' title='bbox 1338 2262 1375 2313; x_wconf 92' lang='lat' dir='ltr'>l.</span> <span class='ocrx_word' id='word_1_159' title='bbox 1413 2277 1468 2326; x_wconf 84' lang='lat' dir='ltr'>p.</span> 
     </span>
     <span class='ocr_line' id='line_1_24' title="bbox 385 2329 1472 2398; baseline 0.003 -20"><span class='ocrx_word' id='word_1_160' title='bbox 385 2330 472 2379; x_wconf 79' lang='grc'><strong>51.</strong></span> <span class='ocrx_word' id='word_1_161' title='bbox 544 2329 795 2381; x_wconf 76' lang='lat' dir='ltr'>Accessit</span> <span class='ocrx_word' id='word_1_162' title='bbox 830 2333 995 2383; x_wconf 88' lang='lat' dir='ltr'>etiam</span> <span class='ocrx_word' id='word_1_163' title='bbox 1023 2334 1214 2398; x_wconf 89' lang='lat' dir='ltr'>opinor</span> <span class='ocrx_word' id='word_1_164' title='bbox 1234 2332 1354 2382; x_wconf 89' lang='lat' dir='ltr'>auri</span> <span class='ocrx_word' id='word_1_165' title='bbox 1383 2346 1472 2381; x_wconf 81' lang='lat' dir='ltr'>sa-</span> 
     </span>
     <span class='ocr_line' id='line_1_25' title="bbox 385 2398 1471 2466; baseline 0.004 -20"><span class='ocrx_word' id='word_1_166' title='bbox 385 2413 480 2447; x_wconf 85' lang='lat' dir='ltr'>cra</span> <span class='ocrx_word' id='word_1_167' title='bbox 525 2398 726 2464; x_wconf 85' lang='lat' dir='ltr'>fames,</span> <span class='ocrx_word' id='word_1_168' title='bbox 787 2417 927 2466; x_wconf 89' lang='lat' dir='ltr'>quae</span> <span class='ocrx_word' id='word_1_169' title='bbox 982 2404 1103 2452; x_wconf 87' lang='lat' dir='ltr'>auri</span> <span class='ocrx_word' id='word_1_170' title='bbox 1150 2401 1314 2452; x_wconf 86' lang='lat' dir='ltr'>solidi</span> <span class='ocrx_word' id='word_1_171' title='bbox 1360 2406 1471 2451; x_wconf 83' lang='lat' dir='ltr'>sta-</span> 
     </span>
     <span class='ocr_line' id='line_1_26' title="bbox 384 2470 1472 2538; baseline 0.005 -22"><span class='ocrx_word' id='word_1_172' title='bbox 384 2471 535 2517; x_wconf 87' lang='lat' dir='ltr'>tuam</span> <span class='ocrx_word' id='word_1_173' title='bbox 570 2470 768 2535; x_wconf 73' lang='lat' dir='ltr'>viginti</span> <span class='ocrx_word' id='word_1_174' title='bbox 816 2477 870 2521; x_wconf 88' lang='lat' dir='ltr'>et</span> <span class='ocrx_word' id='word_1_175' title='bbox 914 2472 1060 2538; x_wconf 90' lang='lat' dir='ltr'>quod</span> <span class='ocrx_word' id='word_1_176' title='bbox 1098 2473 1337 2522; x_wconf 82' lang='lat' dir='ltr'>excurrit</span> <span class='ocrx_word' id='word_1_177' title='bbox 1380 2486 1472 2536; x_wconf 88' lang='lat' dir='ltr'>pe-</span> 
     </span>
     <span class='ocr_line' id='line_1_27' title="bbox 383 2537 1469 2606; baseline 0.003 -20"><span class='ocrx_word' id='word_1_178' title='bbox 383 2537 479 2587; x_wconf 81' lang='lat' dir='ltr'>des</span> <span class='ocrx_word' id='word_1_179' title='bbox 515 2538 807 2590; x_wconf 86' lang='lat' dir='ltr'>Rhenanos</span> <span class='ocrx_word' id='word_1_180' title='bbox 849 2541 1018 2591; x_wconf 87' lang='lat' dir='ltr'>altam</span> <span class='ocrx_word' id='word_1_181' title='bbox 1066 2539 1136 2606; x_wconf 84' lang='lat' dir='ltr'>(si</span> <span class='ocrx_word' id='word_1_182' title='bbox 1187 2540 1469 2592; x_wconf 78' lang='lat' dir='ltr'>duodecim</span> 
     </span>
     <span class='ocr_line' id='line_1_28' title="bbox 383 2607 1470 2677; baseline 0.002 -20"><span class='ocrx_word' id='word_1_183' title='bbox 383 2607 597 2658; x_wconf 83' lang='lat' dir='ltr'>cubitos</span> <span class='ocrx_word' id='word_1_184' title='bbox 634 2610 814 2674; x_wconf 82' lang='lat' dir='ltr'>regios</span> <span class='ocrx_word' id='word_1_185' title='bbox 846 2611 1225 2677; x_wconf 82' lang='lat' dir='ltr'>intelligimus)</span> <span class='ocrx_word' id='word_1_186' title='bbox 1265 2610 1470 2661; x_wconf 82' lang='lat' dir='ltr'>auferri</span> 
     </span>
     <span class='ocr_line' id='line_1_29' title="bbox 384 2671 1469 2745; baseline 0.003 -20"><span class='ocrx_word' id='word_1_187' title='bbox 384 2677 559 2726; x_wconf 79' lang='lat' dir='ltr'>iussit.</span> <span class='ocrx_word' id='word_1_188' title='bbox 583 2708 657 2718; x_wconf 89' lang='lat'>--</span> <span class='ocrx_word' id='word_1_189' title='bbox 674 2680 758 2729; x_wconf 89' lang='lat' dir='ltr'>De</span> <span class='ocrx_word' id='word_1_190' title='bbox 793 2681 1064 2744; x_wconf 87' lang='lat' dir='ltr'>particula</span> <span class='ocrx_word' id='word_1_191' title='bbox 1081 2673 1157 2745; x_wconf 84' lang='grc' dir='ltr'>μὴ</span> <span class='ocrx_word' id='word_1_192' title='bbox 1180 2685 1307 2745; x_wconf 82' lang='lat' dir='ltr'>post</span> <span class='ocrx_word' id='word_1_193' title='bbox 1323 2671 1469 2729; x_wconf 77' lang='grc' dir='ltr'><em>ἀπα-</em></span> 
     </span>
     <span class='ocr_line' id='line_1_30' title="bbox 382 2738 1468 2812; baseline 0.006 -19"><span class='ocrx_word' id='word_1_194' title='bbox 382 2738 699 2810; x_wconf 76' lang='grc' dir='ltr'><strong><em>γορεύοντα</em></strong></span> <span class='ocrx_word' id='word_1_195' title='bbox 743 2748 815 2800; x_wconf 83' lang='lat' dir='ltr'>cf.</span> <span class='ocrx_word' id='word_1_196' title='bbox 867 2749 911 2812; x_wconf 91' lang='lat' dir='ltr'>I,</span> <span class='ocrx_word' id='word_1_197' title='bbox 952 2750 1053 2802; x_wconf 84' lang='lat'>158</span> <span class='ocrx_word' id='word_1_198' title='bbox 1099 2754 1155 2800; x_wconf 90' lang='lat' dir='ltr'>et</span> <span class='ocrx_word' id='word_1_199' title='bbox 1204 2749 1310 2810; x_wconf 88' lang='grc' dir='ltr'>ΙΙΙ,</span> <span class='ocrx_word' id='word_1_200' title='bbox 1357 2750 1468 2810; x_wconf 79' lang='grc'><strong>128,</strong></span> 
     </span>
     <span class='ocr_line' id='line_1_31' title="bbox 386 2815 1472 2884; baseline 0.005 -20"><span class='ocrx_word' id='word_1_201' title='bbox 386 2829 455 2865; x_wconf 90' lang='lat' dir='ltr'>ne</span> <span class='ocrx_word' id='word_1_202' title='bbox 499 2815 657 2879; x_wconf 88' lang='lat' dir='ltr'>plura</span> <span class='ocrx_word' id='word_1_203' title='bbox 703 2819 1041 2883; x_wconf 72' lang='lat' dir='ltr'>adscribam,</span> <span class='ocrx_word' id='word_1_204' title='bbox 1092 2834 1232 2884; x_wconf 89' lang='lat' dir='ltr'>quae</span> <span class='ocrx_word' id='word_1_205' title='bbox 1278 2833 1472 2883; x_wconf 85' lang='lat' dir='ltr'>suppe-</span> 
     </span>
     <span class='ocr_line' id='line_1_32' title="bbox 386 2883 1467 2966; baseline 0.006 -34"><span class='ocrx_word' id='word_1_206' title='bbox 386 2883 585 2935; x_wconf 90' lang='lat' dir='ltr'>ditabit</span> <span class='ocrx_word' id='word_1_207' title='bbox 604 2886 836 2950; x_wconf 77' lang='lat' dir='ltr'>Bag-net.</span> <span class='ocrx_word' id='word_1_208' title='bbox 865 2889 935 2939; x_wconf 90' lang='lat' dir='ltr'>ad</span> <span class='ocrx_word' id='word_1_209' title='bbox 956 2889 1240 2966; x_wconf 49' lang='lat' dir='ltr'>Chrysipp&#39;.</span> <span class='ocrx_word' id='word_1_210' title='bbox 1272 2888 1467 2952; x_wconf 79' lang='lat' dir='ltr'>fragm.</span> 
     </span>
     <span class='ocr_line' id='line_1_33' title="bbox 383 2954 1472 3103; baseline -0.006 -30"><span class='ocrx_word' id='word_1_211' title='bbox 383 2954 1472 3103; x_wconf 48' lang='grc' dir='ltr'>ἒὲξὲιῗέξὲῑ,ἒὲξέἓῗὲῶᾤῗέξίηέζιῖ</span> 
     </span>
     <span class='ocr_line' id='line_1_34' title="bbox 381 3097 1469 3163; baseline 0.005 -22"><span class='ocrx_word' id='word_1_212' title='bbox 381 3108 454 3158; x_wconf 82' lang='lat' dir='ltr'>go</span> <span class='ocrx_word' id='word_1_213' title='bbox 496 3106 866 3159; x_wconf 76' lang='grc' dir='ltr'><strong><em>κεκοσμηται,</em></strong></span> <span class='ocrx_word' id='word_1_214' title='bbox 922 3097 1085 3163; x_wconf 88' lang='lat' dir='ltr'>idque</span> <span class='ocrx_word' id='word_1_215' title='bbox 1131 3097 1469 3147; x_wconf 87' lang='lat' dir='ltr'>retinuerunt</span> 
     </span>
     <span class='ocr_line' id='line_1_35' title="bbox 380 3161 1465 3281; baseline 0.006 -70"><span class='ocrx_word' id='word_1_216' title='bbox 380 3161 620 3281; x_wconf 51' lang='lat' dir='ltr'>Bgndorf</span> <span class='ocrx_word' id='word_1_217' title='bbox 652 3167 706 3214; x_wconf 86' lang='lat' dir='ltr'>et</span> <span class='ocrx_word' id='word_1_218' title='bbox 740 3165 986 3218; x_wconf 82' lang='lat' dir='ltr'>Dietscb.</span> <span class='ocrx_word' id='word_1_219' title='bbox 1061 3165 1219 3217; x_wconf 86' lang='lat' dir='ltr'>Oonf.</span> <span class='ocrx_word' id='word_1_220' title='bbox 1260 3165 1304 3229; x_wconf 86' lang='grc' dir='ltr'>Ι,</span> <span class='ocrx_word' id='word_1_221' title='bbox 1347 3166 1465 3218; x_wconf 89' lang='grc'><strong>180.</strong></span> 
     </span>
    </p>
   </div>
   <div class='ocr_carea' id='block_1_8' title="bbox 669 3402 1179 3458">
    <p class='ocr_par' dir='ltr' id='par_1_8' title="bbox 669 3402 1179 3458">
     <span class='ocr_line' id='line_1_36' title="bbox 669 3402 1179 3458; baseline 0.008 -4"><span class='ocrx_word' id='word_1_222' title='bbox 669 3402 796 3457; x_wconf 71' lang='lat' dir='ltr'><strong>Cu».</strong></span> <span class='ocrx_word' id='word_1_223' title='bbox 835 3405 1179 3458; x_wconf 85' lang='lat' dir='ltr'>CLXXXIV.</span> 
     </span>
    </p>
   </div>
   <div class='ocr_carea' id='block_1_9' title="bbox 374 3499 1468 4475">
    <p class='ocr_par' dir='ltr' id='par_1_9' title="bbox 375 3499 1468 4199">
     <span class='ocr_line' id='line_1_37' title="bbox 450 3499 1466 3575; baseline 0.004 -20"><span class='ocrx_word' id='word_1_224' title='bbox 450 3502 650 3556; x_wconf 76' lang='grc' dir='ltr'><strong><em>πολλοὶ</em></strong></span> <span class='ocrx_word' id='word_1_225' title='bbox 667 3505 771 3572; x_wconf 79' lang='grc' dir='ltr'>μέν</span> <span class='ocrx_word' id='word_1_226' title='bbox 782 3522 887 3556; x_wconf 81' lang='grc' dir='ltr'>κου</span> <span class='ocrx_word' id='word_1_227' title='bbox 906 3504 1001 3556; x_wconf 74' lang='grc' dir='ltr'>καὶ</span> <span class='ocrx_word' id='word_1_228' title='bbox 1027 3499 1186 3558; x_wconf 75' lang='grc' dir='ltr'><strong><em>ἄλλοι</em></strong></span> <span class='ocrx_word' id='word_1_229' title='bbox 1208 3501 1466 3575; x_wconf 70' lang='grc' dir='ltr'><strong><em>ἐγένοντο</em></strong></span> 
     </span>
     <span class='ocr_line' id='line_1_38' title="bbox 378 3570 1468 3644; baseline 0.006 -20"><span class='ocrx_word' id='word_1_230' title='bbox 378 3570 648 3642; x_wconf 78' lang='grc' dir='ltr'><strong><em>βασιλέες]</em></strong></span> <span class='ocrx_word' id='word_1_231' title='bbox 686 3577 1111 3643; x_wconf 80' lang='lat' dir='ltr'>Babyloniorum</span> <span class='ocrx_word' id='word_1_232' title='bbox 1150 3595 1336 3644; x_wconf 82' lang='lat' dir='ltr'>regum</span> <span class='ocrx_word' id='word_1_233' title='bbox 1386 3595 1468 3630; x_wconf 83' lang='lat' dir='ltr'>se-</span> 
     </span>
     <span class='ocr_line' id='line_1_39' title="bbox 375 3645 1465 3711; baseline 0.005 -17"><span class='ocrx_word' id='word_1_234' title='bbox 375 3645 511 3695; x_wconf 86' lang='lat' dir='ltr'>riem</span> <span class='ocrx_word' id='word_1_235' title='bbox 539 3646 586 3693; x_wconf 83' lang='lat' dir='ltr'>si</span> <span class='ocrx_word' id='word_1_236' title='bbox 615 3646 736 3711; x_wconf 82' lang='lat' dir='ltr'>quis</span> <span class='ocrx_word' id='word_1_237' title='bbox 756 3647 969 3711; x_wconf 86' lang='lat' dir='ltr'>cupiat,</span> <span class='ocrx_word' id='word_1_238' title='bbox 1005 3647 1171 3697; x_wconf 88' lang='lat' dir='ltr'>adeat</span> <span class='ocrx_word' id='word_1_239' title='bbox 1205 3649 1465 3700; x_wconf 82' lang='lat' dir='ltr'>Beckium</span> 
     </span>
     <span class='ocr_line' id='line_1_40' title="bbox 379 3713 1464 3783; baseline 0.005 -20"><span class='ocrx_word' id='word_1_240' title='bbox 379 3713 459 3777; x_wconf 90' lang='lat' dir='ltr'>(in</span> <span class='ocrx_word' id='word_1_241' title='bbox 486 3714 933 3781; x_wconf 83' lang='lat' dir='ltr'>Weltgeschicbt.</span> <span class='ocrx_word' id='word_1_242' title='bbox 972 3717 1019 3767; x_wconf 91' lang='grc' dir='ltr'>Ι.</span> <span class='ocrx_word' id='word_1_243' title='bbox 1039 3731 1167 3783; x_wconf 84' lang='lat' dir='ltr'>pag.</span> <span class='ocrx_word' id='word_1_244' title='bbox 1201 3718 1300 3769; x_wconf 92' lang='grc'>187</span> <span class='ocrx_word' id='word_1_245' title='bbox 1328 3732 1464 3783; x_wconf 64' lang='lat' dir='ltr'>seq„</span> 
     </span>
     <span class='ocr_line' id='line_1_41' title="bbox 378 3782 1466 3852; baseline 0.004 -19"><span class='ocrx_word' id='word_1_246' title='bbox 378 3782 502 3834; x_wconf 91' lang='lat' dir='ltr'>coll.</span> <span class='ocrx_word' id='word_1_247' title='bbox 540 3800 594 3849; x_wconf 88' lang='lat' dir='ltr'>p.</span> <span class='ocrx_word' id='word_1_248' title='bbox 637 3786 740 3835; x_wconf 86' lang='grc'><strong>617</strong></span> <span class='ocrx_word' id='word_1_249' title='bbox 777 3788 973 3852; x_wconf 85' lang='lat' dir='ltr'>seqq.),</span> <span class='ocrx_word' id='word_1_250' title='bbox 1013 3787 1103 3850; x_wconf 87' lang='lat' dir='ltr'>qui</span> <span class='ocrx_word' id='word_1_251' title='bbox 1123 3786 1273 3836; x_wconf 85' lang='lat' dir='ltr'>illam</span> <span class='ocrx_word' id='word_1_252' title='bbox 1309 3803 1340 3837; x_wconf 92' lang='lat' dir='ltr'>e</span> <span class='ocrx_word' id='word_1_253' title='bbox 1376 3802 1466 3837; x_wconf 84' lang='lat' dir='ltr'>ve-</span> 
     </span>
     <span class='ocr_line' id='line_1_42' title="bbox 376 3854 1463 3920; baseline 0.003 -18"><span class='ocrx_word' id='word_1_254' title='bbox 376 3857 554 3903; x_wconf 83' lang='lat' dir='ltr'>terum</span> <span class='ocrx_word' id='word_1_255' title='bbox 582 3855 908 3919; x_wconf 87' lang='lat' dir='ltr'>scriptorum</span> <span class='ocrx_word' id='word_1_256' title='bbox 942 3854 1077 3905; x_wconf 82' lang='lat' dir='ltr'>locis</span> <span class='ocrx_word' id='word_1_257' title='bbox 1097 3857 1463 3920; x_wconf 77' lang='lat' dir='ltr'>concinnavit,</span> 
     </span>
     <span class='ocr_line' id='line_1_43' title="bbox 380 3924 1466 3989; baseline 0.006 -19"><span class='ocrx_word' id='word_1_258' title='bbox 380 3925 541 3986; x_wconf 81' lang='lat' dir='ltr'>atque</span> <span class='ocrx_word' id='word_1_259' title='bbox 580 3924 662 3974; x_wconf 92' lang='lat' dir='ltr'>Io.</span> <span class='ocrx_word' id='word_1_260' title='bbox 701 3939 736 3974; x_wconf 89' lang='lat' dir='ltr'>a</span> <span class='ocrx_word' id='word_1_261' title='bbox 771 3924 1080 3989; x_wconf 72' lang='lat' dir='ltr'>Gumpachz</span> <span class='ocrx_word' id='word_1_262' title='bbox 1129 3925 1322 3975; x_wconf 80' lang='lat' dir='ltr'>Abriss</span> <span class='ocrx_word' id='word_1_263' title='bbox 1371 3925 1466 3976; x_wconf 89' lang='lat' dir='ltr'>der</span> 
     </span>
     <span class='ocr_line' id='line_1_44' title="bbox 377 3991 1462 4060; baseline 0.005 -19"><span class='ocrx_word' id='word_1_264' title='bbox 377 3991 952 4060; x_wconf 78' lang='lat' dir='ltr'>babylonisch-assyr.</span> <span class='ocrx_word' id='word_1_265' title='bbox 980 3994 1303 4045; x_wconf 82' lang='lat' dir='ltr'>Geschicbte</span> <span class='ocrx_word' id='word_1_266' title='bbox 1335 4009 1462 4060; x_wconf 82' lang='lat' dir='ltr'>pag.</span> 
     </span>
     <span class='ocr_line' id='line_1_45' title="bbox 376 4060 1465 4130; baseline 0.006 -21"><span class='ocrx_word' id='word_1_267' title='bbox 376 4060 447 4109; x_wconf 72' lang='lat'>95)</span> <span class='ocrx_word' id='word_1_268' title='bbox 481 4075 632 4127; x_wconf 83' lang='lat' dir='ltr'>seqq.</span> <span class='ocrx_word' id='word_1_269' title='bbox 672 4078 739 4113; x_wconf 87' lang='lat' dir='ltr'>ac</span> <span class='ocrx_word' id='word_1_270' title='bbox 785 4078 975 4130; x_wconf 77' lang='lat' dir='ltr'>regum</span> <span class='ocrx_word' id='word_1_271' title='bbox 1008 4064 1465 4129; x_wconf 81' lang='lat' dir='ltr'>Babylonicorum</span> 
     </span>
     <span class='ocr_line' id='line_1_46' title="bbox 376 4130 1189 4199; baseline 0.009 -21"><span class='ocrx_word' id='word_1_272' title='bbox 376 4130 619 4181; x_wconf 85' lang='lat' dir='ltr'>tabulam</span> <span class='ocrx_word' id='word_1_273' title='bbox 652 4147 707 4196; x_wconf 86' lang='lat' dir='ltr'>p.</span> <span class='ocrx_word' id='word_1_274' title='bbox 747 4134 847 4183; x_wconf 80' lang='lat'>154</span> <span class='ocrx_word' id='word_1_275' title='bbox 884 4148 1038 4199; x_wconf 85' lang='lat' dir='ltr'>seqq.</span> <span class='ocrx_word' id='word_1_276' title='bbox 1181 4130 1189 4140; x_wconf 88' lang='lat'>&#39;</span> 
     </span>
    </p>

    <p class='ocr_par' dir='ltr' id='par_1_10' title="bbox 375 4189 1464 4332">
     <span class='ocr_line' id='line_1_47' title="bbox 448 4189 1464 4268; baseline 0.006 -21"><span class='ocrx_word' id='word_1_277' title='bbox 448 4189 508 4247; x_wconf 69' lang='grc' dir='ltr'>ἕν</span> <span class='ocrx_word' id='word_1_278' title='bbox 524 4202 670 4249; x_wconf 78' lang='grc' dir='ltr'><strong><em>τοῖσι</em></strong></span> <span class='ocrx_word' id='word_1_279' title='bbox 689 4192 1023 4266; x_wconf 70' lang='grc' dir='ltr'><strong><em>Ἀσσυρίοισι</em></strong></span> <span class='ocrx_word' id='word_1_280' title='bbox 1045 4194 1284 4268; x_wconf 83' lang='grc' dir='ltr'><strong><em>λόγοισι]</em></strong></span> <span class='ocrx_word' id='word_1_281' title='bbox 1305 4202 1464 4253; x_wconf 78' lang='lat' dir='ltr'>Cous.</span> 
     </span>
     <span class='ocr_line' id='line_1_48' title="bbox 375 4269 841 4332; baseline 0.009 -15"><span class='ocrx_word' id='word_1_282' title='bbox 375 4271 489 4318; x_wconf 86' lang='lat' dir='ltr'>not.</span> <span class='ocrx_word' id='word_1_283' title='bbox 528 4269 599 4319; x_wconf 86' lang='lat' dir='ltr'>ad</span> <span class='ocrx_word' id='word_1_284' title='bbox 633 4269 680 4332; x_wconf 88' lang='grc' dir='ltr'>Ι,</span> <span class='ocrx_word' id='word_1_285' title='bbox 722 4270 841 4323; x_wconf 88' lang='grc'><strong>106.</strong></span> 
     </span>
    </p>

    <p class='ocr_par' dir='ltr' id='par_1_11' title="bbox 374 4327 1465 4475">
     <span class='ocr_line' id='line_1_49' title="bbox 445 4327 1465 4405; baseline 0.004 -19"><span class='ocrx_word' id='word_1_286' title='bbox 445 4328 483 4401; x_wconf 79' lang='grc' dir='ltr'>ἡ</span> <span class='ocrx_word' id='word_1_287' title='bbox 517 4332 623 4401; x_wconf 69' lang='grc' dir='ltr'>μὲν</span> <span class='ocrx_word' id='word_1_288' title='bbox 657 4332 941 4404; x_wconf 80' lang='grc' dir='ltr'><strong><em>πρότερον</em></strong></span> <span class='ocrx_word' id='word_1_289' title='bbox 974 4329 1221 4404; x_wconf 74' lang='grc' dir='ltr'><strong><em>ἄρξασα,</em></strong></span> <span class='ocrx_word' id='word_1_290' title='bbox 1268 4337 1372 4405; x_wconf 80' lang='grc' dir='ltr'>τῆς</span> <span class='ocrx_word' id='word_1_291' title='bbox 1402 4327 1465 4389; x_wconf 71' lang='grc' dir='ltr'>ὕ-</span> 
     </span>
     <span class='ocr_line' id='line_1_50' title="bbox 374 4400 1465 4475; baseline 0.005 -21"><span class='ocrx_word' id='word_1_292' title='bbox 374 4417 576 4471; x_wconf 74' lang='grc' dir='ltr'><strong><em>στερον</em></strong></span> <span class='ocrx_word' id='word_1_293' title='bbox 604 4405 830 4475; x_wconf 72' lang='grc' dir='ltr'><strong><em>γενεῇσι</em></strong></span> <span class='ocrx_word' id='word_1_294' title='bbox 862 4405 1031 4458; x_wconf 74' lang='grc' dir='ltr'><strong><em>πέντε</em></strong></span> <span class='ocrx_word' id='word_1_295' title='bbox 1054 4400 1342 4475; x_wconf 72' lang='grc' dir='ltr'><strong><em>πρότερον</em></strong></span> <span class='ocrx_word' id='word_1_296' title='bbox 1377 4422 1465 4472; x_wconf 77' lang='grc' dir='ltr'>γε·</span> 
     </span>
    </p>
   </div>
   <div class='ocr_carea' id='block_1_10' title="bbox 1566 1421 2666 3712">
    <p class='ocr_par' dir='ltr' id='par_1_12' title="bbox 1566 1421 2666 3712">
     <span class='ocr_line' id='line_1_51' title="bbox 1576 1421 2661 1492; baseline 0.003 -18"><span class='ocrx_word' id='word_1_297' title='bbox 1576 1421 1791 1489; x_wconf 57' lang='lat' dir='ltr'>wopam]</span> <span class='ocrx_word' id='word_1_298' title='bbox 1837 1440 1890 1475; x_wconf 72' lang='grc' dir='ltr'>κ.</span> <span class='ocrx_word' id='word_1_299' title='bbox 1945 1440 1994 1475; x_wconf 80' lang='grc' dir='ltr'>τ.</span> <span class='ocrx_word' id='word_1_300' title='bbox 2041 1424 2115 1492; x_wconf 67' lang='grc'><strong>1.]</strong></span> <span class='ocrx_word' id='word_1_301' title='bbox 2168 1427 2255 1477; x_wconf 91' lang='lat' dir='ltr'>De</span> <span class='ocrx_word' id='word_1_302' title='bbox 2303 1425 2661 1477; x_wconf 75' lang='lat' dir='ltr'>Semiramide</span> 
     </span>
     <span class='ocr_line' id='line_1_52' title="bbox 1574 1493 2660 1561; baseline 0.003 -18"><span class='ocrx_word' id='word_1_303' title='bbox 1574 1493 1809 1559; x_wconf 85' lang='lat' dir='ltr'>plurima</span> <span class='ocrx_word' id='word_1_304' title='bbox 1836 1494 2093 1561; x_wconf 79' lang='lat' dir='ltr'>leguntur</span> <span class='ocrx_word' id='word_1_305' title='bbox 2123 1496 2270 1561; x_wconf 88' lang='lat' dir='ltr'>apud</span> <span class='ocrx_word' id='word_1_306' title='bbox 2305 1495 2472 1549; x_wconf 83' lang='lat' dir='ltr'>Diod.</span> <span class='ocrx_word' id='word_1_307' title='bbox 2511 1497 2587 1559; x_wconf 90' lang='lat'>11,</span> <span class='ocrx_word' id='word_1_308' title='bbox 2625 1497 2660 1546; x_wconf 84' lang='lat'>4</span> 
     </span>
     <span class='ocr_line' id='line_1_53' title="bbox 1574 1566 2666 1631; baseline 0.002 -17"><span class='ocrx_word' id='word_1_309' title='bbox 1574 1578 1724 1629; x_wconf 83' lang='lat' dir='ltr'>seqq.</span> <span class='ocrx_word' id='word_1_310' title='bbox 1769 1579 1942 1631; x_wconf 78' lang='lat' dir='ltr'>usque</span> <span class='ocrx_word' id='word_1_311' title='bbox 1978 1566 2049 1615; x_wconf 89' lang='lat' dir='ltr'>ad</span> <span class='ocrx_word' id='word_1_312' title='bbox 2086 1567 2171 1629; x_wconf 81' lang='lat'>21,</span> <span class='ocrx_word' id='word_1_313' title='bbox 2211 1581 2241 1616; x_wconf 93' lang='lat' dir='ltr'>e</span> <span class='ocrx_word' id='word_1_314' title='bbox 2278 1566 2465 1617; x_wconf 80' lang='lat' dir='ltr'>Ctesia</span> <span class='ocrx_word' id='word_1_315' title='bbox 2498 1566 2666 1616; x_wconf 84' lang='lat' dir='ltr'>maxi·</span> 
     </span>
     <span class='ocr_line' id='line_1_54' title="bbox 1574 1635 2661 1698; baseline 0.004 -15"><span class='ocrx_word' id='word_1_316' title='bbox 1574 1647 1720 1683; x_wconf 86' lang='lat' dir='ltr'>mam</span> <span class='ocrx_word' id='word_1_317' title='bbox 1753 1641 1902 1684; x_wconf 87' lang='lat' dir='ltr'>certe</span> <span class='ocrx_word' id='word_1_318' title='bbox 1945 1640 2158 1698; x_wconf 83' lang='lat' dir='ltr'>partem</span> <span class='ocrx_word' id='word_1_319' title='bbox 2207 1635 2426 1687; x_wconf 85' lang='lat' dir='ltr'>hausta.</span> <span class='ocrx_word' id='word_1_320' title='bbox 2500 1636 2661 1687; x_wconf 79' lang='lat' dir='ltr'>Conf.</span> 
     </span>
     <span class='ocr_line' id='line_1_55' title="bbox 1576 1703 2665 1771; baseline 0.004 -19"><span class='ocrx_word' id='word_1_321' title='bbox 1576 1703 1794 1753; x_wconf 85' lang='lat' dir='ltr'>Ctesiae</span> <span class='ocrx_word' id='word_1_322' title='bbox 1843 1704 2093 1769; x_wconf 81' lang='lat' dir='ltr'>fragmm.</span> <span class='ocrx_word' id='word_1_323' title='bbox 2143 1721 2200 1770; x_wconf 88' lang='lat' dir='ltr'>p.</span> <span class='ocrx_word' id='word_1_324' title='bbox 2258 1704 2360 1756; x_wconf 79' lang='lat'>393</span> <span class='ocrx_word' id='word_1_325' title='bbox 2408 1721 2559 1771; x_wconf 86' lang='lat' dir='ltr'>seqq.</span> <span class='ocrx_word' id='word_1_326' title='bbox 2609 1711 2665 1755; x_wconf 91' lang='lat' dir='ltr'>et</span> 
     </span>
     <span class='ocr_line' id='line_1_56' title="bbox 1574 1772 2661 1839; baseline 0.004 -18"><span class='ocrx_word' id='word_1_327' title='bbox 1574 1772 1723 1822; x_wconf 85' lang='lat' dir='ltr'>Beck</span> <span class='ocrx_word' id='word_1_328' title='bbox 1760 1772 1799 1822; x_wconf 93' lang='lat' dir='ltr'>l.</span> <span class='ocrx_word' id='word_1_329' title='bbox 1835 1772 1873 1824; x_wconf 89' lang='lat'>1.</span> <span class='ocrx_word' id='word_1_330' title='bbox 1912 1789 1966 1838; x_wconf 88' lang='lat' dir='ltr'>p.</span> <span class='ocrx_word' id='word_1_331' title='bbox 2008 1773 2105 1824; x_wconf 81' lang='lat'>192</span> <span class='ocrx_word' id='word_1_332' title='bbox 2130 1789 2284 1839; x_wconf 83' lang='lat' dir='ltr'>seqq.</span> <span class='ocrx_word' id='word_1_333' title='bbox 2360 1775 2513 1836; x_wconf 84' lang='lat' dir='ltr'>Quae</span> <span class='ocrx_word' id='word_1_334' title='bbox 2540 1791 2661 1825; x_wconf 91' lang='lat' dir='ltr'>cum</span> 
     </span>
     <span class='ocr_line' id='line_1_57' title="bbox 1574 1841 2663 1909; baseline 0 -16"><span class='ocrx_word' id='word_1_335' title='bbox 1574 1841 1706 1893; x_wconf 82' lang='lat' dir='ltr'>Nini</span> <span class='ocrx_word' id='word_1_336' title='bbox 1727 1856 1863 1893; x_wconf 85' lang='lat' dir='ltr'>uxor</span> <span class='ocrx_word' id='word_1_337' title='bbox 1897 1842 2243 1906; x_wconf 87' lang='lat' dir='ltr'>perhibeatur</span> <span class='ocrx_word' id='word_1_338' title='bbox 2276 1843 2554 1909; x_wconf 89' lang='lat' dir='ltr'>multoque</span> <span class='ocrx_word' id='word_1_339' title='bbox 2579 1859 2663 1893; x_wconf 88' lang='lat' dir='ltr'>re-</span> 
     </span>
     <span class='ocr_line' id='line_1_58' title="bbox 1575 1911 2664 1978; baseline 0.002 -16"><span class='ocrx_word' id='word_1_340' title='bbox 1575 1911 1810 1962; x_wconf 85' lang='lat' dir='ltr'>motiora</span> <span class='ocrx_word' id='word_1_341' title='bbox 1842 1912 1915 1962; x_wconf 89' lang='lat' dir='ltr'>ad</span> <span class='ocrx_word' id='word_1_342' title='bbox 1950 1917 2197 1978; x_wconf 83' lang='lat' dir='ltr'>tempora</span> <span class='ocrx_word' id='word_1_343' title='bbox 2229 1913 2519 1977; x_wconf 75' lang='lat' dir='ltr'>pertineat,</span> <span class='ocrx_word' id='word_1_344' title='bbox 2555 1914 2664 1964; x_wconf 89' lang='lat' dir='ltr'>He·</span> 
     </span>
     <span class='ocr_line' id='line_1_59' title="bbox 1574 1981 2663 2033; baseline 0.003 -3"><span class='ocrx_word' id='word_1_345' title='bbox 1574 1981 1804 2032; x_wconf 88' lang='lat' dir='ltr'>rodotea</span> <span class='ocrx_word' id='word_1_346' title='bbox 1834 1982 2006 2032; x_wconf 81' lang='lat' dir='ltr'>verba</span> <span class='ocrx_word' id='word_1_347' title='bbox 2038 1982 2095 2031; x_wconf 92' lang='lat' dir='ltr'>in</span> <span class='ocrx_word' id='word_1_348' title='bbox 2125 1983 2365 2032; x_wconf 85' lang='lat' dir='ltr'>numeris</span> <span class='ocrx_word' id='word_1_349' title='bbox 2401 1984 2663 2033; x_wconf 87' lang='lat' dir='ltr'>mendosa</span> 
     </span>
     <span class='ocr_line' id='line_1_60' title="bbox 1571 2050 2661 2117; baseline 0.002 -17"><span class='ocrx_word' id='word_1_350' title='bbox 1571 2050 1810 2102; x_wconf 84' lang='lat' dir='ltr'>habuere</span> <span class='ocrx_word' id='word_1_351' title='bbox 1843 2067 1934 2102; x_wconf 76' lang='lat' dir='ltr'>vv,</span> <span class='ocrx_word' id='word_1_352' title='bbox 1975 2052 2068 2104; x_wconf 88' lang='lat' dir='ltr'>dd.</span> <span class='ocrx_word' id='word_1_353' title='bbox 2107 2052 2366 2117; x_wconf 85' lang='lat' dir='ltr'>varieque</span> <span class='ocrx_word' id='word_1_354' title='bbox 2413 2053 2509 2104; x_wconf 87' lang='lat' dir='ltr'>illa</span> <span class='ocrx_word' id='word_1_355' title='bbox 2542 2057 2661 2103; x_wconf 88' lang='lat' dir='ltr'>ten-</span> 
     </span>
     <span class='ocr_line' id='line_1_61' title="bbox 1572 2121 2661 2188; baseline 0.003 -19"><span class='ocrx_word' id='word_1_356' title='bbox 1572 2123 1785 2184; x_wconf 85' lang='lat' dir='ltr'>tarunt,</span> <span class='ocrx_word' id='word_1_357' title='bbox 1822 2136 1930 2186; x_wconf 93' lang='lat' dir='ltr'>quo</span> <span class='ocrx_word' id='word_1_358' title='bbox 1963 2121 2106 2173; x_wconf 88' lang='lat' dir='ltr'>inter</span> <span class='ocrx_word' id='word_1_359' title='bbox 2123 2122 2464 2175; x_wconf 87' lang='lat' dir='ltr'>Herodotum</span> <span class='ocrx_word' id='word_1_360' title='bbox 2491 2127 2661 2188; x_wconf 89' lang='lat' dir='ltr'>atque</span> 
     </span>
     <span class='ocr_line' id='line_1_62' title="bbox 1572 2189 2661 2255; baseline 0.002 -16"><span class='ocrx_word' id='word_1_361' title='bbox 1572 2189 1813 2241; x_wconf 84' lang='lat' dir='ltr'>Ctesiam</span> <span class='ocrx_word' id='word_1_362' title='bbox 1848 2194 1994 2240; x_wconf 79' lang='lat' dir='ltr'>esset</span> <span class='ocrx_word' id='word_1_363' title='bbox 2036 2205 2355 2243; x_wconf 80' lang='lat' dir='ltr'>consensus.</span> <span class='ocrx_word' id='word_1_364' title='bbox 2425 2193 2533 2255; x_wconf 83' lang='lat' dir='ltr'>Sic,</span> <span class='ocrx_word' id='word_1_365' title='bbox 2577 2192 2661 2242; x_wconf 88' lang='lat' dir='ltr'>uti</span> 
     </span>
     <span class='ocr_line' id='line_1_63' title="bbox 1572 2257 2662 2326; baseline 0.005 -18"><span class='ocrx_word' id='word_1_366' title='bbox 1572 2257 1677 2309; x_wconf 86' lang='lat' dir='ltr'>hoc</span> <span class='ocrx_word' id='word_1_367' title='bbox 1712 2266 1866 2323; x_wconf 83' lang='lat' dir='ltr'>utar,</span> <span class='ocrx_word' id='word_1_368' title='bbox 1900 2276 1998 2325; x_wconf 88' lang='lat' dir='ltr'>pro</span> <span class='ocrx_word' id='word_1_369' title='bbox 2035 2259 2199 2311; x_wconf 80' lang='grc' dir='ltr'><strong><em>πέντε</em></strong></span> <span class='ocrx_word' id='word_1_370' title='bbox 2229 2261 2493 2326; x_wconf 76' lang='lat' dir='ltr'>Iosephus</span> <span class='ocrx_word' id='word_1_371' title='bbox 2530 2261 2662 2313; x_wconf 75' lang='lat' dir='ltr'>eca-</span> 
     </span>
     <span class='ocr_line' id='line_1_64' title="bbox 1573 2324 2656 2396; baseline 0.004 -20"><span class='ocrx_word' id='word_1_372' title='bbox 1573 2327 1710 2394; x_wconf 81' lang='lat' dir='ltr'>liger</span> <span class='ocrx_word' id='word_1_373' title='bbox 1738 2331 2060 2395; x_wconf 79' lang='lat' dir='ltr'>rescriptum</span> <span class='ocrx_word' id='word_1_374' title='bbox 2082 2330 2260 2381; x_wconf 80' lang='lat' dir='ltr'>voluit</span> <span class='ocrx_word' id='word_1_375' title='bbox 2281 2324 2656 2396; x_wconf 74' lang='grc' dir='ltr'>πεντήκοντα,</span> 
     </span>
     <span class='ocr_line' id='line_1_65' title="bbox 1573 2396 2658 2467; baseline 0.002 -18"><span class='ocrx_word' id='word_1_376' title='bbox 1573 2398 1829 2465; x_wconf 83' lang='lat' dir='ltr'>Vitringa</span> <span class='ocrx_word' id='word_1_377' title='bbox 1863 2396 2167 2450; x_wconf 73' lang='grc' dir='ltr'><strong><em>δεκαπέντε</em></strong></span> <span class='ocrx_word' id='word_1_378' title='bbox 2204 2398 2335 2465; x_wconf 58' lang='lat' dir='ltr'>(ti-&#39;k</span> <span class='ocrx_word' id='word_1_379' title='bbox 2375 2417 2482 2467; x_wconf 93' lang='lat' dir='ltr'>quo</span> <span class='ocrx_word' id='word_1_380' title='bbox 2530 2416 2658 2451; x_wconf 88' lang='lat' dir='ltr'>neu-</span> 
     </span>
     <span class='ocr_line' id='line_1_66' title="bbox 1573 2470 2660 2536; baseline 0.004 -18"><span class='ocrx_word' id='word_1_381' title='bbox 1573 2472 1659 2518; x_wconf 86' lang='lat' dir='ltr'>tro</span> <span class='ocrx_word' id='word_1_382' title='bbox 1698 2485 1833 2535; x_wconf 85' lang='lat' dir='ltr'>opus</span> <span class='ocrx_word' id='word_1_383' title='bbox 1870 2483 1991 2520; x_wconf 81' lang='lat' dir='ltr'>esse</span> <span class='ocrx_word' id='word_1_384' title='bbox 2023 2470 2133 2520; x_wconf 88' lang='lat' dir='ltr'>iam</span> <span class='ocrx_word' id='word_1_385' title='bbox 2159 2470 2359 2521; x_wconf 89' lang='lat' dir='ltr'>dudum</span> <span class='ocrx_word' id='word_1_386' title='bbox 2385 2471 2517 2522; x_wconf 85' lang='lat' dir='ltr'>mihi</span> <span class='ocrx_word' id='word_1_387' title='bbox 2543 2486 2660 2536; x_wconf 84' lang='lat' dir='ltr'>per-</span> 
     </span>
     <span class='ocr_line' id='line_1_67' title="bbox 1574 2539 2655 2605; baseline 0.002 -18"><span class='ocrx_word' id='word_1_388' title='bbox 1574 2539 1752 2588; x_wconf 81' lang='lat' dir='ltr'>suasit</span> <span class='ocrx_word' id='word_1_389' title='bbox 1773 2540 2184 2605; x_wconf 79' lang='lat' dir='ltr'>Wesselingius.</span> <span class='ocrx_word' id='word_1_390' title='bbox 2222 2540 2363 2591; x_wconf 85' lang='lat' dir='ltr'>Nam</span> <span class='ocrx_word' id='word_1_391' title='bbox 2385 2556 2487 2592; x_wconf 89' lang='lat' dir='ltr'>nec</span> <span class='ocrx_word' id='word_1_392' title='bbox 2508 2541 2655 2603; x_wconf 86' lang='lat' dir='ltr'>Nini,</span> 
     </span>
     <span class='ocr_line' id='line_1_68' title="bbox 1572 2608 2658 2673; baseline 0.001 -17"><span class='ocrx_word' id='word_1_393' title='bbox 1572 2622 1675 2656; x_wconf 88' lang='lat' dir='ltr'>nec</span> <span class='ocrx_word' id='word_1_394' title='bbox 1710 2608 2096 2670; x_wconf 83' lang='lat' dir='ltr'>Simiramidis,</span> <span class='ocrx_word' id='word_1_395' title='bbox 2144 2623 2285 2673; x_wconf 89' lang='lat' dir='ltr'>quae</span> <span class='ocrx_word' id='word_1_396' title='bbox 2330 2610 2447 2660; x_wconf 79' lang='lat' dir='ltr'>eius</span> <span class='ocrx_word' id='word_1_397' title='bbox 2492 2610 2658 2659; x_wconf 87' lang='lat' dir='ltr'>fuerit</span> 
     </span>
     <span class='ocr_line' id='line_1_69' title="bbox 1573 2678 2660 2743; baseline 0.004 -18"><span class='ocrx_word' id='word_1_398' title='bbox 1573 2691 1734 2740; x_wconf 82' lang='lat' dir='ltr'>uxor,</span> <span class='ocrx_word' id='word_1_399' title='bbox 1784 2692 2028 2743; x_wconf 87' lang='lat' dir='ltr'>quaeque</span> <span class='ocrx_word' id='word_1_400' title='bbox 2071 2678 2407 2742; x_wconf 77' lang='lat' dir='ltr'>Babylonem</span> <span class='ocrx_word' id='word_1_401' title='bbox 2450 2683 2660 2728; x_wconf 81' lang='lat' dir='ltr'>exstru-</span> 
     </span>
     <span class='ocr_line' id='line_1_70' title="bbox 1573 2745 2657 2812; baseline 0.002 -18"><span class='ocrx_word' id='word_1_402' title='bbox 1573 2745 1742 2809; x_wconf 83' lang='lat' dir='ltr'>xerit,</span> <span class='ocrx_word' id='word_1_403' title='bbox 1791 2746 1904 2798; x_wconf 85' lang='lat' dir='ltr'>ulla</span> <span class='ocrx_word' id='word_1_404' title='bbox 1938 2747 2086 2812; x_wconf 84' lang='lat' dir='ltr'>apud</span> <span class='ocrx_word' id='word_1_405' title='bbox 2129 2748 2389 2798; x_wconf 80' lang='lat' dir='ltr'>Nostrum</span> <span class='ocrx_word' id='word_1_406' title='bbox 2435 2747 2657 2810; x_wconf 89' lang='lat' dir='ltr'>mentio,</span> 
     </span>
     <span class='ocr_line' id='line_1_71' title="bbox 1573 2815 2659 2879; baseline 0.003 -15"><span class='ocrx_word' id='word_1_407' title='bbox 1573 2815 1668 2879; x_wconf 91' lang='lat' dir='ltr'>qui</span> <span class='ocrx_word' id='word_1_408' title='bbox 1701 2815 1803 2865; x_wconf 91' lang='lat' dir='ltr'>hoc</span> <span class='ocrx_word' id='word_1_409' title='bbox 1837 2831 1947 2866; x_wconf 92' lang='lat' dir='ltr'>uno</span> <span class='ocrx_word' id='word_1_410' title='bbox 1983 2815 2105 2866; x_wconf 92' lang='lat' dir='ltr'>loco</span> <span class='ocrx_word' id='word_1_411' title='bbox 2141 2832 2304 2866; x_wconf 91' lang='lat' dir='ltr'>unam</span> <span class='ocrx_word' id='word_1_412' title='bbox 2349 2832 2468 2867; x_wconf 89' lang='lat' dir='ltr'>eam</span> <span class='ocrx_word' id='word_1_413' title='bbox 2516 2832 2659 2867; x_wconf 89' lang='lat' dir='ltr'>com-</span> 
     </span>
     <span class='ocr_line' id='line_1_72' title="bbox 1574 2885 2658 2953; baseline 0.003 -20"><span class='ocrx_word' id='word_1_414' title='bbox 1574 2889 1838 2935; x_wconf 86' lang='lat' dir='ltr'>memorat</span> <span class='ocrx_word' id='word_1_415' title='bbox 1869 2885 2304 2948; x_wconf 72' lang='lat' dir='ltr'>Semiramidem,</span> <span class='ocrx_word' id='word_1_416' title='bbox 2344 2901 2482 2953; x_wconf 87' lang='lat' dir='ltr'>quae</span> <span class='ocrx_word' id='word_1_417' title='bbox 2506 2887 2658 2952; x_wconf 91' lang='lat' dir='ltr'>quin-</span> 
     </span>
     <span class='ocr_line' id='line_1_73' title="bbox 1574 2956 2658 3021; baseline 0.003 -18"><span class='ocrx_word' id='word_1_418' title='bbox 1574 2968 1678 3019; x_wconf 87' lang='lat' dir='ltr'>que</span> <span class='ocrx_word' id='word_1_419' title='bbox 1728 2956 2171 3021; x_wconf 76' lang='lat' dir='ltr'>generationibus</span> <span class='ocrx_word' id='word_1_420' title='bbox 2206 2961 2334 3006; x_wconf 87' lang='lat' dir='ltr'>ante</span> <span class='ocrx_word' id='word_1_421' title='bbox 2379 2956 2545 3007; x_wconf 84' lang='lat' dir='ltr'>aliam</span> <span class='ocrx_word' id='word_1_422' title='bbox 2577 2971 2658 3006; x_wconf 86' lang='lat' dir='ltr'>re-</span> 
     </span>
     <span class='ocr_line' id='line_1_74' title="bbox 1572 3024 2658 3089; baseline 0.003 -17"><span class='ocrx_word' id='word_1_423' title='bbox 1572 3024 1720 3089; x_wconf 73' lang='lat' dir='ltr'>giam</span> <span class='ocrx_word' id='word_1_424' title='bbox 1765 3024 2021 3075; x_wconf 85' lang='lat' dir='ltr'>feminam</span> <span class='ocrx_word' id='word_1_425' title='bbox 2066 3025 2316 3076; x_wconf 79' lang='lat' dir='ltr'>Nitocrin</span> <span class='ocrx_word' id='word_1_426' title='bbox 2359 3027 2558 3078; x_wconf 79' lang='lat' dir='ltr'>vixerit</span> <span class='ocrx_word' id='word_1_427' title='bbox 2601 3031 2658 3076; x_wconf 90' lang='lat' dir='ltr'>et</span> 
     </span>
     <span class='ocr_line' id='line_1_75' title="bbox 1571 3092 2655 3162; baseline 0.003 -20"><span class='ocrx_word' id='word_1_428' title='bbox 1571 3092 1996 3158; x_wconf 82' lang='lat' dir='ltr'>Babyloniorum</span> <span class='ocrx_word' id='word_1_429' title='bbox 2031 3096 2150 3162; x_wconf 76' lang='lat' dir='ltr'>regi</span> <span class='ocrx_word' id='word_1_430' title='bbox 2193 3096 2456 3161; x_wconf 85' lang='lat' dir='ltr'>cuipiam,</span> <span class='ocrx_word' id='word_1_431' title='bbox 2501 3097 2655 3146; x_wconf 79' lang='lat' dir='ltr'>cuius</span> 
     </span>
     <span class='ocr_line' id='line_1_76' title="bbox 1568 3165 2657 3231; baseline 0.002 -20"><span class='ocrx_word' id='word_1_432' title='bbox 1568 3177 1764 3213; x_wconf 90' lang='lat' dir='ltr'>nomen</span> <span class='ocrx_word' id='word_1_433' title='bbox 1799 3168 1948 3215; x_wconf 87' lang='lat' dir='ltr'>tacet</span> <span class='ocrx_word' id='word_1_434' title='bbox 1980 3165 2320 3229; x_wconf 81' lang='lat' dir='ltr'>Herodotus,</span> <span class='ocrx_word' id='word_1_435' title='bbox 2365 3170 2540 3231; x_wconf 89' lang='lat' dir='ltr'>nupta</span> <span class='ocrx_word' id='word_1_436' title='bbox 2578 3165 2657 3215; x_wconf 82' lang='lat' dir='ltr'>vi-</span> 
     </span>
     <span class='ocr_line' id='line_1_77' title="bbox 1569 3230 2656 3298; baseline 0.004 -18"><span class='ocrx_word' id='word_1_437' title='bbox 1569 3230 1686 3282; x_wconf 88' lang='lat' dir='ltr'>deri</span> <span class='ocrx_word' id='word_1_438' title='bbox 1722 3239 1906 3298; x_wconf 82' lang='lat' dir='ltr'>queat.</span> <span class='ocrx_word' id='word_1_439' title='bbox 1975 3233 2168 3285; x_wconf 86' lang='lat' dir='ltr'>Plures</span> <span class='ocrx_word' id='word_1_440' title='bbox 2200 3236 2344 3285; x_wconf 91' lang='lat' dir='ltr'>enim</span> <span class='ocrx_word' id='word_1_441' title='bbox 2362 3236 2524 3285; x_wconf 83' lang='lat' dir='ltr'>huius</span> <span class='ocrx_word' id='word_1_442' title='bbox 2556 3250 2656 3284; x_wconf 90' lang='lat' dir='ltr'>no-</span> 
     </span>
     <span class='ocr_line' id='line_1_78' title="bbox 1566 3301 2654 3368; baseline 0.004 -18"><span class='ocrx_word' id='word_1_443' title='bbox 1566 3301 1728 3351; x_wconf 79' lang='lat' dir='ltr'>minis</span> <span class='ocrx_word' id='word_1_444' title='bbox 1773 3305 1991 3368; x_wconf 79' lang='lat' dir='ltr'>reginas</span> <span class='ocrx_word' id='word_1_445' title='bbox 2037 3303 2165 3353; x_wconf 90' lang='lat' dir='ltr'>olim</span> <span class='ocrx_word' id='word_1_446' title='bbox 2209 3305 2267 3354; x_wconf 91' lang='lat' dir='ltr'>in</span> <span class='ocrx_word' id='word_1_447' title='bbox 2299 3301 2435 3355; x_wconf 85' lang='lat' dir='ltr'>Asia</span> <span class='ocrx_word' id='word_1_448' title='bbox 2481 3305 2654 3354; x_wconf 79' lang='lat' dir='ltr'>fuisse</span> 
     </span>
     <span class='ocr_line' id='line_1_79' title="bbox 1570 3371 2654 3437; baseline 0.001 -17"><span class='ocrx_word' id='word_1_449' title='bbox 1570 3375 1628 3420; x_wconf 90' lang='lat' dir='ltr'>et</span> <span class='ocrx_word' id='word_1_450' title='bbox 1662 3371 1719 3420; x_wconf 91' lang='lat' dir='ltr'>in</span> <span class='ocrx_word' id='word_1_451' title='bbox 1752 3372 1994 3421; x_wconf 78' lang='lat' dir='ltr'>historiis</span> <span class='ocrx_word' id='word_1_452' title='bbox 2028 3373 2354 3437; x_wconf 85' lang='lat' dir='ltr'>nuncupari,</span> <span class='ocrx_word' id='word_1_453' title='bbox 2393 3373 2463 3423; x_wconf 90' lang='lat' dir='ltr'>ad</span> <span class='ocrx_word' id='word_1_454' title='bbox 2499 3373 2654 3423; x_wconf 83' lang='lat' dir='ltr'>fabu-</span> 
     </span>
     <span class='ocr_line' id='line_1_80' title="bbox 1567 3438 2656 3506; baseline 0.001 -17"><span class='ocrx_word' id='word_1_455' title='bbox 1567 3438 1742 3490; x_wconf 83' lang='lat' dir='ltr'>larum</span> <span class='ocrx_word' id='word_1_456' title='bbox 1776 3442 2018 3491; x_wconf 83' lang='lat' dir='ltr'>rationes</span> <span class='ocrx_word' id='word_1_457' title='bbox 2054 3456 2193 3506; x_wconf 89' lang='lat' dir='ltr'>quae</span> <span class='ocrx_word' id='word_1_458' title='bbox 2241 3442 2529 3492; x_wconf 82' lang='lat' dir='ltr'>traductae</span> <span class='ocrx_word' id='word_1_459' title='bbox 2559 3444 2656 3490; x_wconf 88' lang='lat' dir='ltr'>aut</span> 
     </span>
     <span class='ocr_line' id='line_1_81' title="bbox 1569 3509 2655 3573; baseline -0.001 -14"><span class='ocrx_word' id='word_1_460' title='bbox 1569 3509 1767 3573; x_wconf 83' lang='lat' dir='ltr'>quibus</span> <span class='ocrx_word' id='word_1_461' title='bbox 1794 3510 1966 3559; x_wconf 86' lang='lat' dir='ltr'>multa</span> <span class='ocrx_word' id='word_1_462' title='bbox 1987 3509 2239 3560; x_wconf 85' lang='lat' dir='ltr'>fabulosa</span> <span class='ocrx_word' id='word_1_463' title='bbox 2268 3510 2511 3560; x_wconf 77' lang='lat' dir='ltr'>admixta</span> <span class='ocrx_word' id='word_1_464' title='bbox 2541 3511 2655 3559; x_wconf 77' lang='lat' dir='ltr'>fue-</span> 
     </span>
     <span class='ocr_line' id='line_1_82' title="bbox 1570 3578 2653 3644; baseline 0 -18"><span class='ocrx_word' id='word_1_465' title='bbox 1570 3578 1708 3640; x_wconf 87' lang='lat' dir='ltr'>rint,</span> <span class='ocrx_word' id='word_1_466' title='bbox 1770 3594 1926 3629; x_wconf 89' lang='lat' dir='ltr'>nemo</span> <span class='ocrx_word' id='word_1_467' title='bbox 1985 3579 2272 3644; x_wconf 80' lang='lat' dir='ltr'>quisquam</span> <span class='ocrx_word' id='word_1_468' title='bbox 2319 3579 2546 3643; x_wconf 88' lang='lat' dir='ltr'>peritior</span> <span class='ocrx_word' id='word_1_469' title='bbox 2597 3578 2653 3627; x_wconf 89' lang='lat' dir='ltr'>in</span> 
     </span>
     <span class='ocr_line' id='line_1_83' title="bbox 1570 3644 2654 3712; baseline 0.001 -16"><span class='ocrx_word' id='word_1_470' title='bbox 1570 3644 1790 3697; x_wconf 88' lang='lat' dir='ltr'>dubium</span> <span class='ocrx_word' id='word_1_471' title='bbox 1825 3648 2126 3698; x_wconf 83' lang='lat' dir='ltr'>vocaverit.</span> <span class='ocrx_word' id='word_1_472' title='bbox 2186 3648 2375 3712; x_wconf 86' lang='lat' dir='ltr'>Neque</span> <span class='ocrx_word' id='word_1_473' title='bbox 2391 3662 2515 3698; x_wconf 87' lang='lat' dir='ltr'>raro</span> <span class='ocrx_word' id='word_1_474' title='bbox 2541 3661 2654 3710; x_wconf 88' lang='lat' dir='ltr'>eas,</span> 
     </span>
    </p>
   </div>
   <div class='ocr_carea' id='block_1_11' title="bbox 1570 3715 2768 3782">
    <p class='ocr_par' dir='ltr' id='par_1_13' title="bbox 1570 3715 2768 3782">
     <span class='ocr_line' id='line_1_84' title="bbox 1570 3715 2768 3782; baseline -0.01 -8"><span class='ocrx_word' id='word_1_475' title='bbox 1570 3730 1711 3781; x_wconf 66' lang='lat' dir='ltr'>quae</span> <span class='ocrx_word' id='word_1_476' title='bbox 1743 3731 1841 3781; x_wconf 89' lang='lat' dir='ltr'>pro</span> <span class='ocrx_word' id='word_1_477' title='bbox 1880 3722 2182 3782; x_wconf 84' lang='lat' dir='ltr'>temporum</span> <span class='ocrx_word' id='word_1_478' title='bbox 2216 3717 2430 3767; x_wconf 83' lang='lat' dir='ltr'>ratione</span> <span class='ocrx_word' id='word_1_479' title='bbox 2464 3715 2654 3767; x_wconf 80' lang='lat' dir='ltr'>distin-</span> <span class='ocrx_word' id='word_1_480' title='bbox 2753 3715 2768 3724; x_wconf 83' lang='lat'>&#39;</span> 
     </span>
    </p>
   </div>
   <div class='ocr_carea' id='block_1_12' title="bbox 1565 3785 2655 4476">
    <p class='ocr_par' dir='ltr' id='par_1_14' title="bbox 1565 3785 2655 4476">
     <span class='ocr_line' id='line_1_85' title="bbox 1569 3785 2652 3850; baseline -0.001 -13"><span class='ocrx_word' id='word_1_481' title='bbox 1569 3786 1663 3850; x_wconf 84' lang='lat' dir='ltr'>gui</span> <span class='ocrx_word' id='word_1_482' title='bbox 1692 3786 1952 3848; x_wconf 88' lang='lat' dir='ltr'>debeant,</span> <span class='ocrx_word' id='word_1_483' title='bbox 1989 3785 2250 3837; x_wconf 86' lang='lat' dir='ltr'>confundi</span> <span class='ocrx_word' id='word_1_484' title='bbox 2285 3786 2427 3835; x_wconf 88' lang='lat' dir='ltr'>inter</span> <span class='ocrx_word' id='word_1_485' title='bbox 2450 3801 2527 3849; x_wconf 85' lang='lat' dir='ltr'>se,</span> <span class='ocrx_word' id='word_1_486' title='bbox 2557 3801 2652 3836; x_wconf 83' lang='lat' dir='ltr'>no-</span> 
     </span>
     <span class='ocr_line' id='line_1_86' title="bbox 1568 3855 2652 3920; baseline 0.001 -16"><span class='ocrx_word' id='word_1_487' title='bbox 1568 3859 1684 3903; x_wconf 87' lang='lat' dir='ltr'>tum</span> <span class='ocrx_word' id='word_1_488' title='bbox 1703 3861 1803 3905; x_wconf 79' lang='lat' dir='ltr'>est.</span> <span class='ocrx_word' id='word_1_489' title='bbox 1868 3856 2210 3920; x_wconf 80' lang='lat' dir='ltr'>Quapropter</span> <span class='ocrx_word' id='word_1_490' title='bbox 2226 3855 2402 3906; x_wconf 81' lang='lat' dir='ltr'>virum</span> <span class='ocrx_word' id='word_1_491' title='bbox 2430 3856 2652 3906; x_wconf 87' lang='lat' dir='ltr'>doctum</span> 
     </span>
     <span class='ocr_line' id='line_1_87' title="bbox 1569 3923 2651 3989; baseline 0.004 -18"><span class='ocrx_word' id='word_1_492' title='bbox 1569 3923 1760 3986; x_wconf 88' lang='lat' dir='ltr'>miror,</span> <span class='ocrx_word' id='word_1_493' title='bbox 1794 3925 1886 3989; x_wconf 91' lang='lat' dir='ltr'>qui</span> <span class='ocrx_word' id='word_1_494' title='bbox 1921 3924 1978 3974; x_wconf 91' lang='lat' dir='ltr'>in</span> <span class='ocrx_word' id='word_1_495' title='bbox 2001 3923 2337 3976; x_wconf 82' lang='lat' dir='ltr'>Bechercbes</span> <span class='ocrx_word' id='word_1_496' title='bbox 2373 3924 2651 3976; x_wconf 77' lang='lat' dir='ltr'>nouvelles</span> 
     </span>
     <span class='ocr_line' id='line_1_88' title="bbox 1568 3992 2650 4059; baseline 0.002 -16"><span class='ocrx_word' id='word_1_497' title='bbox 1568 4007 1663 4043; x_wconf 83' lang='lat' dir='ltr'>sur</span> <span class='ocrx_word' id='word_1_498' title='bbox 1699 3992 1868 4044; x_wconf 86' lang='lat' dir='ltr'>l’hist.</span> <span class='ocrx_word' id='word_1_499' title='bbox 1938 4008 2061 4045; x_wconf 84' lang='lat' dir='ltr'>ane.</span> <span class='ocrx_word' id='word_1_500' title='bbox 2096 3997 2138 4042; x_wconf 87' lang='lat' dir='ltr'>t.</span> <span class='ocrx_word' id='word_1_501' title='bbox 2169 3993 2277 4044; x_wconf 93' lang='lat'>111.</span> <span class='ocrx_word' id='word_1_502' title='bbox 2315 4010 2437 4059; x_wconf 87' lang='lat' dir='ltr'>cap.</span> <span class='ocrx_word' id='word_1_503' title='bbox 2461 3996 2560 4047; x_wconf 87' lang='lat' dir='ltr'>VI.</span> <span class='ocrx_word' id='word_1_504' title='bbox 2595 4010 2650 4059; x_wconf 87' lang='lat' dir='ltr'>p.</span> 
     </span>
     <span class='ocr_line' id='line_1_89' title="bbox 1567 4061 2653 4129; baseline -0.001 -16"><span class='ocrx_word' id='word_1_505' title='bbox 1567 4061 1636 4113; x_wconf 82' lang='lat'>86</span> <span class='ocrx_word' id='word_1_506' title='bbox 1670 4077 1756 4127; x_wconf 80' lang='lat' dir='ltr'>sq.</span> <span class='ocrx_word' id='word_1_507' title='bbox 1778 4078 1943 4112; x_wconf 86' lang='lat' dir='ltr'>unam</span> <span class='ocrx_word' id='word_1_508' title='bbox 1965 4063 2298 4129; x_wconf 88' lang='lat' dir='ltr'>eandemque</span> <span class='ocrx_word' id='word_1_509' title='bbox 2321 4064 2494 4114; x_wconf 78' lang='lat' dir='ltr'>fuisse</span> <span class='ocrx_word' id='word_1_510' title='bbox 2526 4078 2653 4115; x_wconf 90' lang='lat' dir='ltr'>con-</span> 
     </span>
     <span class='ocr_line' id='line_1_90' title="bbox 1565 4131 2653 4184; baseline 0.002 -3"><span class='ocrx_word' id='word_1_511' title='bbox 1565 4131 1744 4181; x_wconf 89' lang='lat' dir='ltr'>tendit</span> <span class='ocrx_word' id='word_1_512' title='bbox 1788 4135 1845 4182; x_wconf 90' lang='lat' dir='ltr'>et</span> <span class='ocrx_word' id='word_1_513' title='bbox 1884 4133 2153 4184; x_wconf 88' lang='lat' dir='ltr'>Herodoti</span> <span class='ocrx_word' id='word_1_514' title='bbox 2197 4137 2252 4182; x_wconf 89' lang='lat' dir='ltr'>et</span> <span class='ocrx_word' id='word_1_515' title='bbox 2297 4133 2514 4184; x_wconf 75' lang='lat' dir='ltr'>Ctesiae</span> <span class='ocrx_word' id='word_1_516' title='bbox 2559 4133 2653 4183; x_wconf 83' lang='lat' dir='ltr'>Se·</span> 
     </span>
     <span class='ocr_line' id='line_1_91' title="bbox 1566 4200 2652 4268; baseline 0.001 -18"><span class='ocrx_word' id='word_1_517' title='bbox 1566 4200 1936 4266; x_wconf 88' lang='lat' dir='ltr'>miramidem‚</span> <span class='ocrx_word' id='word_1_518' title='bbox 1971 4217 2113 4268; x_wconf 88' lang='lat' dir='ltr'>quae</span> <span class='ocrx_word' id='word_1_519' title='bbox 2149 4202 2486 4267; x_wconf 84' lang='lat' dir='ltr'>Babylonem</span> <span class='ocrx_word' id='word_1_520' title='bbox 2524 4201 2652 4251; x_wconf 89' lang='lat' dir='ltr'>olim</span> 
     </span>
     <span class='ocr_line' id='line_1_92' title="bbox 1567 4270 2655 4335; baseline -0.002 -14"><span class='ocrx_word' id='word_1_521' title='bbox 1567 4270 1896 4335; x_wconf 87' lang='lat' dir='ltr'>condiderit,</span> <span class='ocrx_word' id='word_1_522' title='bbox 1945 4272 2084 4322; x_wconf 88' lang='lat' dir='ltr'>adeo</span> <span class='ocrx_word' id='word_1_523' title='bbox 2116 4275 2182 4322; x_wconf 91' lang='lat' dir='ltr'>ut</span> <span class='ocrx_word' id='word_1_524' title='bbox 2215 4272 2432 4321; x_wconf 80' lang='lat' dir='ltr'>Ctesiae</span> <span class='ocrx_word' id='word_1_525' title='bbox 2467 4275 2655 4320; x_wconf 89' lang='lat' dir='ltr'>aucto-</span> 
     </span>
     <span class='ocr_line' id='line_1_93' title="bbox 1569 4337 2655 4404; baseline -0.001 -15"><span class='ocrx_word' id='word_1_526' title='bbox 1569 4341 1714 4390; x_wconf 81' lang='lat' dir='ltr'>ritas·</span> <span class='ocrx_word' id='word_1_527' title='bbox 1736 4340 1794 4391; x_wconf 87' lang='lat' dir='ltr'>in</span> <span class='ocrx_word' id='word_1_528' title='bbox 1816 4341 1966 4392; x_wconf 81' lang='lat' dir='ltr'>hisce</span> <span class='ocrx_word' id='word_1_529' title='bbox 1990 4340 2272 4391; x_wconf 82' lang='lat' dir='ltr'>Herodoto</span> <span class='ocrx_word' id='word_1_530' title='bbox 2297 4337 2655 4404; x_wconf 82' lang='lat' dir='ltr'>praeferenda</span> 
     </span>
     <span class='ocr_line' id='line_1_94' title="bbox 1575 4406 2653 4476; baseline -0.002 -17"><span class='ocrx_word' id='word_1_531' title='bbox 1575 4410 1675 4473; x_wconf 85' lang='lat' dir='ltr'>sit,</span> <span class='ocrx_word' id='word_1_532' title='bbox 1727 4410 1822 4476; x_wconf 85' lang='lat' dir='ltr'>qui</span> <span class='ocrx_word' id='word_1_533' title='bbox 1865 4407 2256 4460; x_wconf 84' lang='lat' dir='ltr'>Chaldaeorum</span> <span class='ocrx_word' id='word_1_534' title='bbox 2302 4423 2370 4458; x_wconf 82' lang='lat' dir='ltr'>ac</span> <span class='ocrx_word' id='word_1_535' title='bbox 2414 4406 2653 4473; x_wconf 82' lang='lat' dir='ltr'>Babylo-</span> 
     </span>
    </p>
   </div>
  </div>
 </body>
</html>
