3109 5092
451 320 577 381 450

1321 313 1870 377 HERODOTI
1976 409 1985 414 Π

451 498 729 586 λάσσης,
766 492 991 581 ὥσπερ
1020 519 1096 579 γε
1131 488 1214 559 τὰ
1247 492 1402 578 περὶ
1421 487 1627 560 Ἴλιον
1666 490 1777 557 καὶ
1818 492 2282 575 Τευθρανίην,
2325 486 2739 577 καὶἘφεσόν

453 630 524 671 τε
550 603 664 670 καὶ
691 596 1103 684 Μαιάνδρου
1130 600 1392 678 πεδίον,
1425 591 1596 663 ὥστε
1631 591 1807 661 εἶναι
1854 588 2103 678 σμικρὰ
2137 596 2349 659 ταῦτα
2388 593 2735 681 μεγάλοισι

455 706 882 793 συμβαλέειν.
921 704 1060 769 τῶν
1083 696 1212 787 γὰρ
1237 702 1449 766 ταῦτα
1481 694 1563 766 τὰ
1590 703 1802 786 χωρία
1830 692 2368 782 προσχωσάντων
2396 701 2755 787 ammaim.

458 810 558 877 ε”νὶ
588 811 729 877 τῶν
753 803 1101 892 στομάτων
1125 807 1249 871 τοῦ
1274 807 1553 884 Νείλου,
1584 795 1808 878 ἐόντος
1844 795 2328 886 πενταστόμου,
2357 797 2584 882 οὐδεὶς
2610 797 2733 870 αὐ-

456 915 597 980 των
626 906 920 997 πλήθεος
957 908 1109 994 πέρι
1145 902 1325 986 ἄξιος
1363 907 1840 992 συμβληθῆναι
1885 897 2045 970 ἐστί.
2106 904 2233 970 εἰσὶ
2281 904 2355 972 δὲ
2390 906 2501 973 καὶ
2545 902 2737 974 ἄλλοι

462 1013 744 1100 ποταμοὶ
787 1007 870 1080 οὐ
907 1006 1075 1078 κατὰ
1124 1005 1243 1077 τὸν
1289 1015 1545 1076 Νεῖλον
1594 1003 1815 1086 ἐόντες
1856 1002 2193 1093 μεγάθεα,
2246 1009 2315 1075 οἳ
2351 1025 2555 1089 τινες·
2576 1015 2740 1098 ἔργα

461 1178 638 1229 flonve
673 1191 802 1226 sans
835 1191 965 1238 ean,
1014 1172 1230 1239 d’spres
1272 1172 1329 1223 lc
1365 1188 1552 1224 recon-

462 1248 755 1298 nsisssnce
801 1250 907 1296 etc.
955 1259 1055 1309 psr
1090 1244 1142 1293 le
1181 1241 1404 1308 general
1439 1242 1551 1291 An-

464 1317 694 1383 Many.
756 1315 978 1365 Extrsit
1005 1313 1072 1363 de
1099 1313 1154 1363 la
1175 1310 1379 1363 decade
1405 1314 1553 1377 Egy-

465 1386 685 1451 ptienne
714 1401 798 1435 nr.
821 1389 874 1437 4.
911 1382 1092 1434 Heme
1113 1382 1237 1434 Vol.
1267 1384 1371 1433 An.
1391 1381 1549 1431 VIII.

537 1479 749 1544 κόλπος
769 1477 1086 1551 θαλάσσης]
1113 1486 1274 1549 „Vid.
1295 1486 1551 1538 Euststh.

469 1557 540 1607 ad
561 1556 761 1622 Odyss.
797 1556 900 1618 IV,
940 1556 1063 1606 563.
1090 1570 1143 1621 p.
1176 1555 1274 1607 185
1305 1558 1435 1607 Bas.
1476 1556 1553 1605 in-

468 1628 555 1677 fra
587 1627 769 1692 ibique
806 1625 1042 1691 Apionf‘
1083 1626 1167 1677 Or.

488 1718 728 1809 ὥσπερ
762 1742 822 1792 γε
856 1719 940 1778 τὰ
961 1723 1093 1794 περὶ
1111 1718 1290 1778 Ἰλιον
1325 1744 1378 1778 κ.
1404 1743 1452 1778 τ.
1481 1725 1554 1792 λ.]

469 1811 658 1864 ωσπερ
696 1812 756 1862 γε
789 1814 819 1848 e
854 1796 1169 1849 melioribus
1207 1798 1367 1850 codd.
1402 1799 1559 1848 resti·

467 1873 649 1919 tntum
710 1884 744 1917 a
798 1867 1113 1920 Gaisfordio
1172 1868 1373 1919 retinui
1436 1881 1559 1916 enm

469 1941 701 1989 recentt.
747 1936 903 1997 edd.;
962 1936 1196 1988 Aldinae
1249 1936 1558 1997 lectionem,

507 2022 634 2059 nsm
655 2007 821 2056 etiam
846 2006 1127 2057 Ssncrofti
1138 2007 1271 2057 Cod.
1305 2007 1559 2071 praebet:

528 2088 700 2139 οπερ
736 2067 813 2124 τά
855 2089 920 2124 τε
958 2072 1088 2139 περὶ
1124 2065 1301 2124 Ἴλιον
1335 2091 1387 2125 κ.
1425 2091 1473 2123 τ.
1511 2074 1561 2123 λ.

469 2144 718 2195 rovocari
749 2143 870 2193 vult
901 2144 1027 2194 Eltz
1066 2143 1124 2209 (J
1127 2144 1314 2194 shrbb
1354 2143 1408 2193 d.
1436 2143 1563 2194 Phi-

469 2213 566 2264 lol.
604 2229 660 2263 n.
701 2211 944 2277 Paedsg.
981 2212 1171 2277 Snppl.
1202 2214 1302 2265 IX.
1334 2229 1389 2277 p.
1418 2212 1560 2276 120),

473 2283 569 2349 qni
608 2281 751 2331 idem
792 2282 960 2331 etiam
1003 2283 1060 2330 ἰιι
1103 2283 1284 2332 verbis
1318 2282 1562 2346 proxime

474 2350 830 2417 sequentibus
870 2367 966 2416 pro
1004 2364 1205 2413 ωστε,
1254 2350 1398 2415 quod
1447 2356 1563 2400 tue·

474 2427 565 2472 tur
599 2419 950 2485 plurimorum
973 2425 1030 2471 et
1053 2421 1379 2484 optimorum
1400 2419 1561 2470 codd.

476 2505 801 2569 consensus,
840 2505 870 2539 e
902 2489 1181 2541 Sancrofti
1211 2489 1349 2540 libro
1375 2489 1565 2571 reponi

475 2559 595 2610 vult
624 2574 741 2623 ως,
790 2560 936 2624 qnod
981 2561 1037 2609 in
1082 2559 1246 2609 simili
1291 2558 1566 2609 sententis

475 2630 752 2680 invenitur
788 2630 884 2692 IV,
909 2629 996 2682 99.
1030 2629 1127 2690 lx,
1154 2628 1241 2680 34.
1293 2629 1569 2709 Schweig-

476 2700 744 2750 haeusero
780 2697 1063 2763 placuerat
1093 2666 1284 2763 όῖσπερ
1320 2715 1388 2747 τα
1415 2712 1472 2748 τε
1510 2701 1567 2747 et

479 2784 559 2826 ως
608 2781 698 2833 γες
757 2770 968 2835 Burges
1016 2770 1071 2818 in
1105 2768 1372 2848 Prolegg.
1420 2767 1567 2818 Τ1ιιι-

478 2837 635 2915 cgdd.
692 2853 746 2901 p.
795 2839 897 2889 325
941 2854 1039 2902 pro
1087 2851 1227 2887 ωστε
1273 2838 1435 2888 affert
1489 2827 1567 2891 ὥς

477 2898 570 2969 δή.
590 2935 661 2945 —-
694 2907 779 2956 De
805 2906 969 2957 Iliaca
993 2908 1215 2972 regione
1235 2921 1380 2957 nnnc
1405 2906 1566 2955 valde

479 2979 690 3024 mutata
723 2976 859 3023 satis
891 2975 1230 3039 disputatum
1260 2981 1344 3025 est
1378 2981 1568 3025 nostra

481 3046 665 3092 aetate
712 3058 746 3092 a
790 3044 921 3093 viris
966 3043 1170 3106 doctis,
1225 3060 1455 3109 qnorum
1504 3044 1571 3093 li-

480 3112 608 3161 bros
672 3112 876 3161 excitat
920 3113 1185 3178 Forbiger
1234 3113 1456 3165 Handb.
1511 3114 1566 3163 d.

480 3180 578 3230 alt.
619 3181 818 3245 Geogr.
839 3182 916 3233 H.
947 3198 999 3246 Ρ.
1032 3183 1132 3233 149
1166 3183 1224 3230 in
1249 3182 1364 3232 not.
1426 3183 1567 3234 Add.

480 3248 887 3300 Tchihstchefft
924 3251 1053 3302 Asie
1088 3253 1328 3302 minente
1364 3253 1412 3301 Ι.
1438 3268 1565 3317 pag.

480 3320 585 3370 214
617 3334 767 3385 seqq.
831 3319 1172 3371 Teuthraniae
1203 3320 1427 3371 interior
1449 3323 1570 3386 My-

481 3389 598 3439 siae
634 3393 717 3438 est
747 3391 897 3455 regio
935 3389 1223 3454 pedestris,
1263 3407 1425 3455 quam
1449 3392 1569 3456 My·

482 3474 576 3508 sus
613 3459 811 3509 fluvius
848 3465 1119 3524 permeat,
1157 3461 1434 3510 montibus
1474 3476 1571 3510 un-

482 3526 645 3594 dique
680 3529 888 3590 cincta3
922 3529 1032 3580 vid.
1067 3529 1201 3579 ibid.
1229 3546 1284 3593 Ρ.
1314 3530 1430 3580 157.
1484 3531 1570 3579 De

484 3598 767 3650 Maeandri
800 3600 1006 3676 campis
1042 3600 1278 3649 diximus
1317 3598 1450 3677 qu,
1480 3597 1567 3648 18.

479 3697 552 3706 —-
587 3668 769 3718 Verba
796 3681 936 3718 ωστε
972 3660 1121 3718 εἶναι
1159 3659 1364 3733 σμικρὰ
1393 3665 1573 3717 ταῦτα

482 3729 770 3800 μεγάλοισι
825 3734 1160 3803 συμβαλέειν
1205 3735 1280 3802 (ue
1324 3752 1370 3787 s.
1410 3754 1570 3802 quan-

480 3812 578 3854 tum
629 3807 781 3856 liceat
829 3806 979 3872 haec,
1043 3822 1172 3873 quae
1217 3821 1386 3869 parva
1435 3814 1571 3866 sunt,

481 3888 781 3937 comparare
801 3890 908 3926 cum
939 3876 1150 3942 maenis)
1190 3876 1377 3927 eodem
1412 3876 1574 3926 modo

481 3941 736 4019 leguntur
788 3944 896 4010 IV,
945 3944 1042 4010 99,
1110 3945 1221 3994 nisi
1275 3944 1420 4010 quod
1473 3961 1573 4010 pro

480 3998 621 4060 ὥστε·
672 4018 856 4062 exstat
888 4029 994 4077 ως,
1044 4015 1189 4096 qnod
1232 4015 1359 4064 inde
1406 4017 1571 4065 etiam

479 4078 584 4129 hoc
620 4078 741 4129 loco
789 4081 941 4131 fuere
989 4085 1082 4148 qui
1128 4085 1427 4147 repositum
1459 4084 1572 4134 vel-

479 4147 622 4211 lent,
663 4152 723 4199 nt
757 4147 835 4212 ΙΙ,
874 4152 1114 4202 24.125.
1157 4152 1275 4203 135.
1314 4155 1443 4217 VII,
1482 4156 1569 4232 24,

480 4217 603 4268 aliis
647 4217 812 4280 locis,
867 4219 922 4268 in
965 4219 1161 4283 quibus
1200 4222 1453 4272 voculam
1493 4239 1571 4279 ως

479 4255 1372 4426 zzffi‘ef22³2¹1¹32¹1vssna¹²0⁰⁵233332i
1385 4293 1572 4426 ¹302}ss

1653 1171 2054 1234 existimamus,
2100 1185 2195 1220 cnr
2229 1169 2286 1221 1ι.
2319 1171 2358 1222 l.
2396 1172 2457 1222 in
2486 1171 2587 1222 tali
2624 1186 2743 1223 sen·

1653 1242 1833 1292 tentia
1868 1234 2007 1289 ὥστε
2038 1239 2170 1290 ferri
2199 1247 2454 1318 nequest.

1724 1308 1829 1360 τοῦ
1874 1308 2121 1372 Νείλου,
2185 1302 2381 1367 ἐόντος
2436 1302 2745 1361 πενταστό-

1654 1377 1788 1445 μου]
1849 1375 2239 1443 πενταστόμου
2292 1380 2486 1444 optimi
2542 1382 2744 1447 quique

1656 1454 1879 1528 tuentur
1937 1449 2131 1513 scripti
2183 1449 2328 1500 libri.
2413 1450 2526 1501 Alii
2577 1440 2745 1500 ἑπτα-

1658 1514 1898 1582 στόμου,
1956 1519 2102 1582 qnod
2158 1534 2225 1569 ex
2271 1520 2543 1571 communi
2597 1526 2747 1570 vete-

1656 1603 1778 1638 rum
1813 1588 2065 1652 opinione
2098 1590 2162 1639 de
2198 1594 2408 1654 septem
2442 1590 2556 1641 Nili
2589 1590 2746 1639 ostiis

1661 1662 1838 1708 ortum
1910 1672 2031 1707 esse
2095 1659 2334 1711 videtur.
2432 1659 2746 1709 Herodotus

1661 1728 1833 1788 enim,
1871 1728 1965 1790 qni
1998 1727 2143 1779 infra
2164 1728 2242 1791 11,
2272 1730 2335 1779 15
2365 1729 2603 1794 quinque
2626 1734 2749 1778 tsn-

1662 1803 1778 1846 tutn
1817 1796 1932 1846 Nili
1972 1797 2123 1848 ‘ostia
2169 1804 2580 1862 commemorat,
2638 1798 2745 1848 duo

1661 1866 1758 1915 illa
1811 1865 1996 1914 omisit
2051 1868 2219 1930 ostia,
2276 1883 2419 1934 quae
2470 1868 2747 1918 hominnm

1662 1941 1784 1985 arte
1820 1950 1886 1984 ac
1922 1937 2169 1986 manibus
2193 1952 2369 2002 neque
2397 1942 2597 1987 natura
2635 1938 2750 1986 fue-

1662 2010 1791 2054 rant
1825 2004 2046 2069 effecta,
2101 2006 2437 2057 Bolbitinnm
2472 2023 2540 2058 ac
2574 2009 2750 2058 Buco-

1661 2074 1847 2124 licum.
1903 2075 2047 2124 Hinc
2077 2082 2225 2125 recte
2246 2077 2505 2127 Eustath.
2532 2076 2751 2127 sdDio-

1663 2159 1787 2208 nys.
1809 2145 2079 2226 Perieget.
2104 2145 2208 2196 226
2231 2146 2300 2196 ab
2320 2146 2603 2197 Herodoto
2623 2145 2749 2194 Nilo

1668 2213 1837 2263 tribui
1862 2216 2074 2296 quinqe
2111 2220 2322 2265 tantum
2364 2216 2512 2265 ostia
2540 2215 2751 2294 scribit,

1663 2276 1884 2346 δηλαδὴ
1905 2281 2056 2362 κατὰ,
2064 2277 2132 2333 τὰ
2151 2277 2369 2363 φυσικὰ
2389 2278 2654 2349 στόματα,
2675 2273 2752 2339 ὥς

1664 2348 1774 2400 δύο
1809 2349 1983 2401 τινῶν
2028 2344 2287 2416 ὀρυκτῶν
2319 2344 2522 2403 ὄντων.
2599 2355 2753 2416 Quae

1667 2421 1859 2471 eadem
1894 2422 2132 2487 quinque
2182 2424 2327 2474 ostia
2369 2423 2514 2473 infra
2556 2424 2645 2486 ΙΙ,
2689 2423 2751 2472 17

1665 2490 1920 2540 dicuntur
1979 2487 2254 2556 ἰθαγενέα
2309 2485 2576 2556 στόματα.
2667 2491 2753 2543 Ad

1665 2559 2029 2623 septenarium
2056 2577 2336 2612 nnmerum
2366 2561 2512 2611 hand
2544 2562 2659 2612 scio
2681 2576 2755 2611 an

1664 2628 1856 2693 religio
1884 2631 2049 2679 etiam
2073 2631 2318 2682 nonnihil
2342 2630 2594 2694 valuerit,
2618 2646 2755 2697 quse

1665 2703 1917 2749 sanctum
1947 2715 2113 2764 quam
2139 2702 2370 2752 maxime
2405 2700 2581 2751 voluit
2612 2701 2754 2751 hunc

1664 2783 1966 2820 nnmerum.

1739 2829 1931 2894 οὐδεὶς
1978 2829 2189 2904 αὐτῶν]
2233 2828 2424 2888 αυτῶν
2459 2838 2755 2905 perspicui-

1667 2907 1800 2957 tatis
1846 2923 2015 2958 causa
2057 2907 2146 2958 hic
2198 2909 2469 2959 adiectum
2518 2909 2755 2986 pertinet

1669 2978 1739 3026 ad
1766 2978 2038 3041 genitivos
2072 2993 2186 3026 των
2209 3005 2276 3015 -—
2298 2970 2755 3056 προσχωσάντων

1669 3060 1962 3109 ποταμων.
1997 3044 2293 3112 προσχοῦν
2338 3053 2393 3098 et
2432 3039 2754 3111 πρόσχωσις

1670 3114 1857 3166 eodem
1880 3118 2042 3167 modo
2061 3116 2615 3196 spudThucydid.11‚
2634 3118 2752 3167 102.

1741 3175 1809 3232 οὐ
1855 3178 1999 3234 κατὰ
2034 3179 2137 3235 τὸν
2175 3184 2393 3236 Νεῖλον
2440 3155 2628 3244 ἐόντες
2660 3199 2753 3265 με-

1668 3245 1875 3318 γάθεα]
1920 3256 2005 3305 De
2028 3271 2132 3306 usu
2165 3257 2588 3333 praepositionis
2614 3248 2758 3305 κατὰ

1670 3323 1818 3372 conf.
1856 3323 1902 3385 Ι,
1949 3325 2066 3376 121.
2093 3351 2159 3363 --
2193 3321 2447 3390 μεγάθεα
2472 3325 2609 3374 bene
2640 3340 2757 3375 cor-

1670 3392 1811 3442 rexit
1855 3393 2181 3459 wesseling.
2246 3411 2342 3459 pro
2392 3394 2543 3459 vulg.
2589 3385 2759 3458 μεγά-

1671 3461 1823 3517 θεες.
1897 3464 2177 3514 Sancrosti
2224 3464 2363 3515 liber
2401 3464 2620 3514 exhibet
2663 3476 2760 3527 με-

1670 3528 1896 3595 γαθέει,
1934 3533 2080 3583 unde
2104 3533 2384 3584 Schaefer.
2421 3541 2477 3584 et
2500 3532 2761 3585 Larcher.

1671 3607 2032 3664 reposuerunt
2082 3595 2348 3667 μεγάθεϊ,
2410 3618 2518 3668 quo
2578 3607 2763 3653 tamen

1673 3685 1809 3734 opus
1830 3686 1938 3721 non
1959 3687 2076 3722 esse
2097 3672 2237 3722 bene
2256 3679 2442 3723 monet
2454 3673 2760 3739 Schweigh.

1674 3756 1996 3803 comparans
2039 3742 2097 3804 Ι,
2144 3741 2269 3792 202.
2317 3742 2430 3805 111,
2485 3742 2761 3793 102.107.

1673 3809 1820 3858 Hinc
1868 3811 2059 3861 merito
2106 3812 2162 3860 in
2205 3810 2488 3861 Plutarchi
2532 3811 2762 3862 Ari-tid.

1676 3877 1744 3930 23
1780 3871 1880 3926 διὰ
1912 3873 1983 3929 τὰ
2013 3876 2229 3944 μεγέθη
2266 3882 2551 3931 revocavit
2584 3881 2765 3931 Sinte-

1677 3947 1782 3997 nis.
1829 3979 1901 3988 —-
1958 3950 2066 3999 Pro
2124 3940 2291 4009 ἐξιεὶς
2346 3966 2481 4001 cave
2527 3951 2763 4016 recipias

1673 4006 1869 4082 ἐξιών,
1924 4018 2071 4083 quod
2127 4023 2345 4083 praeter
2396 4019 2651 4071 Aldinam
2709 4026 2766 4070 et

1673 4086 1833 4136 codd.
1883 4088 2150 4152 quosdam
2193 4089 2359 4138 etiam
2396 4090 2624 4154 praebet
2658 4091 2767 4140 En·

1672 4156 1842 4206 stath.
1870 4158 1942 4207 ad
1961 4158 2190 4222 Dionys.
2225 4159 2443 4223 Perieg.
2466 4159 2589 4211 431.
2639 4159 2766 4209 Vid.

1672 4226 1909 4277 Bredov.
1936 4241 2064 4292 pag.
2092 4227 2215 4279 393.
2240 4255 2310 4265 —
2348 4228 2502 4289 Quae
2527 4227 2594 4278 de
2616 4227 2771 4278 Echi-

1672 4295 1892 4346 nadibus
1932 4295 2127 4347 insulis
2149 4298 2355 4348 Noster
2392 4299 2583 4361 refert,
2628 4312 2769 4347 com-

1672 4364 1922 4427 paranda
1967 4371 2098 4417 sunt
2142 4381 2267 4418 cnm
2301 4366 2402 4430 iis,
2450 4382 2594 4432 qnae
2629 4366 2772 4418 Thu·
