3109 5092
441 373 561 437 102

1294 366 1836 430 HERODOTI

436 558 682 619 λαντον
710 549 991 616 ἕκαστον
1017 547 1330 628 ἕλκοντα,
1371 540 1452 611 τὰ
1493 541 1569 610 δὲ
1604 538 1774 610 ἄλλα
1807 535 2213 628 ἡμιπλίνθια
2253 538 2503 603 λευκοῦ
2546 517 2708 620 χᾶν-

435 750 538 802 334
573 765 687 813 seq.
735 746 885 797 Idem
922 742 989 794 de
1031 747 1351 809 argumento
1397 757 1522 792 con-

435 817 541 869 suli
567 818 719 868 iubet
745 813 1074 880 peculiarem
1096 813 1357 878 Wagneri
1394 812 1522 861 acri-

434 889 675 953 ptionem
734 887 799 936 de
868 884 1057 933 Croesi
1115 881 1520 947 hemiplinthiisz

434 959 695 1007 insertam
726 954 997 1005 Mercurio
1021 954 1179 1003 Novo
1199 952 1521 1003 Germanico

437 1026 590 1078 1802.
629 1023 888 1076 Decemb.
924 1039 977 1086 p.
1018 1021 1148 1084 295,
1185 1038 1293 1086 qua
1328 1020 1523 1086 proba·

434 1101 523 1146 tur
557 1111 650 1157 ea,
697 1109 859 1160 quam
908 1092 1179 1151 dedimus,
1218 1091 1323 1141 loci
1358 1091 1522 1140 inter-

434 1165 688 1230 pretatio.
749 1164 923 1225 Quam
970 1161 1192 1211 eandem
1241 1161 1398 1210 unice
1433 1174 1522 1209 ve·

436 1250 552 1285 ram
597 1233 917 1302 pronuntiat
969 1229 1259 1281 Voelcker.
1309 1227 1387 1292 (iu
1431 1229 1520 1289 iia,

437 1319 575 1369 quae
643 1302 851 1365 scripta
916 1299 1043 1349 olim
1102 1297 1524 1349 communicavit

435 1388 558 1424 cum
582 1367 898 1429 Creuzero)‚
928 1370 974 1418 ei
1003 1369 1219 1433 quidem
1255 1367 1431 1419 solido
1457 1383 1523 1417 ex

435 1458 569 1493 auro
603 1441 839 1491 fuissent
873 1438 1090 1499 lateres,
1117 1438 1315 1504 quippe
1338 1452 1525 1487 omnes

437 1525 597 1576 pares
645 1514 701 1560 et
744 1507 1119 1574 magnitudine
1166 1512 1222 1557 et
1264 1507 1520 1571 pondere.

438 1579 544 1631 Sed
582 1579 686 1629 hoc
722 1579 898 1643 ipsum
934 1592 1001 1627 ex
1034 1576 1298 1627 Herodoti
1343 1577 1524 1626 verbis

437 1649 582 1700 effici
615 1663 778 1713 posue
822 1652 1016 1711 negat,
1064 1646 1208 1710 apud
1255 1663 1414 1711 quem
1449 1646 1526 1696 la-

438 1725 582 1770 teres
616 1733 724 1767 non
773 1732 839 1767 ex
888 1732 1019 1767 auro
1068 1716 1205 1777 fusi,
1254 1717 1349 1768 sed
1395 1716 1527 1765 mal·

436 1789 521 1839 leo
559 1787 710 1838 ducti
743 1802 809 1837 ex
845 1802 977 1836 auro
1020 1786 1249 1836 confuso
1293 1785 1526 1849 intelligi

438 1858 701 1918 debeant3
738 1856 885 1907 unde
919 1872 1027 1905 non
1064 1856 1266 1906 solidos
1302 1856 1523 1917 latemz,

437 1927 534 1979 aed
569 1929 715 1977 intus
741 1942 906 1977 cavos
931 1941 1063 1976 auro
1088 1926 1381 1991 purissimo
1408 1930 1526 1975 tan-

437 2004 553 2048 tum
589 1997 854 2048 obductos
892 1995 1061 2045 fuisse
1097 1994 1393 2046 contendit.
1434 1996 1524 2052 At,

440 2067 590 2117 dicat
621 2066 771 2130 quis,
804 2064 1005 2114 lateres
1042 2063 1121 2114 illi
1156 2065 1350 2115 malleo
1378 2063 1528 2113 ducti

439 2136 487 2187 ai
534 2136 656 2184 cavi
704 2138 889 2195 eraut,
937 2148 1069 2183 auro
1124 2149 1261 2197 puro
1316 2139 1525 2183 tantum

440 2203 690 2263 obducti,
745 2218 846 2252 nec
914 2201 1074 2251 solidi
1136 2204 1278 2262 aurit,
1339 2202 1529 2266 quidni

437 2274 581 2323 idem
638 2271 704 2321 de
757 2271 979 2334 reliquis
1028 2270 1290 2321 lateribus
1345 2272 1530 2321 existi-

437 2341 693 2393 mandum
746 2346 802 2390 et
865 2341 999 2404 ipsis
1058 2339 1255 2389 malleo
1310 2339 1526 2390 ductis?

437 2427 562 2462 nam
600 2409 786 2460 eodem
825 2409 985 2459 modo
1018 2408 1119 2458 hoe
1158 2424 1372 2474 quoque
1421 2408 1528 2459 ela-

438 2482 662 2531 boratos
700 2479 889 2540 fuisse,
926 2477 1195 2529 Herodoti
1230 2479 1399 2528 verba
1435 2479 1529 2529 du-

436 2551 616 2601 bitare
654 2564 763 2599 non
802 2549 1006 2598 sinunt.

507 2619 615 2671 Sed
648 2618 756 2669 iam
792 2618 907 2668 alia
953 2617 1099 2668 baud
1136 2619 1251 2668 scio
1300 2632 1370 2667 an
1408 2632 1529 2681 gra-

434 2691 557 2741 vior
589 2689 833 2740 exoritur
861 2688 1159 2738 difficultas
1183 2689 1240 2736 in
1258 2688 1377 2751 ipso
1399 2702 1530 2751 pon-

439 2760 564 2810 dere
601 2758 932 2817 definiendo;
981 2758 1067 2808 cui
1116 2756 1409 2807 solvendae
1445 2772 1529 2806 me

438 2829 656 2894 quidem
691 2827 839 2878 haud
874 2843 1059 2892 parem
1097 2843 1219 2878 esee
1245 2825 1525 2876 confiteor.

437 2898 652 2948 Monuit
688 2898 857 2957 enim,
897 2897 1005 2947 alia
1036 2901 1100 2946 ut
1138 2897 1348 2945 mittam
1386 2910 1419 2944 a
1448 2896 1527 2943 vi-

439 2967 514 3015 ris
551 2965 728 3015 doctis
769 2965 895 3014 olim
931 2965 1166 3029 prolata,
1202 2966 1406 3015 Wurm.
1438 2962 1527 3027 (de

436 3034 639 3100 poudd.
685 3049 887 3084 numm.
931 3034 1169 3084 rationn.
1218 3037 1323 3082 etc.
1364 3048 1418 3095 p.
1458 3031 1527 3081 49

438 3104 609 3168 not.)‚
649 3106 762 3151 tum
801 3117 867 3152 ex
904 3102 1073 3152 Attici
1117 3101 1270 3166 pedis
1310 3101 1527 3152 talenti-

440 3188 545 3236 que
598 3170 1000 3235 magnitudine,
1058 3175 1172 3220 tum
1221 3186 1285 3220 ex
1332 3185 1398 3221 ea
1450 3170 1527 3220 le-

439 3242 651 3300 ctione,
700 3255 840 3306 quae
887 3237 980 3303 214
1024 3239 1351 3289 talentorum
1399 3255 1529 3303 pon-

439 3311 540 3361 dus
585 3310 777 3360 tribuit
817 3314 1051 3374 quatuor
1085 3308 1353 3371 prioribus
1399 3324 1528 3373 qua-

439 3380 820 3442 dratis,redire
842 3379 1000 3429 nobie
1020 3378 1304 3437 talentum,
1319 3394 1384 3427 ex
1406 3378 1528 3427 istis

441 3450 560 3500 auri
619 3449 854 3514 purioris
908 3448 1188 3513 quadratis
1251 3451 1528 3512 computa-

439 3526 553 3570 tum
594 3538 666 3563 2:
704 3519 806 3569 130
846 3517 1019 3568 librae
1051 3518 1361 3577 Parisinae‚
1399 3533 1529 3582 qua-

436 3590 503 3639 lis
542 3589 794 3653 ponderis
832 3587 1037 3638 nullum
1065 3586 1211 3652 apud
1231 3587 1525 3651 scriptores

436 3660 691 3723 antiquos
709 3658 1012 3722 reperiatur
1030 3657 1317 3707 talentum!
1344 3658 1525 3719 Quare

436 3727 526 3777 vel
557 3728 613 3776 in
650 3727 886 3777 numeris
923 3732 1206 3791 peccatum
1238 3742 1360 3777 eene
1396 3742 1430 3776 a
1461 3725 1527 3774 li-

436 3797 659 3858 brariis,
694 3796 781 3846 vel
830 3795 897 3845 de
940 3796 1133 3845 talenti
1179 3796 1527 3860 palaestaeve

439 3879 637 3926 genere
677 3865 908 3929 quodam
944 3864 1103 3913 nobis
1153 3865 1342 3930 ignoto
1377 3864 1526 3929 loqui

437 3932 776 3984 Herodotum
840 3933 1139 3982 existimat.
1210 3931 1346 3982 Mihi
1398 3948 1527 3982 neu·

439 4008 580 4053 trum
609 4001 821 4066 placet..
849 4000 958 4051 Sed
993 4000 1240 4063 afferam,
1280 4016 1422 4066 quae
1460 4002 1527 4050 de

437 4071 524 4122 his
576 4071 862 4121 constituit
905 4071 973 4120 R.
1021 4070 1225 4121 Jacobs
1270 4070 1327 4119 in
1375 4070 1524 4120 Dias.

440 4141 509 4190 de
562 4140 827 4190 mensuris
885 4138 1150 4188 Herodoti
1209 4153 1262 4201 p.
1318 4138 1352 4188 8
1408 4154 1525 4202 seq.

441 4211 549 4272 Qui
576 4208 643 4260 de
676 4207 1011 4273 Babylonico
1049 4206 1255 4257 talento
1295 4204 1384 4269 (de
1419 4223 1527 4270 quo

442 4279 516 4329 cf.
562 4276 801 4329 Boeckh.
858 4276 1146 4339 Metrolog.
1195 4276 1525 4327 Untersuch.

440 4365 494 4414 p.
532 4351 601 4398 45)
647 4345 829 4412 seqq.)
872 4345 963 4396 hic
1012 4345 1361 4411 cogitandum
1406 4361 1533 4395 esee

441 4421 593 4470 ratus
629 4415 840 4484 pondus
868 4412 962 4483 2¹75
979 4414 1334 4480 talentorum,
1381 4414 1528 4482 quod

1625 741 1826 803 singuli
1860 739 2065 789 habent
2099 735 2435 787 semilateres
2470 736 2590 785 auri
2626 734 2716 784 de·

1626 811 1798 871 cocti,
1849 824 2084 873 aequare
2135 806 2217 856 ait
2271 806 2392 865 233,
2443 805 2544 856 372
2588 804 2711 854 libr.

1623 883 1848 931 Borusa.
1871 877 2288 944 specificumque
2299 882 2363 926 ut
2376 875 2563 925 dicunt
2585 890 2716 938 pon-

1603 950 1724 999 ·dus
1760 949 1919 999 huius
1958 947 2076 998 auri
2110 947 2236 996 inde
2266 944 2489 996 deducit
2521 964 2593 991 :z
2631 944 2715 1004 13,

1624 1019 1747 1071 266.
1812 1021 2002 1083 Neque
2056 1031 2188 1066 vero
2250 1015 2469 1066 omnino
2524 1029 2716 1078 purum

1628 1090 1799 1139 fuisse
1831 1090 1934 1138 hoc
1970 1102 2164 1136 aurum
2212 1090 2428 1145 censet,
2477 1084 2573 1133 sed
2621 1084 2717 1133 ad-

1631 1160 1853 1208 mixtam
1911 1157 2084 1206 fuisse
2162 1156 2420 1205 maiorem
2487 1154 2715 1204 aliorum

1629 1227 1971 1279 metallorum
1996 1226 2225 1289 copiam,
2247 1239 2408 1289 quam
2439 1224 2527 1274 vel
2557 1222 2720 1273 hodie

1629 1298 1684 1348 id
1721 1297 1836 1359 fiat,
1877 1297 1994 1346 sive
2032 1310 2257 1359 cuprum
2293 1295 2466 1344 fuisse
2502 1297 2717 1343 statuas

1630 1368 1745 1417 sive
1792 1371 2101 1431 argentum:
2146 1363 2250 1415 hoc
2307 1364 2355 1413 si
2397 1379 2602 1428 ponas,
2664 1363 2720 1411 in

1630 1438 1862 1501 singulis
1886 1434 2286 1486 semilateribns
2311 1449 2497 1498 parem
2523 1437 2578 1483 et
2601 1433 2720 1483 auri

1631 1512 1687 1557 et
1722 1507 1937 1571 argenti
1970 1505 2181 1569 copiam
2219 1504 2563 1559 commixtam
2600 1518 2750 1565 esse,

1632 1576 1924 1635 concludit,
1969 1576 2008 1624 i.
2069 1590 2117 1624 e.
2180 1574 2462 1636 utriusque
2513 1572 2723 1622 metalli

1633 1643 1718 1709 l¹l4
1759 1646 2047 1695 talentum.
2105 1643 2231 1694 Albi
2285 1644 2404 1693 auri
2454 1642 2724 1693 semilate-

1629 1732 1735 1776 res,
1783 1716 1879 1781 qui
1927 1714 2129 1778 singuli
2187 1714 2435 1763 binorum
2492 1712 2724 1762 talento·

1631 1802 1747 1836 rum
1799 1784 2010 1844 pondus
2051 1782 2282 1843 habent,
2332 1787 2573 1846 aequant
2614 1783 2723 1831 sin-

1631 1855 1745 1919 guli
1799 1854 1915 1913 186,
1955 1852 2060 1904 698
2101 1852 2227 1903 libr.
2275 1853 2529 1911 Romaim
2578 1852 2724 1901 unde

1630 1924 1841 1990 pondus
1890 1922 2202 1988 specificum
2246 1922 2428 1987 prodit
2485 1922 2568 1979 10,
2619 1920 2723 1971 313

1634 2010 1809 2059 eaque
1846 1998 1931 2044 est
1966 1993 2084 2042 auri
2134 1997 2188 2042 et
2233 1992 2447 2054 argenti
2498 1992 2576 2056 (si
2620 1990 2725 2041 hec

1634 2064 1848 2114 scilicet
1883 2062 2228 2127 potissimum
2275 2061 2573 2112 admixtum
2608 2076 2726 2110 cre-

1634 2134 1843 2191 damne,
1896 2132 2040 2197 quod
2087 2131 2175 2181 vel
2230 2131 2352 2196 ipsa
2396 2131 2556 2181 huius
2605 2130 2725 2179 auri

1634 2203 2003 2253 denominatio
2030 2201 2258 2251 suadere
2294 2200 2532 2263 videtur)
2560 2200 2721 2260 ratio,

1631 2276 1694 2322 ut
1729 2287 1846 2321 cum
1882 2270 1953 2339 ’15
1987 2271 2179 2321 talent.
2222 2272 2340 2320 auri
2377 2271 2724 2320 coniunctum

1634 2342 1800 2391 suerit
1837 2338 1948 2405 141,
1988 2341 2185 2390 taient.
2229 2340 2461 2403 argenti.
2501 2341 2586 2388 Ex
2619 2339 2724 2388 hac

1632 2412 2035 2473 computatione
2071 2410 2126 2458 in
2165 2414 2398 2474 quatuor
2426 2407 2532 2457 inis
2566 2409 2724 2457 semi-

1631 2479 1894 2529 lateribus
1954 2480 2177 2528 suerunt
2230 2480 2467 2542 quinque
2511 2478 2725 2528 talenta

1630 2568 1702 2598 ..·-.-:
1737 2548 1859 2609 466,
1898 2551 1966 2597 74
2001 2548 2126 2598 libr.
2165 2549 2293 2599 Bor.
2333 2547 2453 2598 auri
2489 2549 2629 2609 puri,
2665 2549 2722 2597 in

1634 2624 1852 2669 centum
1889 2618 2149 2668 tredecim
2186 2618 2409 2681 reliquis
2446 2619 2532 2677 22,
2567 2616 2601 2667 6
2638 2621 2722 2665 ta·

1630 2688 1786 2740 lenta
1810 2707 1880 2733 =
1904 2688 2059 2743 2109.
2094 2687 2163 2737 69
2198 2687 2318 2737 libr.
2345 2688 2493 2747 Bor.,
2533 2688 2722 2751 itaque

1631 2759 1687 2807 in
1727 2757 1973 2809 omnibus
2021 2758 2176 2813 257⁶.
2219 2758 2287 2808 43
2331 2756 2460 2807 libr.
2495 2758 2719 2806 Borues,

1630 2828 1708 2877 Ut
1757 2843 1886 2877 vero
1926 2827 2294 2888 intelligatur,
2342 2830 2551 2889 quauta
2584 2825 2720 2875 haec

1632 2897 1796 2947 fuerit
1844 2897 1962 2946 auri
2008 2897 2196 2959 copia,
2247 2895 2400 2945 addit
2447 2894 2589 2945 idem
2637 2896 2722 2944 vir

1631 2965 1823 3016 doctus
1871 2965 2333 3029 computationem
2391 2980 2456 3014 ex
2519 2980 2587 3014 ea
2636 2980 2720 3013 ra·

1629 3036 1779 3085 tione
1815 3035 2051 3096 ductam,
2073 3050 2182 3097 qua
2208 3034 2264 3083 in
2301 3035 2505 3084 nostrie
2539 3034 2719 3084 numia

1632 3104 1829 3163 aureis,
1869 3105 1961 3168 qui
2005 3119 2038 3154 a
2072 3104 2350 3154 Friderico
2398 3118 2594 3154 nomen
2627 3119 2717 3161 ite-

1629 3178 1774 3229 runt.
1813 3188 2000 3222 aurum
2036 3173 2337 3223 admixtum
2365 3172 2533 3223 habet
2569 3172 2717 3221 aliud

1629 3241 1936 3299 metallum,
1991 3244 2307 3306 invenitque
2353 3243 2466 3303 ·,‚in
2527 3241 2717 3292 Croesi

1630 3311 2029 3361 semilateribus
2091 3317 2303 3362 tantum
2367 3311 2538 3361 fuisse
2598 3311 2718 3360 auri

1629 3382 1782 3445 puri,
1820 3386 2080 3445 quantum
2116 3382 2172 3430 in
2209 3381 2311 3430 lon
2343 3382 2444 3430 772
2481 3379 2719 3445 Frideri-

1629 3451 1708 3500 cis
1742 3450 1982 3500 aurei3.“
2047 3450 2188 3500 Utut
2213 3450 2280 3499 de
2301 3449 2385 3498 his
2418 3450 2634 3507 statuis,
2660 3448 2716 3498 id

1629 3519 1761 3569 mihi
1799 3521 1935 3569 eatis
1959 3525 2163 3570 certum
2199 3519 2432 3575 videtur.
2453 3534 2716 3568 nummam

1628 3589 1717 3639 hic
1740 3589 1860 3639 auri
1879 3590 2202 3653 argentique
2220 3589 2392 3638 fuisse
2417 3589 2545 3648 vim,
2575 3603 2718 3637 enm-

1626 3674 1853 3723 maeque
1897 3659 2085 3709 Croesi
2143 3674 2209 3707 ac
2259 3658 2535 3721 Lydorum
2582 3658 2718 3706 divi-

1628 3729 1754 3785 tiae,
1793 3732 1854 3778 ut
1906 3729 1962 3777 in
2008 3728 2348 3788 proverbium
2391 3727 2518 3776 illas
2564 3727 2718 3777 abire

1628 3798 1876 3857 potuisse
1893 3797 2110 3849 minime
2140 3798 2213 3846 sit
2240 3798 2450 3847 mirum.
2489 3796 2562 3845 Hi
2586 3811 2716 3845 vero

1628 3867 1831 3916 lateres
1879 3867 2078 3927 integ-ri
2123 3869 2395 3916 steterunt
2437 3880 2610 3924 usque
2647 3865 2717 3914 ad

1629 3935 1828 3985 bellum
1880 3936 2014 3985 illud
2071 3936 2432 3986 Phoceneium
2498 3934 2713 3998 Olymp.

1631 4004 1836 4055 CVIII.
1883 4010 2123 4066 testum:
2172 4010 2288 4054 tum
2333 4004 2474 4055 enim
2521 4018 2716 4053 aureos

1625 4074 1829 4124 lateres
1867 4080 2082 4124 centum
2127 4074 2324 4139 viginti
2357 4074 2606 4123 binorum
2635 4079 2719 4123 ta-

1628 4142 1896 4193 lentorum
1952 4143 2190 4208 pondere
2249 4158 2282 4193 a
2340 4142 2714 4193 Phocensibus

1630 4211 1844 4263 ablatos
1889 4217 1945 4263 et
1989 4212 2058 4263 ad
2105 4218 2354 4263 monetae
2393 4227 2551 4262 usum
2589 4228 2716 4261 con·

1631 4281 1790 4332 flatos
1848 4297 1970 4332 eane
2023 4283 2214 4333 scribit
2246 4281 2521 4332 Diodorus
2563 4281 2713 4341 XVI,

1629 4349 1718 4401 56.
1776 4352 2036 4416 additque
2087 4352 2229 4401 idem
2283 4351 2551 4401 accidisse
2607 4355 2716 4400 tre-

1631 4421 1803 4471 centis
1831 4421 2119 4487 sexaginta
2135 4419 2334 4486 phialis
2362 4420 2559 4484 aureis,
2573 4434 2718 4486 quae
