3109 5092
614 337 1164 401 EXOURSUS
1209 338 1368 403 VIII
1409 337 1541 398 AD
1588 334 2096 398 HERODOT.
2142 337 2235 412 11,
2278 347 2368 400 85.
2510 333 2627 397 861

1047 757 1691 838 EXOURSUS
1746 759 1941 836 VIII

815 927 988 992 AD
1077 927 1796 994 HERODOT.
1885 928 1978 1012 11,
2067 930 2172 993 85.

528 1261 613 1313 De
645 1268 969 1329 argumento
1001 1262 1164 1315 huius
1186 1263 1382 1332 capitis
1414 1269 1470 1315 et
1501 1264 1853 1332 sequentium
1881 1262 1960 1315 ita
1991 1262 2259 1315 disseruit
2280 1262 2546 1314 Creuzer.
2578 1259 2635 1312 in

361 1347 686 1398 Commentt.
711 1346 957 1399 Herodd.
982 1365 1038 1417 p.
1061 1351 1130 1406 14
1150 1366 1307 1418 seqq.
1381 1349 1608 1413 „Fidem
1634 1348 1893 1403 Herodoti
1931 1347 2405 1415 auctoritatemque
2443 1345 2543 1397 hoc
2575 1345 2633 1397 iu

359 1430 478 1483 loco
510 1430 589 1481 ita
619 1430 815 1482 definit
834 1430 1092 1498 Heynius
1115 1433 1172 1484 in
1197 1431 1387 1501 spicil.
1414 1438 1529 1484 ant.
1560 1449 1721 1485 mum.
1751 1451 1807 1502 p.
1832 1436 1930 1502 78,
1970 1440 2032 1485 ut·
2060 1431 2168 1484 alia
2202 1448 2327 1484 eum
2348 1429 2495 1497 visu,
2530 1428 2637 1482 alia

360 1520 586 1567 narratu
635 1514 918 1585 accepisse
964 1515 1129 1568 dicat.
1199 1517 1376 1580 Quem
1423 1517 1706 1570 iudicandi
1747 1518 1964 1569 modum
2001 1516 2217 1570 excedit
2252 1514 2537 1569 Beckerus
2575 1514 2634 1565 in

357 1600 598 1667 August.
625 1600 671 1651 Ι.
707 1619 762 1670 p.
789 1603 823 1657 6
846 1617 963 1669 seq.
981 1640 996 1669 ‚
1050 1617 1171 1653 cum
1194 1602 1534 1654 Herodotum
1556 1603 1971 1673 Diodorumque
2006 1609 2173 1671 negat
2195 1600 2321 1670 plus
2363 1600 2506 1651 scire
2539 1617 2635 1670 po-

355 1685 543 1747 tm'sse,
584 1700 745 1753 quam
781 1683 933 1752 vulgi
976 1703 1070 1737 ore
1109 1686 1372 1739 ferretur.
1433 1686 1495 1737 In
1538 1703 1648 1756 qua
1682 1686 1908 1739 levitate
1942 1687 2110 1739 miror
2143 1686 2302 1738 etiam
2334 1684 2634 1750 Royerium

359 1767 695 1837 deprehendi
728 1768 784 1820 in
815 1769 1093 1839 Descript.
1140 1770 1207 1822 de
1229 1771 1492 1839 l'Egypte
1525 1775 1679 1824 mem.
1722 1769 1791 1823 Χ.
1828 1788 1884 1839 p.
1921 1775 2044 1830 208.
2118 1770 2229 1822 Sed
2266 1769 2409 1821 idem
2451 1774 2632 1820 tamen

357 1852 637 1922 aliquanto
668 1854 882 1905 cautior
918 1854 1196 1922 reperitur
1224 1854 1397 1906 altero
1427 1852 1545 1907 loco
1581 1873 1637 1924 p.
1674 1860 1798 1914 211.
1879 1856 2077 1925 Neque
2109 1860 2290 1906 tamen
2340 1853 2463 1923 ipse
2500 1852 2633 1904 Blu-

357 1937 708 1990 menbachius
743 1938 800 1989 in
830 1938 1095 2005 symbolis
1128 1938 1440 1992 vernaculis
1466 1940 1534 1991 ad
1560 1939 1753 1992 histor.
1787 1945 1972 1992 natur.
2005 1939 2081 1991 II.
2118 1958 2173 2008 p.
2207 1944 2305 1997 121
2343 1937 2430 1989 ed.
2474 1936 2631 1990 alter.

361 2039 471 2074 non
518 2030 748 2075 conatus
791 2027 878 2075 est
907 2025 1305 2093 pronuntiare,
1356 2041 1496 2093 quae
1541 2024 1754 2076 utervis
1797 2040 1980 2076 rerum
2025 2023 2265 2093 scriptor
2306 2021 2375 2074 de
2419 2021 2633 2073 mumiis

358 2106 568 2173 tradat,
621 2107 753 2159 haec
788 2125 884 2160 eos
924 2126 1032 2161 non
1067 2114 1177 2161 tam
1213 2109 1335 2162 suis
1367 2108 1546 2178 ipsius
1586 2108 1763 2161 oculis
1800 2125 2139 2178 usurpasse,
2192 2124 2351 2176 quam
2385 2125 2451 2159 ex
2497 2106 2632 2159 alio-

359 2207 479 2243 rum
515 2192 927 2245 narrationibus
963 2193 1239 2247 hausisse.
1307 2194 1578 2246 Nimirum
1611 2192 1690 2245 illi
1724 2193 1831 2246 viri
1875 2193 2022 2246 docti
2067 2192 2329 2246 iudicium
2365 2208 2524 2245 suum
2564 2191 2633 2244 de

360 2275 552 2327 horum
587 2277 921 2345 scriptorum
957 2277 1065 2330 fide
1094 2295 1429 2349 suspensum
1462 2280 1740 2347 fecerant,
1784 2278 1873 2331 vel
1902 2278 2092 2347 potius
2119 2279 2303 2331 facere
2338 2277 2628 2344 debebant,

360 2361 427 2412 ab
472 2378 656 2414 earum
694 2361 1010 2414 mumiarum
1045 2364 1287 2430 ratione,
1342 2363 1533 2433 quales
1569 2363 1839 2433 hodieque
1875 2380 1974 2433 per
2006 2363 2265 2433 Europae
2298 2379 2488 2415 musea
2514 2379 2631 2414 ser-

360 2452 520 2496 vatae
571 2446 946 2515 reperiuntur.
1028 2447 1100 2499 At
1133 2466 1265 2500 vero
1308 2448 1599 2501 advertere
1645 2466 1746 2500 nos
1785 2449 1952 2501 debet
2004 2446 2497 2516 intelligentissimi
2539 2446 2631 2497 Io-

359 2529 528 2581 mardi
550 2530 847 2597 sententia,
878 2548 1039 2600 quam
1066 2531 1160 2584 ille
1185 2533 1547 2601 pronuntiare
1577 2550 1689 2585 non
1721 2533 1937 2585 dubitat
1971 2532 2028 2584 in
2059 2532 2253 2585 Descr.
2290 2532 2357 2583 de
2379 2530 2627 2599 l’Egypt.

361 2613 586 2685 Antiqq.
612 2615 684 2667 ΙΙ.
719 2632 771 2683 p.
798 2619 936 2683 348,
969 2632 1089 2669 cum
1126 2617 1289 2683 dicit,
1336 2624 1462 2668 ante
1493 2617 1895 2685 expeditionem
1921 2615 2408 2685 Francogallorum
2446 2612 2629 2681 Aegy-

359 2698 527 2767 ptiam
565 2699 769 2752 nemini
798 2708 1053 2753 accurate
1084 2702 1357 2769 cognitam
1392 2700 1571 2753 fuisse
1609 2700 2037 2753 condiendorum
2076 2701 2404 2753 cadaverum
2437 2705 2627 2765 artem,

359 2800 500 2852 quae
537 2784 680 2853 apud
722 2791 942 2838 veteres
979 2784 1284 2854 Aegyptios
1325 2784 1597 2838 floruerit.
1673 2786 1750 2837 Et
1779 2802 1974 2838 revera
2004 2785 2274 2855 quidquid
2311 2783 2631 2836 mumiarum

358 2868 676 2938 Europaeis,
705 2870 1013 2922 hominibus
1044 2871 1221 2922 adhuc
1249 2869 1466 2922 obvium
1500 2869 1715 2938 fuerat,
1757 2869 1813 2921 id
1850 2886 2007 2922 omne
2036 2871 2153 2922 fere
2190 2886 2257 2921 ex
2286 2866 2629 2937 Memphitici

358 2953 480 3019 agri
511 2954 715 3006 finibus
743 2954 1123 3024 Saccaraeque
1151 2958 1367 3007 erutum
1390 2955 1592 3007 fuerat.
1651 2953 1863 3007 Contra
1890 2954 2212 3007 Herodotus
2233 2953 2628 3022 Diodorusque

357 3037 663 3092 Thebaidis
710 3039 1012 3092 incolarum
1054 3038 1387 3111 opulentiam
1432 3044 1489 3092 et
1535 3046 1856 3108 apparatum
1900 3039 2127 3093 maxime
2165 3038 2485 3109 respexisse
2525 3054 2628 3107 pu-

355 3122 511 3175 tandi
543 3131 695 3177 sunt.
1007 3130 1029 3145 “

527 3209 657 3261 Non
697 3208 868 3261 maior
903 3210 1242 3263 eruditorum
1285 3208 1558 3262 hominum
1603 3227 1913 3263 consensus
1957 3211 2015 3263 in
2059 3211 2404 3280 explorandis
2441 3210 2632 3275 causis,

356 3312 493 3362 quoe
526 3294 809 3364 Aegyptios
836 3296 1238 3362 commoverint,
1275 3305 1337 3349 ut
1370 3304 1483 3348 tom
1509 3313 1728 3366 operose
1749 3297 2026 3350 condirent
2065 3297 2435 3364 defunctorum
2461 3296 2633 3346 cada-

356 3395 500 3430 vera.
559 3377 702 3428 Nam
735 3377 965 3447 primum
993 3377 1250 3446 Heynius
1273 3377 1310 3430 l.
1335 3377 1372 3430 l.
1410 3397 1465 3447 p.
1490 3384 1560 3439 75
1594 3379 1784 3448 plures
1818 3380 1940 3432 eius
1981 3378 2227 3432 instituti
2266 3393 2462 3429 causas
2493 3392 2629 3427 enu-

357 3467 547 3514 merat.
605 3461 789 3527 Zoega
823 3465 1014 3512 contra
1054 3462 1122 3512 de
1154 3461 1408 3514 obeliscc.
1445 3480 1498 3531 p·
1530 3465 1639 3522 264
1670 3471 1837 3530 negat
1878 3480 2075 3533 operae
2109 3460 2345 3530 pretium
2375 3477 2500 3512 esse
2542 3459 2627 3511 in—

358 3547 579 3616 quirere
617 3545 675 3595 in
707 3543 972 3611 originem
1011 3561 1370 3615 caussamque
1399 3546 1596 3611 moris,
1644 3547 1737 3615 qui
1770 3564 1877 3616 non
1912 3546 2088 3600 solum
2120 3544 2268 3614 apud
2298 3543 2626 3613 Aegyptios,

358 3630 456 3683 sed
482 3629 626 3700 apud
650 3627 949 3699 permultos
978 3646 1078 3699 per
1107 3629 1425 3682 universum
1456 3635 1726 3682 terrarum
1750 3631 1934 3683 orbem
1966 3629 2200 3700 populos
2228 3629 2482 3682 'diffusus
2506 3628 2626 3679 fue-

359 3716 451 3768 rit.
520 3715 634 3785 [Tu
670 3713 814 3779 vide,
853 3729 996 3782 quae
1026 3714 1149 3783 ipse
1181 3731 1296 3766 eam
1331 3713 1386 3766 in
1427 3731 1540 3766 rem
1571 3713 1794 3782 collegit
1826 3719 1883 3767 et
1910 3715 2050 3767 adde
2075 3713 2265 3766 Zachii
2301 3713 2624 3782 Geograph.

356 3798 706 3870 Ephemerid.
734 3803 890 3857 1806.
923 3798 968 3848 I.
1000 3816 1055 3868 p.
1073 3801 1187 3867 54.]
1243 3798 1642 3866 Verumtamen,
1675 3806 1739 3851 ut
1759 3798 1995 3852 Aeneam
2018 3800 2296 3851 Gazaeum
2327 3798 2411 3869 (in
2443 3797 2627 3850 Theo·

356 3887 567 3955 phrast.
601 3903 657 3954 p.
689 3887 761 3942 68
789 3900 908 3951 seq.
943 3883 1029 3935 ed.
1067 3882 1238 3952 Casp.
1270 3882 1493 3950 Barth.)
1526 3890 1762 3951 taceam,
1796 3885 1865 3936 ad
1893 3884 2192 3953 religiones
2226 3882 2628 3951 Aegyptiorum

357 3970 480 4039 ipse
512 3987 614 4022 nos
647 3968 880 4021 advocat
910 3967 1174 4022 historiae
1204 3972 1364 4037 pater
1395 3967 1511 4035 111,
1546 3972 1641 4036 16,
1691 3986 1811 4021 cum
1849 3987 2029 4040 neque
2069 3969 2200 4039 igne
2249 3966 2458 4020 absumi
2506 3984 2626 4018 cor—

357 4071 520 4122 pora,
566 4071 668 4106 nec
710 4052 986 4105 vermibus
1029 4053 1228 4105 confici
1275 4070 1372 4105 eos
1414 4051 1662 4106 voluisse
1698 4060 1986 4124 memoret,
2034 4059 2091 4107 et
2118 4054 2292 4121 magis
2334 4052 2495 4106 etiam
2527 4050 2629 4103 hoc

357 4138 480 4206 ipso
510 4138 708 4208 capite,
747 4137 840 4190 ubi
869 4154 1084 4190 sacrum
1114 4136 1463 4191 simulacrum
1491 4154 1524 4190 a
1554 4137 1879 4192 cadaverum
1910 4139 2289 4193 conditoribus
2318 4155 2421 4208 pro
2451 4151 2630 4189 exem-

495 4353 549 4419 *)
587 4355 695 4405 Sed
729 4353 840 4405 vid.
876 4370 1014 4421 quae
1052 4357 1108 4407 in
1145 4360 1278 4407 nota
1315 4354 1387 4406 ad
1424 4353 1476 4407 h.
1509 4355 1545 4406 l.
1587 4354 1761 4406 allata
1799 4358 1944 4419 sunt,
1984 4359 2038 4407 et
2066 4370 2211 4421 quae
2247 4356 2303 4404 in
2327 4353 2431 4404 fine
2464 4351 2627 4403 huius

350 4425 632 4476 Excursus
668 4425 935 4475 dicentur.
