3109 5092
404 368 508 451 ss
1257 357 1836 455 ‘HERODOTI

336 577 405 636 11
428 574 554 654 λην
581 569 793 656 φέρει.
868 566 1026 637 Τότε
1053 567 1179 656 μὲν
1207 565 1291 656 δὴ
1317 563 1528 654 οὕτω,
1560 563 1766 638 οὐδὲν
1797 564 2185 654 δηλώσασα,
2217 560 2505 654 ἡσυχίην
2538 563 2672 652 εἶχε
2690 583 2705 595 ·

428 667 519 751 ὥς
549 671 625 739 δὲ
656 667 868 760 ἡμέρη
898 670 1171 759 τάχιστα
1194 671 1532 759 ἐγεγόνεε,
1565 676 1703 740 τῶν
1725 672 2042 740 οἰκετέων
2068 664 2225 749 τούς
2251 668 2539 757 μάλιστα
2568 663 2709 755 ὥρα

426 772 702 855 πιστούς
737 774 968 855 ἐόντας
1005 776 1260 864 ἑωυτῇ,
1308 777 1611 864 ἑτοίμους
1648 777 2095 863 ποιησαμένη,
2140 768 2371 842 ἐκάλεε
2412 769 2530 842 τὸν
2570 770 2704 841 Γύ-

425 906 566 966 γεα.
644 875 716 946 Ὁ
744 878 819 947 δὲ·
854 875 1060 947 οὐδὲν
1099 882 1357 949 δοκέων
1389 876 1606 967 αὐτὴν
1637 883 1776 949 τῶν
1808 878 2254 967 πρηχθέντων
2283 873 2708 960 ἐπίστασθαι,

424 974 597 1072 ἦλθε
641 979 1077 1070 καλεόμενος·
1151 981 1366 1053 ἐώθεε
1415 981 1545 1075 γὰρ
1595 984 1707 1053 καὶ
1752 979 2050 1071 πρόσθε,
2104 975 2275 1060 ὅκως
2314 975 2354 1068 ἡ
2402 985 2711 1068 βασίλεια

426 1087 686 1173 καλέοι,
725 1090 991 1174 φοιτᾶνξ
1050 1081 1139 1166 ὥς
1174 1087 1248 1156 δὲ
1285 1083 1321 1156 ὁ
1349 1086 1575 1175 Γύγης
1609 1083 1923 1170 ἀπίκετο,
1973 1090 2162 1170 ἔλεγε
2207 1078 2247 1171 ἡ
2293 1082 2469 1171 γυνὴ
2512 1082 2706 1152 τάδε·

426 1195 633 1277 ,,Νὖν
666 1217 768 1259 τοι
806 1195 995 1260 δυῶν
1028 1191 1495 1280 παρεουσέων,
1527 1190 1749 1279 Γύγη,
1790 1195 2035 1277 δίδωμι
2061 1192 2355 1276 αἵρεσιν,
2387 1182 2710 1276 ὁκοτέρην

426 1292 749 1381 ,,βούλεαι
784 1296 1196 1382 τραπέσθαι·
1273 1288 1314 1382 ἢ
1360 1292 1487 1385 γὰρ
1531 1294 1941 1365 Κανδαύλεα
1989 1289 2418 1375 ἀποκτείνας,
2478 1286 2599 1379 ἐμέ
2636 1318 2709 1359 τε

427 1399 587 1482 ,,καὶ
621 1394 746 1484 τὴν
783 1403 1145 1486 βασιληΐην
1178 1403 1285 1485 ἔχε
1325 1395 1451 1487 τὴν
1483 1402 1769 1483 Λυδῶν,
1810 1392 1852 1486 ἢ
1894 1392 2103 1465 αὐτὸν
2143 1395 2219 1464 σὲ
2255 1391 2498 1463 αὐτίκα
2532 1390 2708 1463 οὕτω

427 1497 941 1588 ,,ἆποθνη’σκειν
982 1505 1118 1569 δεῖ·
1180 1496 1270 1580 ὥς
1308 1496 1395 1571 ἂν
1427 1498 1558 1592 μὴ,
1618 1500 1837 1570 πάντα
1882 1498 2285 1587 πευθόμενος
2314 1496 2707 1586 Κανδαύλῃ,

427 1608 593 1689 ,,τοῦ
623 1608 865 1673 λοιποῦ
893 1609 1078 1692 ἴδῃς,
1115 1602 1199 1673 τὰ
1226 1604 1319 1694 μή
1351 1626 1426 1674 σε
1460 1611 1584 1674 δεῖ.
1641 1602 1791 1674 ἀλλ’
1824 1601 1968 1695 ἤτοι
1998 1601 2227 1672 κεῖνόν
2253 1629 2330 1689 γε
2358 1600 2475 1672 τὸν
2501 1605 2711 1670 ταῦτα

423 1807 487 1856 21
531 1804 620 1870 (ex
657 1807 879 1856 Homer.
927 1805 1086 1856 Iliad.
1124 1807 1302 1869 XXII,
1333 1807 1401 1858 66
1426 1821 1513 1859 ex-

424 1876 652 1942 press.)‚
700 1877 795 1927 ubi
844 1876 957 1926 vid.
1013 1877 1194 1927 Klotz.
1244 1894 1297 1942 p.
1336 1880 1404 1929 22
1459 1882 1514 1927 et

422 1946 769 2011 Xenophont.
818 1946 876 1995 in
920 1947 1218 1997 Memorab.
1268 1947 1373 2011 ΙΙΙ,
1427 1948 1512 1999 ll.

423 2017 509 2066 De
545 2016 716 2081 Lydis
752 2015 895 2066 idem
943 2017 1179 2067 conferri
1226 2017 1345 2067 vult
1388 2018 1515 2067 Phi-

422 2085 579 2136 lostr.
620 2087 811 2136 Iconn.
848 2087 895 2147 Ι,
927 2086 997 2137 30
1035 2084 1110 2150 (p.
1141 2086 1245 2137 808
1281 2086 1512 2153 Olear.)‚

424 2171 531 2220 quo
578 2154 700 2205 loco
746 2156 920 2204 utitur
966 2156 1404 2208 Winckelmann.
1444 2156 1513 2207 ad

422 2224 664 2274 velatum
724 2223 979 2273 Herculis
1032 2230 1198 2289 caput
1244 2226 1516 2291 explican-

423 2295 551 2344 dum
589 2294 730 2358 Opp.
770 2294 867 2344 IV.
895 2309 948 2357 p.
982 2292 1100 2345 192.
1137 2296 1264 2345 VH.
1298 2313 1355 2363 p.
1395 2296 1514 2347 134.

424 2363 635 2415 Addam
690 2363 757 2413 de
801 2363 1015 2424 Persia,
1070 2379 1206 2428 quos
1248 2381 1519 2430 quamque

423 2434 645 2484 humani
671 2434 915 2497 corporis
940 2432 1312 2495 nudationem,
1338 2437 1517 2500 capite

426 2508 673 2568 excepto,
709 2503 1080 2567 turpissimam
1123 2503 1381 2555 habuisse
1425 2521 1520 2556 no-

424 2578 566 2624 tant.
601 2573 727 2624 Vid.
766 2573 1019 2639 Mongez.
1067 2574 1124 2623 in
1159 2572 1406 2626 Memoir.
1451 2574 1519 2625 de

422 2644 652 2694 l'Instit.
691 2643 900 2693 nation.
941 2645 1008 2693 T.
1047 2644 1093 2695 1.
1120 2660 1174 2709 p.
1218 2645 1300 2696 13.

829 2815 961 2867 Cu.
999 2817 1099 2867 XI.

494 2916 609 2967 τῶν
648 2915 915 2969 οἰκετέων
949 2913 1084 2978 τοὺς
1117 2911 1359 2985 μάλιστα
1392 2906 1515 2982 αῗρα

426 2979 666 3045 πιστοὺς
721 2982 920 3045 ἔοντας
952 2977 1165 3055 ’ἓὼυτῇ
1216 3004 1270 3037 κ.
1328 3005 1375 3037 τ.
1437 2987 1512 3055 λ.]

425 3058 720 3122 Comparat
765 3059 864 3112 Cr.
917 3074 1037 3109 cum
1093 3059 1179 3109 his
1228 3075 1319 3121 ea,
1377 3072 1516 3122 quae

426 3126 779 3178 inveniuntur
815 3129 1018 3178 similia
1045 3130 1103 3178 in
1133 3129 1371 3179 carmine
1406 3129 1515 3191 epi-

425 3214 508 3260 οο,
548 3198 636 3247 cui
670 3213 866 3248 nomen
914 3198 1277 3262 Nibelungen,
1322 3213 1406 3248 nr.
1446 3197 1515 3249 29

424 3283 506 3317 vs.
548 3267 645 3317 701
685 3284 739 3331 p.
783 3267 899 3317 182.
963 3267 1029 3318 In
1072 3269 1315 3332 proxime
1365 3271 1516 3316 ante·

424 3336 742 3388 cedentibus
778 3336 848 3387 ad
893 3336 1222 3387 locutionem
1268 3326 1517 3401 ἡσυχίην

423 3399 558 3472 εἶχε,
579 3406 675 3456 ubi
698 3406 964 3457 articulus
1002 3407 1176 3467 abest,
1200 3406 1346 3456 conf.
1375 3420 1514 3470 quae

424 3475 625 3527 similia
658 3475 805 3527 haud
842 3490 1019 3541 pauca
1051 3475 1279 3541 protulit
1317 3476 1515 3553 Str-uve

426 3545 710 3611 Opuscull.
752 3546 828 3596 11.
869 3562 921 3610 p.
956 3545 1073 3597 108.
1112 3547 1367 3597 Formam
1395 3559 1516 3608 ωρα

423 3616 478 3668 h.
514 3616 550 3665 l.
592 3616 812 3680 optimis
847 3615 1003 3666 libris
1041 3618 1355 3681 probatam,
1392 3629 1514 3665 cum

425 3684 519 3735 alii
557 3685 759 3735 ferrent
796 3674 962 3747 ἕοόρα,
1000 3686 1097 3736 alii
1131 3675 1267 3750 ὅρα,
1313 3684 1515 3735 retinui

425 3770 545 3804 cum
581 3759 812 3804 recentt.
842 3753 964 3805 edd.
998 3756 1168 3806 Plura
1188 3756 1421 3806 BredoV.
1456 3771 1509 3819 p.

423 3823 555 3884 313,
594 3838 714 3871 cum
751 3838 856 3888 quo
895 3823 1083 3873 eodem
1106 3825 1225 3875 viro
1264 3825 1426 3874 docto
1455 3839 1509 3887 p.

424 3892 529 3945 320
561 3892 829 3941 intactum
875 3891 1071 3958 reliqui
1109 3883 1309 3954 ἐώθεε,
1360 3893 1513 3942 cuius

422 3963 544 4013 loco
569 3961 845 4011 Sancroft.
884 3960 1055 4011 codex
1076 3954 1244 4023 ἔωθε,
1275 3962 1514 4026 itemque

426 4030 503 4096 (p.
542 4030 666 4095 372)
707 4021 1071 4094 καλεόμενος,
1120 4029 1214 4080 ubi
1257 4030 1512 4080 Dindorf.

428 4107 485 4152 et
513 4100 760 4151 Dietsch.
798 4091 1156 4164 καλεύμενος.

503 4159 651 4227 ὅκως
712 4160 748 4234 ἡ
804 4165 1059 4235 βασίλεια
1112 4165 1322 4234 καλέοι]
1372 4168 1409 4217 ἰ.
1462 4183 1510 4217 e.

426 4242 662 4306 ‚quoties
724 4242 903 4304 regina
973 4236 1238 4317 vocargtf‘
1306 4237 1513 4287 Eodem

424 4309 585 4360 modo
621 4309 765 4360 infra
799 4308 904 4371 111,
955 4309 1074 4359 125.
1123 4321 1270 4362 οκως
1315 4296 1429 4355 ὕοι.
1466 4308 1512 4368 1,

428 4379 514 4431 16.
558 4379 676 4430 100.
729 4378 847 4429 162.
925 4379 1012 4427 Tu
1056 4376 1168 4427 vid.
1215 4376 1512 4427 Hermann.

350 4502 365 4509 ,
427 4449 499 4500 ad
526 4448 714 4514 Viget.
750 4463 806 4514 p.
844 4446 948 4499 909
987 4451 1044 4499 et
1075 4462 1235 4514 quem
1268 4447 1362 4498 Gr.
1402 4445 1517 4497 lau-

1620 1806 1718 1857 dat
1751 1807 1970 1857 Dissen.
2010 1805 2326 1870 Disquisitt.
2377 1803 2528 1869 phill.
2567 1804 2613 1854 Ι.
2652 1820 2707 1869 p.

1620 1877 1705 1927 25.
1743 1877 1873 1927 Mox
1910 1877 2034 1928 dedi
2071 1872 2228 1925 δυῶν
2263 1890 2361 1940 pro
2397 1870 2586 1925 δυοῖν.
2634 1874 2708 1924 cf.

1620 1946 1690 1997 ad
1726 1947 1754 1996 1
1810 1949 1900 1998 14.

1689 2005 1731 2080 ἧ
1758 1985 1953 2065 ἀὐτὸν
1996 2007 2054 2064 σὲ
2104 2003 2311 2062 αὐτίκα
2370 1999 2520 2061 οὕτω
2568 2001 2710 2060 ἀπο-

1620 2077 1903 2150 θνήσκειν
1950 2082 2063 2150 δεῖ]
2111 2074 2292 2133 αὐτὸν
2343 2074 2403 2131 σὲ
2453 2078 2571 2145 (pro
2608 2073 2709 2130 αι’·-

1620 2147 1741 2205 τόν
1801 2154 1894 2221 σε)
1964 2170 2086 2205 cum
2121 2152 2346 2213 'Schw.‚
2406 2151 2581 2201 Gaisf.
2605 2153 2710 2229 net

1620 2225 1817 2275 Matth.
1867 2226 2131 2275 dedimus,
2190 2223 2255 2272 In
2310 2220 2508 2272 vocula
2561 2234 2709 2269 ουτω

1619 2295 1851 2359 insignis
1886 2293 2154 2359 quaedam
2187 2293 2273 2341 vis
2319 2293 2465 2341 inest
2514 2290 2583 2340 ad
2621 2290 2709 2340 de-

1621 2365 1972 2428 scriptionem
2020 2368 2178 2427 apta‚
2221 2366 2285 2411 ut
2332 2361 2505 2426 digito
2553 2359 2710 2425 quasi

1620 2440 1930 2484 monstrans
1960 2433 2098 2483 haec
2135 2433 2371 2483 edixisse
2406 2430 2595 2495 reg-ina
2630 2430 2710 2478 vi-

1624 2504 1841 2554 deatur:
1877 2505 1970 2563 ita,
2020 2510 2119 2565 „ut
2153 2501 2365 2551 scilicet
2411 2499 2562 2549 illum
2605 2497 2708 2563 (re-

1623 2572 1767 2639 gem)
1800 2589 1945 2623 nnnc
1988 2573 2127 2623 mori
2175 2570 2450 2636 oportet.“
2520 2570 2710 2635 Neque

1619 2643 1761 2693 enim
1798 2642 1935 2693 haec
1977 2643 2059 2693 ita
2110 2642 2314 2691 dixisse
2362 2640 2607 2699 videtur,
2647 2643 2710 2689 ut

1618 2712 1887 2763 satellites
1935 2710 2097 2762 simul
2153 2711 2326 2777 digito
2372 2709 2709 2769 monstrarit,

1618 2783 1689 2833 ad
1736 2781 2170 2833 obtruncandum
2213 2783 2456 2845 paratos.
2523 2778 2710 2829 Simile

1618 2853 2031 2903 Ciceronianam
2095 2851 2231 2901 illud
2287 2866 2353 2900 ex
2413 2853 2552 2901 orat.
2611 2864 2707 2912 pro

1615 2923 1781 2973 Rosc.
1806 2922 1925 2972 Am.
1958 2922 2026 2972 26
2045 2960 2058 2985 ,
2085 2922 2147 2971 71
2185 2936 2331 2984 „non
2361 2921 2436 2969 εἰσ
2455 2918 2629 2968 nudos
2653 2918 2706 2966 in

1616 2994 1813 3042 flumen
1851 2990 2176 3056 proiicere‚“
2210 2988 2460 3039 laudavit
2486 2987 2707 3067 Matth„

1621 3061 1838 3126 aliaque
1876 3062 1992 3111 eius
2020 3059 2258 3126 generiS‚
2287 3059 2381 3109 ubi
2416 3058 2488 3108 sit
2527 3071 2710 3112 ουτως

1619 3134 1890 3180 nostrum:
1928 3130 2094 3193 „ohne
2127 3132 2384 3186 meiteres,
2427 3127 2551 3178 olene
2595 3127 2708 3177 Um-

1616 3198 1861 3251 stdnde.“
1905 3228 1976 3238 -—
2019 3200 2306 3250 Caeterum
2342 3213 2451 3247 non
2486 3210 2708 3261 prorsus

1619 3269 1907 3319 dissimilia
1941 3271 1998 3319 in
2016 3266 2502 3332 Longobardorum
2536 3266 2707 3316 histo-

1617 3339 1701 3388 ria
1736 3338 1802 3389 de
1838 3338 2188 3389 Rosamunda
2218 3341 2528 3398 narrantur,
2567 3350 2707 3400 quae

1617 3407 1976 3458 Helmichidis
2031 3423 2198 3472 opera
2254 3406 2501 3456 adbibita
2549 3404 2707 3455 mari-

1616 3482 1732 3527 tum
1767 3494 1950 3543 regem
1986 3476 2278 3527 Albuinum
2313 3475 2556 3526 sustulit.
2620 3473 2704 3523 Cf.

1615 3548 1710 3597 Fr.
1748 3547 1871 3597 Chr.
1910 3547 2210 3597 Sehlosser.
2255 3544 2591 3610 Weltgesch.
2628 3544 2704 3605 ΙΙ,

1619 3617 1669 3667 1.
1706 3632 1760 3680 p.
1810 3617 1878 3667 82
1925 3617 2059 3681 ibiq.
2103 3615 2250 3666 laud.
2301 3614 2544 3665 Eandem
2589 3629 2701 3664 rem

1617 3686 1806 3749 attigit
1843 3686 2057 3737 Gibbon
2094 3686 2150 3734 in
2195 3685 2328 3734 hist.
2375 3685 2533 3735 Rom.
2580 3698 2701 3747 cap.

1616 3756 1765 3806 XLV
1802 3752 1890 3815 (T.
1924 3756 1992 3806 X.
2025 3771 2077 3821 p.
2100 3755 2203 3806 369
2238 3770 2381 3804 vers.
2415 3751 2702 3818 germem).

1691 3814 1767 3882 ὥς
1800 3820 1875 3874 ἄν
1906 3817 2074 3888 μὴ-
2098 3819 2220 3873 τοῦ
2255 3820 2508 3871 λοιποῦ
2549 3820 2700 3886 ἴδῃς]

1616 3890 1720 3943 τοῦ
1775 3892 1986 3943 λοιποῦ
2041 3894 2208 3960 probe
2260 3891 2703 3955 distinguendum

1618 3977 1652 4011 a
1685 3953 1749 4010 τὸ
1791 3954 2013 4012 λοιπόν.
2049 3962 2057 3969 ’
2087 3964 2210 4012 Hoc
2244 3961 2456 4011 indicat
2490 3967 2705 4026 tempus

1617 4032 1932 4082 continuum
1969 4037 2024 4083 et
2060 4036 2409 4097 perpetuum,
2447 4030 2583 4080 illud
2625 4047 2705 4080 re-

1616 4101 1938 4164 petitionem
1996 4102 2239 4152 eiusdem
2299 4100 2433 4150 facti
2494 4099 2704 4164 reliquo

1615 4175 1874 4234 tempore.
1912 4173 2116 4222 Docuit
2160 4172 2459 4222 Hermann.
2511 4169 2582 4219 ad
2615 4169 2705 4216 vi-

1616 4255 1729 4357 get.
1759 4239 1826 4291 de
1848 4241 2107 4292 idiotism.
2137 4257 2266 4307 pag.
2293 4239 2413 4302 706,
2440 4239 2495 4289 h.
2518 4238 2556 4289 l.
2592 4236 2706 4287 lau-

1654 4314 1766 4360 ate.

1685 4368 1807 4427 ἆλλ’
1855 4367 1982 4442 ἤτοι
2033 4364 2229 4426 κεῖνόν
2273 4387 2332 4438 γε
2382 4362 2482 4422 τὸν
2529 4368 2707 4420 ταῦτα

1619 4438 2004 4513 βουλεύσαντα
2053 4460 2106 4495 τι.
2152 4460 2201 4495 τ.
2248 4442 2322 4508 λ.]
2386 4442 2609 4505 κεῖνον,
2658 4438 2704 4488 si
