3109 5092
1296 413 1548 478 OLIO.
1593 417 1645 476 Ι.
1677 394 1780 481 ⁰59.

2543 412 2661 474 123

387 574 625 659 ναίων.
688 581 1111 674 Ἱπποκράτεϊ
1133 585 1261 675 γὰρ
1289 587 1461 659 ἐόντι
1491 587 1727 678 ἰδιώτῃ
1757 591 1868 657 καὶ
1897 592 2264 677 θεωρέοντι
2303 587 2385 657 τὰ
2418 586 2659 674 Ὀλύμ-

388 717 511 762 πια
562 694 759 777 τέρας
800 692 1064 777 ἐγένετο
1104 693 1293 780 μέγα.
1352 692 1690 772 θύσαντος
1739 691 1867 779 γὰρ
1910 690 2121 760 αὐτοῦ
2157 692 2237 761 τὰ
2268 690 2411 780 ίρά,
2455 696 2525 760 οἰ
2553 693 2659 761 λε’-

387 803 587 884 βητες
627 796 1055 877 ἐπεστεῶτες,
1113 796 1223 863 καὶ
1267 801 1486 882 κρεῶν
1537 824 1609 887 τε
1651 794 1869 875 ἐόντες
1916 802 2187 885 ἔμπλεοι
2237 797 2349 863 καὶ
2399 792 2663 879 ὕδατος,

387 897 559 968 ἄνευ
600 896 812 987 πυρὸς
856 903 1086 981 ἔζεσαν
1126 900 1237 967 καὶ
1272 893 1710 987 ὑπερέβαλον.
1783 906 2013 970 Χίλων
2052 897 2127 968 δὲ
2165 894 2200 969 ὁ
2241 898 2658 986 Λακεδαιμό-

388 1029 531 1081 νιος
569 998 971 1091 παρατυχών
1010 1002 1121 1069 καὶ
1149 1001 1566 1090 θεησάμενος
1603 1001 1679 1073 τὸ
1714 1003 1909 1089 τέρας
1945 999 2396 1089 συνεβούλευε
2439 996 2660 1071 Ἱππο-

388 1104 651 1193 κράτεϊ,
694 1109 922 1193 πρῶτα
963 1103 1089 1191 μὲν
1128 1121 1416 1191 γυναῖκα
1453 1103 1852 1175 τεκνοποιὸν
1890 1102 1980 1194 μὴ
2021 1102 2308 1191 ἄγεσθαι
2349 1107 2416 1184 ἐς
2454 1101 2534 1173 τὰ
2563 1111 2660 1173 οἰ-

388 1216 538 1277 κία·
595 1213 655 1276 εἰ
694 1206 769 1276 δὲ
809 1206 1122 1294 τυγχάνει
1165 1213 1369 1295 ἔχων,
1426 1206 1712 1295 δεύτερα
1754 1206 1874 1297 τὴν
1916 1223 2206 1295 γυναῖκα
2264 1209 2659 1293 ἐκπέμπειν·

389 1312 504 1381 καὶ
534 1317 720 1389 εἷτίς
747 1313 818 1378 οἱ
838 1308 1151 1396 τυγχάνει
1193 1308 1323 1380 ἔων
1363 1326 1551 1395 παις,
1591 1316 1832 1380 τοῦτον
1871 1309 2319 1381 ἀπείπασθαι*
2375 1306 2501 1380 ὃῦκ
2543 1301 2661 1393 ὧν,

389 1480 542 1528 nium
588 1478 704 1528 fere
749 1478 1022 1528 secundae
1076 1478 1477 1541 dominationis,

389 1552 624 1599 exeunte
657 1562 799 1597 anno
836 1549 938 1598 552
972 1563 1017 1598 s.
1051 1546 1267 1614 Olymp.
1304 1548 1479 1609 LVII,

392 1620 475 1668 1.:
513 1617 657 1667 uude
690 1620 817 1681 post
854 1617 1038 1667 decem
1084 1633 1256 1668 anuos
1303 1617 1481 1668 exsilii

389 1686 616 1738 tertium
647 1687 791 1750 apud
824 1686 1184 1737 Athenienses
1232 1688 1483 1752 regnavit

390 1756 479 1820 (ut
534 1758 613 1806 ait
663 1756 935 1807 Eusebius
992 1756 1194 1810 Chron.
1252 1758 1477 1821 interpr.

387 1828 610 1877 Armen.
661 1824 731 1875 ad
783 1824 998 1889 Olymp.
1050 1828 1179 1877 LIX
1208 1823 1287 1893 ᾖ)
1336 1841 1479 1877 anno

388 1896 540 1957 LIX,
591 1897 644 1945 4.
694 1911 739 1945 s.
782 1895 880 1944 541
933 1911 985 1945 a.
1044 1896 1169 1948 Chr.
1230 1912 1284 1946 n.
1349 1895 1472 1945 Vid.

386 1964 633 2016 Voemel.
681 1980 734 2030 p.
771 1960 856 2014 29.
904 1965 1157 2018 Grauert.
1203 1964 1242 2017 1.
1292 1965 1331 2015 l.
1382 1981 1475 2029 po-

387 2035 504 2085 suit
561 2050 761 2084 annum
812 2033 914 2085 543
974 2049 1020 2083 s.
1073 2035 1160 2088 Ol.
1212 2035 1359 2097 LIX,
1421 2035 1473 2085 2.

386 2106 572 2155 Unum
603 2118 749 2154 nunc
783 2103 853 2152 ab
886 2103 971 2153 his
995 2105 1289 2155 recessisse
1314 2103 1475 2153 video

386 2173 552 2224 Plass
587 2174 720 2237 (Die
764 2173 1065 2237 Tyri-annis
1112 2174 1160 2223 1.
1209 2190 1261 2237 p.
1312 2172 1474 2237 190),

391 2244 488 2308 qui
505 2243 857 2293 Pisistratum
879 2241 947 2291 ad
984 2242 1327 2307 tyrannidem
1356 2257 1477 2292 eve-

387 2317 543 2365 ctum
587 2312 740 2376 pon²t
788 2306 1017 2375 primum
1060 2325 1204 2361 anno
1262 2313 1359 2362 561
1424 2326 1474 2359 a.

388 2381 517 2432 Chr.
556 2397 631 2441 u.,
684 2379 879 2433 deinde
918 2381 1149 2430 eiectum
1195 2395 1336 2430 anno
1375 2380 1478 2431 560

387 2468 457 2501 ac
509 2464 785 2500 reversum
830 2450 932 2500 555
948 2486 961 2511 ,
1023 2450 1220 2499 iterum
1264 2448 1476 2514 pulsum

384 2519 494 2571 549
529 2524 695 2583 atque
719 2517 1031 2569 redeuntem
1057 2517 1176 2579 538,
1209 2522 1476 2569 mortuum

390 2588 517 2640 528.
565 2588 704 2638 Mihi
744 2592 930 2637 tamen
974 2604 1116 2654 quae
1165 2587 1476 2638 Voemelius

386 2658 602 2722 posuit,
653 2657 827 2722 magis
873 2656 942 2707 ad
987 2672 1174 2708 verum
1218 2657 1477 2708 accedere

386 2727 670 2789 videntur,
716 2741 888 2791 neque
944 2726 1070 2777 inde
1116 2727 1475 2787 Herodotum,

385 2801 453 2847 ut
486 2796 666 2847 minus
701 2799 1016 2846 accuratum
1039 2795 1283 2860 adeoque
1309 2794 1479 2861 negli-

388 2870 607 2931 gentem
645 2867 701 2915 in
737 2870 1039 2928 temporum
1076 2866 1360 2916 notatione
1395 2880 1478 2915 re-

388 2935 785 3000 prehenderim,
823 2934 968 2999 quod
1020 2935 1152 2985 feeit
1199 2935 1368 2985 Grote
1399 2933 1477 2984 hi-

389 3009 548 3068 story
592 3003 654 3054 of
701 3005 903 3055 Greece
951 3004 1056 3054 111.
1100 3020 1154 3068 p.
1204 3004 1325 3055 205.
1394 3004 1479 3053 De

389 3074 515 3137 ipso
551 3073 842 3124 Pisistrato
879 3073 993 3123 vid.
1029 3075 1086 3125 J.
1126 3073 1353 3127 Msursii
1390 3073 1478 3123 Pi·-

388 3144 651 3192 sistratus
696 3142 949 3208 Lugdun.
1013 3143 1139 3193 Bat.
1204 3140 1356 3194 1623.
1423 3143 1474 3191 4.

390 3214 456 3262 Ρ.
504 3210 572 3261 G.
620 3211 686 3262 P.
739 3212 937 3262 Junius
986 3211 1053 3261 de
1106 3210 1481 3262 Pisistratida-

392 3295 513 3331 rum
534 3280 838 3343 tyrannide,
864 3280 999 3331 ibid.
1036 3279 1182 3334 1830.
1205 3280 1258 3332 8.
1290 3280 1477 3330 Plass:

392 3351 484 3400 die
517 3349 790 3412 Tyranuis
826 3349 872 3401 1.
911 3366 964 3414 p.
1001 3350 1100 3400 187
1125 3364 1275 3415 seqq.
1315 3349 1481 3401 Grote

346 3416 367 3433 ⁶
391 3420 611 3481 history
646 3417 707 3467 of
748 3417 952 3473 Greeoe
982 3419 1078 3471 IV.
1102 3435 1158 3484 p.
1202 3418 1300 3470 137
1323 3433 1476 3482 seqq.

392 3488 629 3540 Kortiim
660 3486 876 3539 Griech.
918 3486 1112 3539 Gesch.
1144 3489 1192 3538 1.
1214 3504 1267 3553 p.
1299 3488 1400 3538 185
1420 3487 1475 3537 ff.

463 3551 661 3606 Χίλων
680 3548 745 3605 δὲ
778 3546 808 3605 ὅ
835 3548 1309 3621 Λακεδαιμόνιος]
1339 3557 1482 3619 „Te-

390 3630 595 3676 neatur
643 3624 734 3676 hic
774 3624 928 3677 locus
987 3624 1056 3675 ad
1105 3625 1480 3692 explicandam

392 3695 702 3745 doctrinam
745 3698 953 3758 septem
996 3696 1321 3758 sapientum.
1374 3696 1480 3744 Ex-

394 3768 549 3816 ercet
595 3765 740 3813 enim
784 3762 977 3813 Chilon
1028 3762 1082 3813 h.
1131 3764 1169 3813 l.
1217 3756 1482 3827 ἱερομαν-

394 3830 615 3883 τείαν.“
639 3833 727 3881 Cr.
755 3832 1081 3896 scripsimus
1110 3830 1325 3881 Χίλων
1358 3847 1481 3882 cum

394 3904 628 3954 recentt.
666 3917 762 3966 pro
802 3900 1082 3964 Χείλων,
1135 3906 1190 3953 et
1234 3902 1289 3950 in
1325 3916 1479 3965 seqq.

392 3970 717 4022 retinuimus
757 3961 1174 4034 συνεβούλευε,
1218 3970 1313 4020 ubi
1351 3970 1484 4021 Gro-

395 4041 561 4091 novio
609 4039 812 4089 arridet
857 4038 1091 4088 Medicei
1134 4039 1262 4089 libri
1318 4038 1481 4088 lectio

396 4099 769 4173 συνεβούλεε.
805 4107 935 4158 Mox
966 4106 1161 4172 reliqui
1203 4098 1484 4170 θεησάμε-

394 4191 517 4239 νος,
554 4177 709 4227 cuius
745 4176 867 4227 loco
903 4181 1133 4228 receutt.
1173 4176 1295 4227 edd.
1333 4174 1485 4240 θηηὲ-

396 4238 661 4306 σάμενος.
723 4245 850 4297 Vid.
890 4250 1031 4296 nott.
1087 4246 1161 4297 ad
1205 4246 1252 4305 1,
1289 4245 1341 4296 8.
1399 4245 1484 4295 De

395 4315 646 4376 Chilone,
669 4313 1016 4365 celeberrimo
1041 4316 1305 4380 sapiente,
1327 4329 1484 4379 quem

396 4383 620 4449 Olymp.
649 4383 846 4445 XLVI,
887 4384 937 4435 1.
958 4385 1094 4434 'sive
1123 4383 1242 4433 596:
1265 4399 1316 4434 a.
1354 4382 1479 4433 Chr.

393 4470 455 4505 n.
502 4452 754 4504 floruisse
796 4457 1006 4517 ponunt
1049 4450 1298 4516 (Fischer
1341 4452 1483 4503 Zeit-

1583 1478 1755 1529 tafeln
1793 1495 1847 1542 p.
1891 1480 2054 1543 112),
2084 1479 2155 1529 cf.
2202 1479 2436 1541 Diogen.
2473 1479 2660 1530 Laert.

1581 1549 1689 1609 111,
1726 1548 1795 1599 68
1822 1563 1973 1612 seqq.
2011 1554 2067 1599 et
2102 1564 2241 1613 quae
2279 1549 2575 1599 afferuntur
2608 1549 2663 1597 in

1580 1618 1821 1668 Fabricii
1851 1618 1991 1668 Bibl.
2022 1619 2214 1669 Graec.
2237 1619 2312 1668 11.
2339 1634 2392 1681 p.
2420 1618 2522 1669 653
2548 1634 2663 1682 seq.

1585 1687 1669 1738 ed.
1714 1687 1933 1737 Harles.
1990 1688 2129 1737 Add.
2177 1687 2416 1738 Urlichs.
2466 1688 2660 1738 Rhein.

1582 1758 1725 1811 Mus.
1762 1758 1832 1808 N.
1870 1757 1935 1806 F.
1973 1756 2069 1806 VI.
2109 1773 2163 1820 p.
2201 1758 2301 1807 227
2341 1772 2454 1821 seq.

1653 1824 1852 1887 πρῶτα
1918 1818 2022 1888 μὲν
2101 1827 2345 1889 γυναῖκα
2419 1839 2664 1874 τεκνο-

1579 1885 1795 1945 ποιὸν
1829 1886 1905 1958 μὴ
1950 1884 2252 1957 ἄγεσθαι
2293 1886 2348 1950 ἐς
2382 1885 2452 1943 τὰ
2485 1889 2663 1958 οἰκία]

1577 1953 1915 2019 τεκνοποιὸς
1939 1963 2029 2013 hio
2064 1963 2130 2014 de
2169 1962 2392 2017 muliere
2425 1963 2666 2014 infantes

1580 2034 1824 2098 pariente
1867 2032 2090 2093 dictum,
2123 2038 2187 2084 ut
2224 2033 2346 2083 aliis
2394 2031 2530 2084 locis
2575 2049 2665 2084 eo-

1581 2104 1704 2154 dem
1741 2118 1902 2154 sensu
1937 2095 2308 2163 παιδοποιός;
2358 2103 2471 2154 vid.
2497 2103 2574 2165 V,
2597 2103 2665 2153 40

1580 2171 1824 2237 aliosque
1859 2177 2140 2236 poetarum
2175 2170 2325 2222 locos
2376 2190 2408 2222 a
2447 2172 2663 2224 Wesse-

1575 2242 1745 2305 lingio
1780 2241 2050 2293 laudatos.
2109 2241 2268 2292 Unde
2313 2256 2469 2293 nemo
2504 2244 2662 2293 mira-

1579 2312 1756 2373 bitur,
1811 2311 1955 2376 apud
2013 2310 2370 2363 Plutarchum
2431 2312 2664 2362 inveniri

1580 2379 1792 2437 παῖδας
1827 2383 2019 2430 ποιεῖν
2055 2396 2174 2431 cum
2214 2381 2281 2431 de
2306 2383 2423 2431 viro
2459 2386 2572 2432 tum
2597 2382 2665 2433 de

1532 2457 1543 2467 ·
1581 2450 1828 2513 muliere,
1895 2456 1958 2500 ut
2015 2451 2325 2500 notavimus
2389 2452 2457 2501 ad
2513 2451 2662 2503 Plut.

1579 2520 1771 2584 Pyrrh.
1823 2536 1951 2585 pag.
2001 2519 2124 2570 233.
2195 2520 2550 2570 Locutionem
2601 2520 2665 2571 de

1578 2589 1715 2649 viro,
1754 2590 1848 2653 qui
1885 2588 2161 2639 mulierem
2199 2588 2348 2637 ducit
2381 2590 2438 2638 in
2483 2590 2667 2640 matri-

1580 2659 1845 2720 monium,
1894 2660 2154 2707 usitatam
2202 2647 2447 2719 ἇγεσθαι
2501 2648 2556 2714 ἐς
2600 2649 2669 2706 τὰ

1581 2723 1736 2776 οἰκία
1761 2727 1862 2788 (sc.
1883 2730 1934 2776 in
1958 2742 2098 2781 suam
2120 2728 2279 2787 ipsius
2311 2725 2538 2792 donnum),
2579 2742 2667 2776 ex-

1578 2796 1867 2861 plicuimus
1888 2796 1956 2846 ad
1977 2796 2196 2847 Ctesias
2214 2796 2392 2847 Perss.
2415 2797 2665 2859 fragmm.

1580 2882 1702 2929 cap.
1742 2866 1792 2917 2.
1831 2882 1958 2930 pag.
2003 2864 2074 2919 92
2123 2880 2236 2929 seq.
2294 2865 2451 2916 Conf.
2500 2881 2665 2931 supra

1580 2936 1627 2996 1,
1666 2934 1752 2985 34.
1791 2937 1870 2999 11,
1909 2938 1995 2986 47.
2045 2938 2101 2986 et
2144 2934 2255 2985 vid.
2304 2934 2545 2987 Elmslei.
2592 2934 2663 2985 ad

1580 3004 1826 3068 Euripid.
1872 3005 2015 3056 Med.
2057 3003 2178 3056 309.

1651 3066 1889 3130 δεύτερα
1943 3066 2048 3138 τὴν
2111 3075 2355 3135 γυναῖκα
2412 3064 2664 3137 ἐκπέμ-

1583 3142 1767 3209 πειν]
1805 3135 2043 3204 δεύτερα
2068 3143 2274 3193 dictum
2293 3158 2391 3208 pro
2429 3133 2666 3198 δεύτερα

1582 3205 1684 3273 δὲ,
1739 3227 1901 3277 quam
1950 3212 2281 3277 particulam.
2332 3212 2389 3260 in
2436 3211 2542 3262 hac
2589 3211 2675 3260 di-⁴

1583 3282 1764 3332 ctione
1784 3281 2098 3347 plerumque
2120 3282 2297 3331 omitti
2321 3284 2505 3331 monet
2516 3281 2669 3331 Wer-

1583 3351 1731 3400 ferus
1792 3351 1847 3400 in
1893 3352 2040 3401 Actt.
2105 3351 2253 3415 phin.
2305 3352 2554 3400 Monacc.
2617 3349 2663 3398 1.

1580 3435 1706 3484 pag.
1756 3418 1858 3470 253
1911 3435 2025 3484 seq.
2076 3419 2358 3483 permultis
2407 3416 2666 3480 exemplis

1582 3504 1684 3539 con
1726 3490 1876 3538 estis.
1915 3487 2073 3539 Conf.
2102 3490 2148 3548 1,
2183 3486 2286 3539 204
2320 3487 2506 3550 ibique
2523 3490 2664 3536 nott.

1542 3580 1547 3585 ·
1582 3587 1653 3597 --
1751 3555 1995 3619 πέμπειν
2020 3556 2264 3620 inprimis
2286 3555 2354 3603 de
2385 3555 2503 3604 viro
2540 3555 2666 3617 dici,

1584 3628 1675 3691 qui
1744 3624 2029 3673 discidium
2098 3623 2428 3673 matrimonii
2499 3624 2666 3685 ineat,

1583 3710 1750 3745 uxore
1797 3692 2025 3743 aedibus
2079 3694 2282 3754 eiecta,
2336 3683 2668 3741 ἀπολείπειν

1586 3765 1654 3813 de
1688 3777 1875 3823 uxore,
1916 3777 1950 3811 a
1983 3761 2101 3811 viro
2137 3761 2467 3824 discedente,
2504 3762 2669 3826 pluri-

1583 3833 1686 3882 bus
1731 3830 2076 3896 exposuimus
2131 3831 2188 3880 in
2239 3835 2379 3882 nott.
2430 3831 2498 3882 ad
2543 3831 2670 3882 Plu-

1586 3899 1760 3951 tarch.
1821 3898 2090 3951 Alcibiad.
2152 3917 2278 3965 pag.
2340 3901 2666 3955 103—105.

1584 3969 1724 4027 Add.
1761 3968 2101 4020 Schoemann
2135 3975 2190 4021 et
2210 3971 2404 4021 Meier:
2440 3972 2554 4021 Der
2589 3976 2669 4021 at-

1584 4038 1761 4089 tische
1794 4038 2028 4089 Process
2063 4055 2116 4104 p.
2146 4039 2249 4091 413
2282 4055 2394 4105 seq.

1655 4105 1863 4157 τοῦτον
1914 4098 2293 4173 ἀπείπασθαι]
2344 4110 2383 4159 i.
2437 4125 2487 4159 e.
2544 4106 2672 4157 hunc

1580 4179 1736 4240 fllium
1768 4178 2028 4239 abdicare,
2074 4194 2116 4228 s.
2164 4180 2308 4229 hune
2352 4176 2522 4228 filium
2563 4191 2672 4226 non

1587 4262 1884 4311 agnoscere
1914 4247 2212 4307 legitimum
2234 4262 2467 4311 vereque
2493 4260 2669 4296 suum.

1586 4316 1652 4366 In
1689 4331 1841 4381 seqq.
1877 4315 2040 4366 facile
2079 4316 2371 4377 cogitando
2408 4314 2538 4365 addi
2573 4319 2672 4364 aut

1588 4401 1618 4435 e
1653 4389 1912 4436 contextu
1960 4384 2199 4449 suppleri
2242 4384 2445 4450 poterit
2482 4380 2671 4446 λέγου-

1588 4466 1661 4518 σι,
1704 4449 1863 4518 φασὶ,
1901 4452 1988 4502 vel
2017 4452 2193 4502 simile
2228 4451 2377 4517 quid.
2416 4452 2530 4503 Nec
2561 4466 2671 4501 ma·
