3109 5092
463 354 588 417 330

1332 357 1875 421 HERODOTI

326 541 445 606 168
459 531 587 621 μέν
629 558 764 601 νυν
806 531 958 622 πέρι
996 538 1117 623 τῆς
1160 536 1236 605 ἐν
1267 530 1485 626 Ἰωνίῃ
1522 529 1701 604 οὕτω
1739 537 1909 621 ἔσχε.
1989 535 2441 627 Παραπλήσια
2474 537 2552 607 δὲ
2583 538 2741 608 τού-

462 655 633 705 τοισι
678 636 793 705 καὶ
842 637 1029 726 Τήιοι
1065 640 1407 728 ἐποίησαν.
1496 641 1650 710 ἐπεί
1675 665 1749 708 τε
1777 637 1906 730 γάρ
1941 636 2350 740 σφεωνιεῖλε
2384 641 2637 732 χώματι
2667 640 2743 713 τὸ

464 754 681 827 τεῖχος
705 733 1080 830 ”Αρπαγος,
1120 742 1439 831 ἐσβάντες
1472 742 1720 823 πάντες
1760 744 1826 823 ἐς
1865 741 1948 813 τὰ
1990 752 2190 814 πλοῖα
2207 797 2226 831 ,
2276 756 2539 833 οἴχοντο
2585 750 2743 817 πλέ-

465 871 658 923 οντες
694 845 805 913 ἐπὶ
837 851 954 934 τῆς
987 854 1345 936 Θρηϊκίης,
1383 849 1499 917 καὶ
1533 850 1840 918 ἐνθαῦτα
1873 853 2147 919 ἔκτισαν
2186 848 2385 920 πόλιν
2413 848 2743 940 Ἄβδηρα·

464 944 589 1036 τὴν
624 945 946 1036 πρότερος
984 949 1245 1021 τούτων
1274 952 1723 1040 Κλαζομένιος
1763 949 2078 1042 Τιμήσιος
2125 959 2354 1034 κτίσας
2400 950 2527 1025 οὐκ
2558 951 2742 1026 ‹iuni-

470 1077 663 1139 νητο,
725 1047 864 1121 ἀλλ’
914 1046 1049 1121 ὑπὸ
1094 1060 1412 1142 Θρηΐκων
1471 1056 1855 1137 ἐξελασθεὶς
1906 1053 2098 1146 τιμὰς
2151 1063 2285 1126 νῦν
2330 1053 2464 1129 ὑπὸ
2521 1066 2745 1148 Τηῖων

330 1254 449 1317 169

467 1159 609 1224 τῶν
645 1156 720 1223 ἐν
752 1152 1139 1246 Ἀβδήροισι
1176 1153 1268 1239 ὥς
1301 1153 1480 1248 ἥρως
1515 1163 1672 1247 ἔχει.

628 1246 838 1329 Οὗτοι
877 1262 1004 1350 μέν
1037 1290 1171 1333 νυν
1194 1258 1442 1332 Ἰώνων
1484 1268 1757 1351 μοῦνοι,
1800 1260 1926 1354 τὴν
1961 1262 2389 1354 δουλοσύνην
2426 1262 2552 1335 οὐκ
2584 1262 2741 1336 ἆνε-

467 1361 772 1452 χόμενοι,
822 1366 1126 1448 ἐξέλιπον
1187 1363 1304 1446 τὰς
1346 1372 1694 1456 πατρίδας.

762 1598 899 1655 Cu».
934 1600 1239 1654 CLXVIII.

535 1713 665 1773 ἐπεί
690 1736 749 1771 τε
794 1711 901 1786 γάρ
946 1734 1136 1788 σφεων
1186 1715 1297 1773 εἷλε
1336 1714 1550 1788 χώματι

461 1809 512 1844 κ.
548 1808 594 1842 τ.
622 1790 694 1859 λ.]
732 1790 891 1843 Conf.
928 1807 1095 1858 supra
1120 1792 1166 1857 1,
1198 1793 1297 1845 162
1322 1793 1389 1844 de
1412 1796 1551 1845 Har-

461 1877 635 1929 pago:
701 1858 855 1927 αἵρεε
904 1856 1005 1920 τὰς
1060 1854 1264 1921 πόλιας
1312 1855 1549 1929 χώμασι,

462 1935 649 1998 ibique
684 1931 898 1985 adnott.
968 1932 1127 1995 Quod
1161 1949 1292 1985 vero
1329 1935 1551 1986 Dureau

464 2003 531 2054 de
568 2002 625 2052 la
644 2002 828 2067 Malle,
866 2017 1022 2068 quem
1055 2005 1133 2054 ibi
1163 2003 1407 2066 laudavi,
1443 1998 1555 2055 εἷλε

469 2074 549 2123 sic
585 2071 739 2122 reddi
765 2071 884 2123 vult
906 2071 982 2137 (p.
1005 2075 1109 2124 414
1128 2072 1302 2140 seq.)=
1340 2076 1416 2132 „il
1433 2077 1558 2126 etait

463 2159 554 2194 sur
575 2146 621 2192 le
638 2145 780 2205 point
813 2143 879 2192 de
901 2143 1194 2206 prendre“‚
1230 2144 1423 2195 merito
1454 2146 1555 2195 im-

462 2211 718 2278 probavit
763 2211 1118 2274 Quatremere
1181 2211 1442 2276 (Journal
1497 2213 1550 2265 d.

464 2283 597 2333 Sav,
637 2280 791 2332 1851.
831 2295 885 2344 p.
925 2280 1054 2342 308)
1101 2284 1308 2333 rectius
1346 2284 1427 2335 ita
1466 2300 1554 2335 ac-

463 2351 701 2415 cipiens:
743 2351 985 2414 „lorsque
1005 2355 1051 2403 Ie
1082 2368 1191 2402 mur
1215 2354 1301 2417 fue
1334 2370 1403 2405 au
1425 2370 1552 2419 pou-

463 2424 573 2474 voir
608 2420 973 2485 d’Harpayef‘

529 2536 627 2592 καὶ
649 2534 907 2591 ἐνθαῦτα
929 2537 1155 2593 ἔκτισαν
1171 2534 1551 2612 πόλινἌβδη-

462 2611 559 2679 oa]
616 2611 753 2664 Cum
797 2612 1079 2664 Herodoto
1121 2615 1180 2665 in
1238 2618 1551 2669 narratione

461 2685 529 2735 de
546 2682 765 2735 Abdera
785 2682 1009 2735 condita
1034 2687 1385 2738 consentiunt
1401 2687 1551 2739 Stra?

459 2755 531 2805 bo
567 2754 719 2804 XIV.
758 2769 812 2817 p.
842 2754 948 2806 644
984 2755 1071 2806 ed.
1111 2756 1235 2807 Cas.
1273 2773 1329 2822 p.
1354 2756 1458 2810 953
1479 2759 1544 2809 Β.

462 2824 730 2890 Scymnus
753 2823 920 2875 Chius
944 2839 996 2873 v.
1027 2824 1133 2877 670
1162 2832 1294 2878 tom.
1311 2827 1389 2877 11.
1416 2843 1544 2894 pag.

459 2892 529 2944 38
574 2892 825 2944 Hudson.
910 2894 1159 2959 Namque
1208 2896 1371 2947 binae
1416 2902 1547 2947 sunt

459 2961 881 3026 distinguendae
918 2961 1193 3027 coloniae,
1231 2980 1266 3015 a
1297 2966 1429 3016 viris
1456 2967 1547 3017 do-

458 3032 565 3082 ctis
590 3031 648 3080 in
675 3046 839 3081 unam
867 3035 1069 3082 temere
1101 3033 1380 3099 confusae,
1418 3051 1547 3102 qua-

459 3117 577 3151 rum
633 3100 783 3164 prior
837 3100 1335 3169 Clazomeniorum,
1407 3121 1548 3171 quae

458 3174 602 3220 teste
659 3169 898 3220 Eusebio
958 3170 1153 3222 incidit
1209 3173 1268 3222 in
1325 3173 1543 3241 Olymp.

457 3238 662 3303 XXXI,
686 3239 736 3302 1,
774 3238 1046 3290 Abderam
1082 3240 1249 3292 ducta
1277 3248 1361 3294 est
1396 3260 1431 3295 a
1455 3247 1547 3296 Ti-

457 3310 657 3371 mesio‚
717 3307 888 3359 altera
942 3311 1213 3375 posterior
1269 3313 1542 3379 Teiorum,

456 3380 552 3445 qui
574 3381 863 3430 Persarum
885 3377 1306 3433 dominationem
1335 3384 1545 3450 fugien-

456 3453 541 3500 tes
576 3449 685 3500 huc
720 3464 838 3500 sese
882 3455 1208 3516 receperunt
1249 3454 1545 3520 urbemque

457 3518 634 3570 denuo
668 3519 1044 3584 condiderunt,
1085 3520 1301 3588 Olymp.
1337 3524 1484 3587 LIX,
1508 3529 1543 3576 4

455 3590 572 3641 sive
608 3590 706 3641 541
757 3605 810 3641 a.
849 3589 976 3643 Chr.
1010 3607 1065 3641 ιι.
1122 3596 1219 3643 aut
1256 3608 1400 3646 anno
1438 3595 1541 3647 543

458 3676 509 3710 a.
536 3658 663 3712 chr.
685 3675 762 3722 n.‚
798 3664 861 3711 ut
885 3661 1088 3711 rectius
1113 3662 1270 3714 nobis
1299 3668 1540 3716 statuere

454 3728 672 3781 videtur
707 3730 769 3781 C.
807 3731 874 3782 F.
909 3732 1208 3794 Hermann,
1248 3734 1340 3798 qui
1361 3734 1540 3786 Abde-

454 3815 550 3851 rae
592 3815 679 3850 res
731 3801 1041 3850 accuratius
1088 3807 1405 3864 persecutus
1453 3810 1539 3856 est

453 3870 536 3919 in:
587 3868 994 3935 schulzeitung.
1034 3869 1189 3923 1830.
1235 3888 1317 3924 nr.
1355 3872 1442 3924 63.
1480 3891 1534 3940 p.

457 3936 560 3988 508
590 3952 740 4002 seqq.
791 3938 1181 4000 (Gesammelte
1218 3941 1442 3994 Schrift.
1480 3960 1534 4009 p.

454 4003 740 4066 90—111).
827 4007 1119 4060 Praeterea
1166 4011 1311 4061 conf.
1362 4012 1539 4065 Raoul

452 4074 722 4126 Bochette
755 4075 1002 4128 Histoire
1051 4077 1117 4129 de
1150 4077 1438 4133 l’etabliss.
1481 4083 1536 4136 d.

455 4143 633 4195 colon.
658 4142 856 4209 Grecq.
885 4146 994 4197 111.
1021 4163 1076 4211 p.
1100 4147 1206 4199 400
1226 4164 1342 4214 seq.
1382 4151 1537 4213 Quae

454 4211 526 4263 ad
562 4213 741 4278 ipsam
763 4214 951 4264 urbem
976 4216 1200 4281 eiusque
1235 4218 1400 4268 situm
1419 4236 1538 4285 per-

452 4282 658 4344 tinent,
698 4298 766 4333 ea
797 4282 911 4334 vid.
951 4284 1095 4350 apud
1117 4285 1402 4352 Forbiger.
1429 4289 1468 4343 l.
1496 4291 1534 4342 l.

452 4351 560 4402 111.
582 4367 635 4416 p.
665 4351 802 4404 1078
837 4358 893 4404 et
914 4354 1195 4406 Pr0kesch
1229 4355 1289 4406 in
1317 4357 1536 4414 Annall.

450 4421 650 4475 Vienn.
686 4422 755 4475 T.
793 4421 939 4476 LIX.
984 4423 1335 4493 Anzeigeffll.
1371 4442 1426 4492 p.
1472 4430 1533 4483 11

1791 1372 1863 1438 οἰ
1903 1365 1969 1438 δ’
2025 1364 2217 1439 ἄλλοι
2250 1367 2513 1456 Ἴωνες,
2567 1368 2746 1460 πλὴν

1653 1585 1806 1636 seqq.
1880 1569 2040 1623 Conf.
2070 1573 2235 1624 etiam
2269 1578 2422 1642 nott.
2444 1575 2514 1637 ad
2535 1574 2743 1626 Herod.

1651 1641 1780 1703 VII,
1821 1639 1938 1693 109.

1748 1707 2129 1774 Κλαζομένιος
2198 1703 2475 1777 Τιμήσιος
2547 1713 2745 1774 κτίσας

1656 1770 1763 1830 οὐκ
1795 1770 2095 1847 ἀπόνητο]
2136 1782 2243 1845 Qui
2277 1784 2558 1836 Herodoto
2583 1784 2744 1838 Time·

1652 1853 1784 1909 sius,
1824 1853 1871 1902 is
1907 1849 2033 1902 aliis
2072 1851 2274 1902 dicitur
2314 1853 2580 1918 Rmest’as,
2627 1855 2744 1907 lau-

1656 1921 1820 1972 datus
1876 1922 1945 1973 ob
2007 1921 2222 1973 civilem
2275 1924 2618 1988 prudentiam
2677 1943 2745 1977 ac

1655 1991 1934 2043 virtutem.
2005 1992 2130 2043 Vid.
2168 1992 2383 2045 Aelian.
2422 1997 2552 2047 Var.
2590 1997 2740 2049 Hist.

1656 2062 1784 2124 XII,
1821 2060 1883 2124 9,
1920 2062 2200 2115 Plutarch.
2231 2066 2313 2115 rei
2345 2065 2495 2131 publ.
2521 2067 2740 2132 gerend.

1656 2135 1933 2197 praecept.
1970 2149 2100 2198 pag.
2139 2133 2243 2184 812
2266 2135 2314 2185 A
2352 2141 2408 2187 et
2441 2136 2508 2187 de
2532 2137 2744 2189 Amico-

1657 2216 1776 2252 rum
1813 2201 2088 2255 multitud.
2125 2219 2253 2270 pag.
2280 2204 2350 2256 96
2376 2207 2440 2270 Β,
2477 2207 2549 2258 ad
2584 2224 2743 2274 quem

1655 2269 1832 2323 locum
1869 2288 2015 2324 nunc
2051 2272 2210 2339 plura
2244 2274 2311 2325 de
2331 2275 2437 2327 hoc
2459 2278 2577 2329 viro
2604 2280 2744 2330 eius-

1657 2357 1760 2408 que
1797 2346 1980 2394 aetate
2016 2343 2259 2409 disputat
2283 2346 2740 2411 wyttenbachius

1654 2415 1698 2464 t.
1738 2413 1787 2463 1.
1834 2429 1889 2478 p.
1938 2413 2042 2467 655
2083 2413 2492 2470 Animadversa.
2537 2451 2609 2460 —-
2657 2422 2742 2472 De

1655 2481 1832 2533 forma
1866 2473 2139 2547 ἀπόνητο
2170 2485 2314 2537 conf.
2340 2487 2604 2540 'rhomam
2626 2491 2742 2542 Ma-

1655 2553 1812 2618 gistr.
1853 2568 1898 2603 s.
1924 2568 1978 2603 ν.
2019 2546 2314 2617 ὠνήσομαι
2352 2573 2479 2624 pag.
2518 2559 2622 2613 932
2659 2565 2741 2611 at-

1654 2637 1759 2687 que
1793 2623 2029 2675 BredoV.
2054 2640 2108 2689 p.
2135 2624 2256 2688 307,
2296 2627 2390 2690 qui
2437 2635 2586 2681 recte
2621 2634 2738 2683 tue-

1650 2696 1742 2742 tur
1774 2692 2052 2759 vulgatam
2070 2731 2083 2758 ,
2122 2710 2156 2744 a
2188 2695 2441 2749 Bekkero
2474 2706 2740 2752 mutatam

1652 2763 1708 2812 in
1746 2752 2039 2827 ἀπόνητοι
2077 2779 2218 2829 quae
2245 2767 2398 2831 epica
2432 2774 2517 2820 est
2543 2771 2736 2824 forma.

1649 2863 1720 2872 —
1756 2833 1821 2883 In
1856 2848 2008 2899 seqq.
2058 2849 2179 2885 cum
2228 2835 2570 2906 Gaisfordio,
2623 2842 2739 2906 plu-

1652 2902 1804 2953 ribus
1850 2903 2005 2954 libris
2042 2904 2422 2960 addicentibus
2439 2947 2453 2970 ‚
2501 2914 2738 2964 restitui-

1648 2987 1768 3022 mus
1841 2966 2191 3033 ἐξελασθεὶς
2256 2992 2354 3041 pro
2427 2972 2736 3046 ἐξελαθεὶς,

1650 3042 1795 3106 quod
1841 3058 1908 3092 ex
1951 3042 2092 3094 Aldo
2139 3053 2501 3112 propagatum
2552 3057 2737 3104 tuetur

1647 3112 1943 3162 Piersonus
1980 3113 2050 3163 ad
2084 3115 2310 3167 Moerid.
2349 3134 2403 3183 p.
2446 3120 2542 3188 13,
2590 3123 2736 3188 apud

1650 3195 1808 3245 quem
1871 3181 2098 3234 alteram
2155 3185 2385 3238 formam
2433 3180 2737 3256 ἑλληνικῶς

1650 3250 1759 3302 dici
1792 3250 2043 3316 leg-imus.
2116 3255 2190 3305 Et
2226 3255 2365 3308 bene
2408 3260 2518 3312 dici
2552 3253 2734 3324 ἐξελα-

1649 3315 1781 3377 θεὶς
1823 3321 1879 3370 in
1918 3321 2106 3374 Attico
2155 3327 2446 3392 scriptore,
2493 3348 2600 3383 non
2652 3337 2736 3384 est

1648 3388 1794 3455 quod
1813 3407 2091 3456 negemus,
2113 3394 2209 3446 sed
2225 3397 2565 3453 Herodotum
2585 3391 2748 3467 aspa?

1646 3460 1816 3511 riores
1853 3461 2058 3513 formas
2084 3463 2326 3531 diligere,
2364 3475 2493 3534 apte
2525 3475 2736 3524 monuit

1645 3530 2210 3594 Schweighaeuserus.
2294 3535 2523 3592 Accedit
2580 3559 2735 3607 prae·

1644 3602 1797 3651 terea
1842 3600 2101 3653 librorum
2149 3609 2473 3674 auctoritas,
2531 3615 2626 3678 qui
2675 3616 2732 3664 in

1646 3671 1913 3735 asperiori
1943 3671 2039 3723 illa
2071 3673 2246 3726 forma
2270 3675 2583 3747 plerumque
2609 3699 2734 3734 con·

1644 3740 1881 3804 spirant,
1916 3744 1979 3792 ut
2007 3743 2054 3804 1,
2094 3744 2215 3797 173.
2253 3746 2363 3811 111,
2398 3751 2484 3803 46.
2514 3753 2598 3804 51.
2635 3753 2730 3816 IV,

1642 3812 1696 3861 4.
1735 3811 1801 3872 V,
1835 3810 1955 3861 145.
2033 3814 2215 3874 Quare
2253 3832 2286 3867 a
2322 3833 2407 3869 me
2439 3821 2731 3887 impetrare

1642 3894 1751 3929 non
1789 3880 1969 3943 potui,
2003 3885 2067 3931 ut
2090 3884 2422 3940 Bredovium
2458 3907 2731 3957 sequerer,

1643 3946 1720 4012 (p.
1759 3948 1884 4014 345)
1932 3950 1990 4000 in
2027 3951 2112 4002 his
2150 3957 2398 4010 omnibus
2430 3961 2567 4013 locis
2605 3979 2732 4014 con-

1640 4021 1729 4068 tra
1792 4018 1951 4070 codd.
2009 4026 2393 4078 auctoritatem
2454 4030 2724 4084 literulam

1641 4089 1683 4136 ῑῐ
1717 4088 2038 4141 eiicientem.
2094 4091 2254 4157 Apud
2281 4097 2614 4153 Pausaniam
2640 4120 2728 4154 ea-

1641 4156 1763 4208 dem
1799 4159 2006 4210 formae
2037 4163 2298 4229 varietas,
2335 4174 2397 4220 ut
2422 4172 2582 4224 modo
2611 4174 2729 4225 sine

1641 4228 1679 4283 ὅ
1701 4263 1715 4288 ,
1753 4227 1912 4279 modo
1936 4246 2057 4280 cum
2090 4231 2187 4283 illa
2209 4233 2370 4288 litera
2399 4241 2726 4295 inveniatur.

1638 4295 1765 4348 vid.
1812 4298 2062 4351 Siebelis.
2128 4302 2199 4353 ad
2240 4306 2479 4361 Pausan.
2532 4312 2590 4376 Ι,
2641 4314 2724 4365 12.

1642 4367 1693 4426 §-
1720 4367 1774 4429 5,
1814 4371 1869 4418 et
1906 4368 1980 4421 cf.
2006 4371 2279 4425 Schubart
2313 4377 2397 4429 in:
2434 4381 2562 4433 Jeu.
2587 4383 2726 4436 Litt.

1636 4435 1776 4487 Zeit.
1817 4435 1970 4490 1846.
2007 4455 2061 4504 p.
2100 4441 2187 4493 90.

2760 1157 2834 1213 80
