3109 5092
436 322 562 385 584

1315 315 1844 377 HERODOTI

442 494 524 565 τὰ
562 495 689 582 μὲν
733 491 817 582 δὴ
856 489 1027 561 ἄλλα
1076 488 1279 581 ὄρνεα
1322 490 1436 558 καὶ
1474 495 1688 578 θηρία
1730 487 1970 576 φεύγει
2014 491 2165 575 μιν,
2211 483 2247 557 ὁ
2299 488 2373 557 δὲ
2424 493 2729 576 τροχίλος

447 596 792 687 εἰρηναῖόν
826 601 897 665 οἵ
932 598 1105 682 ἐστι,
1146 591 1263 663 ἅτε
1308 591 1753 684 ὦφελεομένω
1798 589 1963 680 πρὸς
2002 588 2232 662 αὐτοῦ.
2334 588 2541 660 ἐπεὰν
2592 588 2726 678 γὰρ

446 706 511 783 ἐς
536 700 662 791 τὴν
691 706 821 789 γῆν
856 702 1019 797 ἐκβῇ
1049 701 1122 768 ἐκ
1157 703 1280 767 τοῦ
1306 694 1553 777 ὕδατος
1587 691 1623 764 ὅ
1653 696 2115 784 κροκόδειλος,
2154 696 2265 764 καὶ
2293 700 2523 763 ἔπειτα
2550 694 2725 782 χάνῃ

444 810 653 890 (ἔωθε
703 800 834 892 γὰρ
868 807 1065 872 τοῦτο
1098 797 1187 882 ὦς
1229 803 1478 869 ἐπίπαν
1520 802 1775 869 ποιέειν
1831 796 1997 888 πρὸς
2039 796 2160 867 τὸν
2197 800 2554 887 ζέφυρον),
2609 801 2720 867 ἐν-

443 914 668 978 θαῦτα
715 903 752 977 ὃ
802 913 1106 996 τροχίλος
1148 903 1459 974 ἐσδύνων
1498 906 1566 984 ἐς
1612 900 1686 971 τὸ
1721 901 1932 991 στόμα
1962 898 2174 970 αὐτοῦ
2218 908 2568 970 καταπίνει
2606 897 2727 980 τὰς

445 1014 765 1100 βδέλλας·
836 1005 872 1078 ὁ
924 1010 999 1078 δὲ
1047 1006 1519 1096 ὠφελεύμενος
1570 1002 1801 1094 ἥδεται
1863 1006 1975 1074 καὶ
2029 1002 2237 1074 οὐδὲν
2287 1013 2544 1073 σίνεται
2603 1000 2729 1072 τὸν

350 1122 773 1203 69τροχίλον.
891 1119 1074 1180 Τοῖσι
1118 1112 1244 1199 μὲν
1285 1108 1370 1199 δὴ
1414 1114 1552 1178 τῶν
1594 1115 1995 1196 Αἰγυπτίων
2031 1112 2170 1196 ἱροί
2202 1113 2330 1176 εἰσι
2378 1112 2446 1175 οί
2483 1106 2723 1195 κροκό-

448 1224 699 1299 δειλοι,
746 1230 917 1284 τοῖσι
972 1212 1035 1283 δ’
1085 1209 1203 1299 οὗ,
1253 1205 1405 1283 ἀλλ’
1446 1208 1564 1281 ἅτε
1605 1218 1966 1300 πολεμίους
2015 1213 2431 1300 περιέπουσι.

443 1386 640 1435 kinson
675 1383 931 1432 Manners
972 1385 1076 1430 etc.
1114 1380 1225 1442 1011.
1249 1395 1302 1444 p.
1342 1378 1427 1429 79.
1464 1379 1536 1431 80

446 1469 556 1504 sec.
571 1468 676 1503 ser.
703 1452 780 1502 11.
806 1466 931 1516 pag.
945 1451 1047 1500 225
1070 1465 1184 1514 seq.
1223 1449 1381 1512 Quod
1404 1448 1536 1498 mihi

447 1522 662 1588 quidem
706 1520 853 1570 haud
899 1520 1192 1584 persuasit.
1284 1520 1369 1568 De
1415 1518 1536 1568 clea-

447 1592 628 1642 radrio
653 1591 866 1641 Nilotieo
893 1604 939 1639 s.
965 1591 1188 1652 spinoso,
1228 1589 1320 1654 qui
1356 1603 1539 1638 croco-

448 1660 614 1711 dilum
634 1661 747 1710 fere
767 1674 977 1723 semper
992 1659 1252 1723 sequitur,
1273 1658 1320 1708 si
1329 1672 1535 1722 aquam

447 1730 759 1795 reliquerit,
795 1729 940 1779 conf.
981 1729 1144 1778 etiam
1171 1728 1430 1777 Hammer
1453 1727 1534 1776 int

447 1801 668 1850 Wiener
702 1799 931 1850 Jahrbb.
980 1797 1230 1849 LXXXI.
1280 1812 1407 1862 pag.
1449 1797 1535 1846 50.

447 1869 652 1919 Wilde:
690 1869 984 1919 Narrative
1032 1867 1092 1916 of
1134 1882 1168 1916 a
1217 1881 1432 1930 voyage
1479 1871 1536 1915 to

448 1939 695 1989 Madeira
732 1943 838 1990 etc.
877 1938 1010 1998 (sec.
1039 1936 1126 1986 ed.
1148 1933 1536 1998 Dublin1844)

449 2024 576 2073 pag.
615 2008 718 2058 625
758 2023 872 2070 seq.
944 2005 1408 2057 Wilkinsnmsec.
1431 2020 1538 2055 ser.

448 2078 524 2127 11.
569 2093 624 2140 p.
681 2076 776 2130 123
829 2075 934 2126 huc
991 2075 1161 2124 refert
1217 2074 1541 2124 clear-adriam

446 2144 894 2208 melanoeeplmtum
910 2144 1159 2202 mansei,
1186 2144 1341 2193 cuius
1367 2144 1540 2208 ipsius

448 2214 740 2278 imaginem
780 2212 929 2263 dedit
965 2229 1019 2289 p.
1060 2212 1184 2262 269.

519 2276 668 2331 ἔωθε
726 2273 832 2346 γὰρ
885 2278 1053 2329 τοῦτο
1109 2308 1180 2320 —--
1239 2272 1386 2341 πρὸς
1439 2271 1541 2328 τὸν

446 2350 716 2415 ζέφυρον]
750 2351 873 2400 Hoc
896 2365 1080 2400 verum
1109 2364 1170 2399 se
1204 2348 1542 2398 animadver-

448 2420 585 2471 tisse
621 2420 755 2470 dicit
778 2417 1033 2485 Geoffroy
1058 2436 1110 2485 p.
1135 2417 1256 2470 385.
1278 2444 1342 2453 —·
1366 2419 1542 2468 Hero-

450 2490 667 2541 doteam
701 2491 769 2540 de
791 2488 1023 2540 trochilo
1054 2488 1422 2538 narrationem
1451 2487 1541 2536 de-

451 2561 674 2625 scripsit
710 2561 878 2610 ferme
905 2559 1119 2610 Aelian.
1146 2558 1277 2607 Nat.
1301 2558 1404 2608 An.
1430 2556 1540 2618 111,

455 2631 512 2682 ll
570 2628 697 2680 coll.
744 2629 908 2690 VIII,
943 2632 1030 2680 25.
1083 2627 1386 2678 Larcherus
1439 2626 1542 2676 hac

454 2701 521 2750 de
552 2717 609 2750 re
644 2699 836 2751 laudat
870 2699 1014 2750 Plin.
1053 2699 1125 2748 H.
1156 2698 1226 2748 N.
1263 2697 1422 2757 VIII,
1454 2697 1539 2746 25.

454 2769 735 2820 Aristotel.
779 2770 925 2818 Hist.
976 2769 1079 2818 An.
1124 2768 1230 2828 IX,
1269 2769 1303 2819 6
1347 2772 1403 2816 et
1437 2765 1542 2814 Ca-

453 2854 597 2888 mum
621 2839 689 2889 ad
715 2838 979 2889 Gallicam
1004 2834 1320 2887 Aristotelei
1364 2834 1542 2910 operis

451 2908 760 2956 versionem
799 2912 840 2956 t.
872 2907 952 2956 11.
979 2922 1033 2969 p.
1055 2906 1174 2954 732.
1195 2935 1266 2946 -
1299 2905 1406 2954 Pro
1445 2893 1543 2952 ἐτό-

454 2974 554 3023 θεε
581 2974 885 3038 Scliweigh.
916 2979 970 3024 et
1001 2974 1204 3035 Gaisf„
1246 2988 1383 3039 quos
1420 2987 1541 3021 cum

454 3043 578 3094 edd.
625 3048 856 3093 reeentt.
896 3047 1116 3092 secutus
1162 3057 1311 3100 sum,
1359 3036 1538 3102 ἔωθες

455 3118 515 3161 tu
552 3111 1208 3173 conf.11,25.111‚33.
1283 3111 1414 3161 Cum
1452 3111 1543 3159 iis-

453 3181 574 3231 dem
616 3181 813 3246 scripsi
867 3178 1127 3244 τροχίλος
1174 3184 1230 3230 et
1280 3178 1545 3244 τροχίλον

452 3267 549 3332 pro
596 3250 744 3329 vulg.
783 3249 1068 3314 τροχίλος
1117 3254 1172 3299 et
1224 3248 1539 3313 τροχίλονς

453 3311 849 3385 ὠφελεύμενος
907 3335 1027 3370 οιιιιι
1076 3319 1354 3380 Mediceo,
1414 3317 1543 3367 Flo-

454 3390 666 3441 rentino
711 3389 928 3468 alioque
965 3388 1105 3438 libro
1140 3387 1368 3450 retinui,
1419 3403 1542 3438 cum

453 3460 545 3510 alii
595 3460 798 3509 ferrent
851 3450 1284 3522 ὠφελεύμενος,
1342 3461 1404 3507 ut
1455 3473 1543 3507 su-

453 3545 552 3595 pra
609 3528 899 3590 1,7.11
958 3523 1347 3606 καλεόμενος,
1395 3526 1541 3591 quod

452 3600 576 3650 edd.
615 3603 847 3654 recentt
875 3599 932 3647 in
972 3590 1149 3647 καλευ
1164 3611 1334 3660 μενος
1369 3602 1543 3646 muta-

453 3674 597 3719 runt.
669 3669 806 3718 Mihi
852 3673 1085 3732 utraque
1130 3668 1304 3717 forma
1339 3667 1542 3716 Noster

451 3752 582 3787 usus
633 3752 753 3788 esse
800 3738 1034 3788 videtur.
1119 3736 1203 3787 Ad
1242 3737 1411 3785 verba
1446 3731 1542 3784 καὶ

451 3800 645 3856 ἔπειτα
706 3806 883 3869 (cuius
946 3806 1067 3856 loco
1119 3808 1351 3857 recentt.
1415 3805 1539 3856 edd.

452 3873 706 3925 Bredovii
749 3893 802 3940 p.
845 3876 945 3928 109
983 3880 1329 3952 praeceptum
1365 3875 1541 3924 secuti

453 3943 717 3993 dederunt
763 3940 1002 4009 ἔπειτεν)
1052 3935 1197 4008 χάνῃ
1250 3942 1426 4008 suppl.
1475 3936 1539 3993 τὸ

453 4003 653 4074 στόμα.
691 4014 892 4076 quando
925 4013 1206 4064 crocodilus
1241 4029 1299 4063 os
1339 4017 1543 4076 aperuit

450 4098 516 4142 s.‚
554 4086 616 4130 ut
651 4080 956 4146 Schweigh.
994 4081 1192 4144 reddit,
1234 4098 1325 4133 ore
1368 4083 1538 4135 hiante

445 4149 673 4201 recubat.

815 4252 949 4305 Car.
987 4254 1186 4305 LXIX.

523 4356 686 4408 Τοῖσι
719 4349 823 4423 μὲν
859 4349 933 4421 δὴ
970 4355 1084 4406 τῶν
1110 4351 1434 4422 Αἰγυπτίων
1467 4390 1538 4398 .—

2528 1215 2598 1279 οί
2646 1210 2726 1279 δὲ

1637 1369 1997 1444 περιέπουσι]
2043 1380 2128 1429 De
2160 1375 2451 1441 περιέπειν
2488 1378 2636 1428 conf.
2676 1380 2728 1442 1,

1640 1448 1727 1500 73.
1766 1449 1840 1510 11,
1869 1449 1959 1499 64.
2033 1448 2190 1511 Quod
2224 1448 2294 1498 ad
2333 1453 2728 1512 argumentum,

1639 1518 1901 1584 probatur
1949 1517 2260 1568 Herodotea
2307 1518 2551 1568 narratio
2598 1517 2731 1568 alio-

1638 1604 1755 1637 rum
1782 1602 1999 1653 quoque
2032 1588 2354 1653 scriptorum
2382 1588 2741 1648 testimoniis,

1640 1656 1930 1708 Strabonis
1975 1657 2154 1707 XVII.
2205 1671 2258 1720 p.
2313 1657 2447 1707 1165
2474 1657 2545 1706 D.
2596 1657 2732 1708 1169

1639 1728 1704 1777 Β.
1745 1726 1807 1777 C.
1846 1725 1922 1791 (p.
1960 1725 2083 1776 814.
2118 1726 2265 1789 817),
2302 1725 2517 1776 Aeliani
2552 1726 2620 1776 N.
2662 1727 2726 1777 A.

1640 1797 1718 1853 X.
1751 1797 1807 1845 21
1853 1795 1978 1846 0011.
2014 1798 2110 1856 24,
2141 1795 2389 1845 aliorum.
2458 1795 2613 1845 Unde
2652 1796 2732 1845 di-

1640 1866 1873 1928 scimus,
1924 1866 1981 1914 in
2016 1865 2150 1915 urbe
2185 1880 2437 1929 pagoque
2475 1865 2733 1929 Tentyris

1639 1935 1880 1999 itemque
1929 1933 2295 1998 Apollinopoli
2356 1948 2558 1999 magna
2618 1934 2731 1996 illa,

1641 2020 1783 2069 quae
1819 2004 1885 2054 in·
1910 2004 2190 2068 superiore
2219 2004 2470 2067 Aegypto
2500 2004 2611 2052 sita
2648 2009 2734 2053 est

1640 2081 1812 2137 (nunc
1838 2078 2066 2123 vocatur
2090 2072 2277 2139 Edfu),
2316 2073 2524 2122 invisos
2563 2073 2733 2123 fuisse

1643 2142 1965 2205 crocodilos,
1995 2158 2132 2207 quos
2161 2140 2374 2192 incolae
2404 2143 2734 2193 omnimodo

1640 2213 1917 2278 persecuti
1962 2213 2097 2262 sint:
2150 2212 2351 2261 etenim
2387 2210 2735 2282 Typhonium

1642 2281 1847 2332 animal
1875 2281 2259 2346 perhibebatur
2293 2275 2601 2331 crocodilus
2638 2281 2734 2346 (cf.

1642 2350 1855 2401 Aelian.
1896 2350 1932 2400 l.
1979 2350 2016 2401 l.
2055 2350 2335 2401 Plutarch.
2388 2350 2456 2400 de
2491 2350 2626 2402 Isid.
2679 2357 2737 2402 et

1644 2420 1792 2471 Osir.
1839 2436 1961 2484 cap.
2009 2421 2096 2470 50.
2138 2436 2193 2483 p.
2239 2419 2332 2469 371
2387 2419 2512 2480 coll.
2553 2423 2636 2472 75.
2678 2435 2731 2484 p.

1644 2489 1793 2552 381.)
1850 2489 2085 2553 indeque
2150 2489 2331 2539 bestia
2392 2505 2580 2540 exosa.
2670 2492 2735 2541 In

1644 2559 1776 2622 ipsis
1800 2559 2188 2623 Aegyptiorum
2222 2560 2583 2609 monumentis
2608 2575 2736 2610 neu·

1647 2630 1852 2692 tiquam
1880 2627 2133 2692 Typhoni
2162 2623 2380 2677 additur
2407 2628 2733 2691 crocodilus,

1645 2698 1743 2747 sed
1776 2699 2022 2762 sequitur
2058 2712 2178 2747 eum
2217 2697 2404 2761 deum,
2457 2699 2552 2761 qui
2588 2700 2735 2752 notis

1643 2766 2067 2831 hieroglyphicis
2110 2767 2370 2816 scribitur
2403 2766 2596 2828 Sehek,
2642 2767 2737 2817 Se·

1645 2835 1765 2885 bech
1813 2853 1856 2886 s.
1896 2835 2071 2886 Savak
2103 2836 2329 2901 ipseque
2364 2842 2737 2902 repraesenta-

1646 2912 1735 2955 tur
1758 2904 2017 2955 crocodili
2047 2906 2227 2969 capite
2261 2906 2582 2956 instructus.
2630 2908 2737 2957 Hic

1644 2990 1775 3024 vero
1811 2974 1965 3036 deus,
1993 2974 2262 3024 infinitum
2291 2975 2576 3025 declarans
2603 2980 2738 3026 tem-

1647 3059 1772 3108 pus,
1813 3044 1958 3098 unde
1995 3044 2087 3095 Sol
2124 3049 2372 3106 emanat,
2416 3060 2538 3094 cum
2573 3045 2737 3096 Grae-

1648 3128 1830 3164 corum
1857 3114 2025 3164 Crono
2060 3129 2104 3163 s.
2130 3113 2353 3163 Saturno
2385 3115 2640 3164 convenit
2671 3132 2737 3165 ac

1646 3181 1957 3247 plerumque
2012 3184 2079 3236 ob
2122 3184 2382 3247 temporis
2431 3184 2615 3234 omnia
2660 3185 2738 3234 di-

1646 3253 1856 3302 ruentis
1894 3251 1950 3301 et
1984 3253 2279 3302 evertentis
2316 3253 2592 3303 notionem
2641 3270 2737 3305 no-

1647 3321 1754 3371 civi
1790 3321 2024 3371 numinis
2061 3322 2169 3370 vim
2208 3326 2263 3371 et
2290 3326 2617 3386 potestatem
2648 3338 2737 3374 ac·

1646 3389 1841 3454 quirit:
1871 3390 2017 3440 unde
2033 3391 2246 3451 Graeci,
2270 3391 2364 3457 qui
2384 3391 2566 3442 omnia
2594 3393 2738 3443 mala

1646 3460 1898 3524 Typhoni
1954 3460 2370 3523 adscribebant,
2439 3477 2559 3511 eum
2614 3478 2735 3511 cum

1644 3529 1908 3594 Typhone
1928 3530 2243 3580 confudisse
2261 3530 2537 3581 videntur:
2559 3532 2734 3595 ipsum

1642 3614 1773 3649 vero
1808 3599 2139 3664 Aegyptium
2192 3600 2278 3649 dei
2322 3616 2517 3650 nomen
2565 3602 2737 3650 conti-

1642 3683 1772 3718 nere
1805 3669 2025 3717 videtur
2059 3683 2254 3719 nomen
2292 3666 2549 3734 Σοῦχος,
2591 3669 2737 3734 quod

1642 3736 1917 3788 crocodilo
1950 3737 2005 3787 in
2040 3737 2273 3787 Arsino’e
2306 3738 2440 3787 urbe
2489 3737 2738 3793 cultoac

1643 3806 1849 3857 domito
1886 3807 2255 3868 tribuebatur,
2295 3812 2439 3858 teste
2468 3807 2738 3859 Strabone

1642 3875 1816 3926 XVII.
1848 3892 1900 3940 p.
1925 3876 2048 3927 811.
2098 3876 2206 3927 Sed
2238 3877 2365 3927 inde
2393 3891 2609 3942 quoque
2641 3894 2739 3942 ap-

1641 3950 1826 4007 paret,
1883 3960 1980 3996 cur
2013 3945 2344 3996 lamblichus
2400 3945 2466 3996 de
2511 3952 2736 4012 myster.

1639 4014 1705 4076 V,
1745 4014 1779 4065 8
1819 4014 2150 4065 crocodilum
2200 4015 2342 4066 Solis
2390 4015 2605 4081 insigne
2639 4016 2738 4066 ha-

1638 4085 1755 4133 beri
1795 4085 2030 4147 scribat,
2083 4084 2370 4150 Solemque
2410 4084 2585 4149 ipsum
2623 4101 2738 4136 cro-

1640 4152 1818 4203 codilo
1856 4153 2333 4218 superimpositum
2368 4154 2486 4203 sive
2516 4159 2737 4206 vectum

1639 4224 2041 4287 repraesentari
2077 4227 2309 4273 testetur
2332 4222 2584 4274 Clemens
2614 4224 2737 4275 Ale-

1638 4292 1830 4341 xandr.
1884 4292 2170 4343 Stromatt.
2208 4292 2290 4352 V,
2330 4292 2380 4343 7.
2429 4307 2557 4358 pag.
2608 4293 2734 4345 670.

1638 4360 1806 4412 Plura
1849 4362 1962 4413 vid.
2011 4360 2155 4427 apud
2207 4359 2541 4413 Wilkinson.
2578 4363 2734 4413 Man·
