3109 5092
984 310 1487 375 EUTERPE.
1531 312 1619 370 H.
1667 320 1787 375 153.
1837 321 1959 376 154.

330 485 458 555 σάν
498 488 636 554 ἐστι
655 481 977 572 Ἔπαφος.
1062 492 1246 553 Τοῖσι
1289 484 1366 553 δὲ
1387 481 1572 553 Ἴωσι
1614 484 1727 551 καὶ
1762 497 1930 551 τοῖσι
1974 485 2601 573 συγκατεργασαμέ-
2624 501 2742 561 154

2480 310 2603 373 ’783

329 609 503 658 νοισι
524 585 710 681 αὐτῷ
734 582 771 657 ὁ
803 587 1234 676 Ψαμμήτιχος
1262 593 1501 656 δίδωσι
1529 587 1793 676 χώρους
1822 588 2164 675 ἐνοικῆσαι
2183 585 2455 666 ἀντίους
2481 584 2600 656 ἆλ-

330 692 584 781 λήλων,
630 697 752 760 τοῦ
793 699 1051 760 Νείλου
1096 688 1171 759 τὸ
1215 692 1421 780 μέσον
1466 697 1764 778 ἔχοντος,
1811 704 1982 759 τοῖσι
2023 686 2363 779 οὐνόματα
2403 693 2604 779 ἐτέθη

330 794 791 884 Στρατόπεδα.
846 793 1124 874 τούτους
1150 821 1222 862 τε
1252 793 1336 883 δή
1364 814 1487 882 σφι
1515 791 1672 874 τοὺς
1697 790 1955 881 χώρους
1986 798 2260 880 δίδωσι,
2304 796 2414 862 καὶ
2443 786 2601 862 τᾶλ-

330 907 412 967 λα
449 898 529 966 τὰ
563 895 888 986 ὑπέσχετο
925 897 1143 967 πάντα
1181 893 1523 983 ἀπέδωκε,
1573 900 1686 966 καὶ
1729 894 1811 983 δὴ
1842 897 1954 964 καὶ
1993 903 2238 978 παῖδας
2266 900 2604 986 παρέβαλε

329 999 590 1072 αὐτοῖσι
652 1009 1101 1089 Αἰγυπτίους,
1175 998 1299 1088 τὴν
1347 996 1630 1071 Ἑλλάδα
1685 1005 1999 1086 γλῶσσαν
2056 1000 2601 1070 ἐκδιδάσκεσθαι.

330 1102 460 1174 ἀπὸ
503 1106 578 1175 δὲ
615 1106 876 1175 τούτων
916 1104 1359 1193 ἐκμαθόντων
1396 1102 1521 1193 τὴν
1561 1107 1878 1192 γλῶσσαν
1913 1108 1983 1171 οἱ
2018 1109 2151 1174 νῦν
2182 1106 2497 1193 ἑρμηνέες
2529 1107 2605 1174 ἐν

331 1208 658 1301 Αἰγύπτῳ
698 1206 1036 1296 γεγόνασι.
1107 1213 1176 1277 οἱ
1206 1208 1280 1277 δὲ
1302 1205 1529 1287 Ἴωνές
1555 1235 1627 1276 τε
1654 1207 1769 1275 καὶ
1795 1209 1867 1274 οἰ
1889 1211 2115 1296 Κᾶρες
2140 1207 2418 1288 τούτους
2448 1205 2604 1288 τούς

331 1408 585 1458 convenit
612 1407 825 1460 Aelian.
848 1409 922 1460 H.
947 1409 1012 1459 A.
1040 1410 1137 1472 XI,
1175 1409 1258 1460 10.
1306 1410 1415 1460 Νο-

329 1485 441 1526 ster
478 1483 642 1527 vocat
689 1478 952 1541 Epaphum
1002 1478 1079 1541 11,
1129 1479 1197 1529 38
1242 1480 1318 1528 in.
1359 1484 1414 1529 et

329 1546 437 1609 ΙΙΙ,
501 1547 596 1602 28ς
654 1563 825 1613 eoque
881 1548 1093 1598 nomine
1144 1550 1413 1614 pipaneem,

327 1619 659 1681 maynitudine
701 1621 931 1680 corporis
976 1620 1107 1667 alios
1154 1621 1297 1682 Ionye
1332 1634 1415 1668 su-

324 1695 583 1747 perantem
630 1688 860 1736 indicari
919 1691 1079 1751 putat
1131 1687 1410 1740 Iablonsk.

326 1756 493 1806 Voce.
533 1757 790 1822 Aegyptt.
831 1772 962 1822 pag.
1001 1759 1088 1807 65.
1161 1757 1298 1807 Aliis
1337 1758 1415 1806 vi-

330 1825 485 1876 detur
521 1840 641 1874 esse
678 1835 857 1875 caurus
894 1842 939 1876 s.
975 1826 1065 1876 bos
1100 1834 1277 1888 pater,
1315 1831 1411 1876 aut

326 1903 505 1943 taurus
553 1900 880 1958 praecipuus.
971 1895 1096 1945 Vid.
1158 1896 1407 1946 Creuzer.

328 1963 568 2027 Symbol.
605 1964 681 2013 11.
715 1980 842 2029 pag.
875 1964 996 2024 207,
1033 1964 1125 2029 qui
1163 1965 1215 2014 h.
1242 1965 1280 2017 l.
1319 1965 1412 2015 ad-

328 2033 408 2081 dit
429 2034 848 2099 Payne·Knigbt
867 2049 936 2082 on
958 2034 1273 2097 symbolical
1294 2034 1410 2084 lan-

328 2117 492 2166 guag.
536 2105 584 2164 ς.
633 2104 720 2153 28.
760 2118 886 2167 pag.
940 2105 1024 2152 20.
1099 2104 1284 2167 Ipsum
1319 2120 1412 2154 no—

329 2188 448 2220 men
465 2172 609 2221 notis
624 2171 1046 2236 hieroglyphicis
1066 2171 1410 2238 designatum

328 2247 487 2290 sonat
531 2242 691 2304 llapi:
730 2241 875 2307 quod
909 2257 1027 2290 cum
1068 2242 1302 2294 Osiridis
1341 2243 1411 2291 sit

328 2326 625 2375 cognomen
683 2327 729 2361 s.
786 2310 1096 2375 epitheton,
1158 2312 1282 2363 inde
1342 2313 1410 2362 ad

327 2381 517 2429 bovem
552 2380 657 2445 ipsi
693 2395 905 2429 sacrum
943 2396 1116 2445 aeque
1156 2383 1412 2431 transser-

327 2455 442 2511 tur;
491 2450 601 2500 vid.
643 2450 967 2500 Wilkinson.
1006 2451 1261 2501 Manners
1303 2458 1407 2501 etc.

295 2534 436 2569 sec.
473 2535 574 2570 ser.
614 2519 658 2568 Ι.
702 2534 826 2584 pag.
866 2519 987 2581 350,
1028 2520 1119 2583 qui
1154 2520 1280 2571 inde
1316 2521 1410 2571 du-

215 2625 229 2641 .
326 2588 494 2650 bitat,
531 2604 658 2638 num
693 2581 954 2650 Ἐπάφου
992 2604 1186 2639 nomen
1219 2605 1408 2640 revera

328 2657 590 2707 Graecam
648 2657 848 2706 habeat
917 2658 1156 2722 stirpem.
1266 2659 1405 2709 Add.

325 2727 532 2775 Roeth:
582 2726 905 2777 Geschichte
943 2727 995 2777 d.
1035 2726 1249 2778 abeudl.
1285 2729 1409 2778 Phi-

325 2794 534 2860 losoph.
582 2796 628 2845 1.
675 2800 814 2844 nott.
864 2811 988 2860 pag.
1046 2797 1163 2848 113.
1239 2797 1406 2848 Plura

325 2863 392 2914 de
428 2864 602 2930 Apide
638 2863 885 2914 dabimus
911 2865 980 2915 ad
1006 2866 1268 2917 Herodot.
1303 2868 1405 2932 111,

324 2933 392 2984 28
426 2940 482 2985 et
515 2935 572 2984 in
607 2936 856 2985 Excursu
890 2935 961 2985 ad
999 2935 1103 2999 111,
1140 2936 1228 2988 28.

679 3142 809 3192 cip,
851 3143 1041 3194 CLIV.
1135 3159 1148 3170 ·

391 3237 783 3310 Στρατόπεδα]
819 3245 978 3298 Cous.
1016 3248 1090 3311 ΙΙ,
1134 3247 1232 3298 112
1269 3248 1429 3313 ibiq.'

321 3318 459 3363 nott.
507 3314 736 3366 Diodor.
781 3316 950 3365 Sicul.
998 3318 1043 3378 Ι,
1096 3318 1182 3367 67.
1231 3344 1300 3354 —-
1338 3318 1402 3367 ln

322 3397 473 3445 seqq.
519 3383 701 3432 verbis
738 3381 950 3442 παῖδας
985 3382 1263 3448 παρέβαλε
1303 3376 1405 3434 αὖ·

319 3453 467 3499 τοῖσι
501 3466 552 3499 κ.
594 3466 641 3500 τ.
675 3451 722 3500 λ.
761 3449 1038 3518 παρέβαλε
1059 3453 1235 3504 valet:
1272 3469 1402 3503 com-

318 3520 473 3580 misit,
532 3521 747 3569 tradidit
793 3521 889 3582 iis,
943 3522 1105 3586 plane
1147 3527 1210 3572 ut
1257 3523 1401 3587 apud

319 3588 547 3638 Diodor.
573 3589 703 3651 XII,
726 3589 1032 3660 l4;·neque
1053 3592 1195 3640 enim
1232 3592 1403 3656 signi-

319 3657 483 3707 ficare
523 3663 725 3722 potest:
766 3657 965 3709 liberos
991 3660 1222 3721 deposuit
1257 3660 1403 3724 apud

319 3742 445 3788 eos,
483 3732 544 3777 ut
578 3729 914 3792 propositum
949 3729 1109 3779 video
1142 3730 1199 3779 in
1235 3730 1398 3781 Thes.

319 3798 383 3847 L.
424 3797 516 3848 Gr.
555 3798 653 3849 VI.
698 3814 827 3863 pag.
877 3797 979 3849 209
1027 3798 1112 3848 ed.
1148 3799 1402 3850 Dindorf.

318 3866 402 3916 Ad
439 3868 661 3917 verbum
694 3868 926 3919 medium
962 3860 1402 3918 ἐκδιδάσκεσθαι

318 3935 687 3998 (ancer-riclam
716 3937 909 4002 latren)
946 3941 1224 4001 spectant,
1262 3954 1402 4004 quae

318 4005 584 4056 Matthiae
633 4011 788 4056 notat
834 4007 927 4057 Gr.
981 4007 1074 4059 Gr.
1119 4023 1245 4089 pag.
1294 4007 1398 4058 925

318 4078 432 4124 not.
461 4074 512 4125 b.
537 4076 635 4128 Cr.
663 4076 735 4125 ad
768 4076 903 4126 haec
932 4076 1102 4126 verba
1128 4076 1257 4141 (την
1279 4067 1399 4126 Ἑλ-

315 4134 461 4191 λάδα
495 4142 752 4207 γλῶσσαν
788 4136 1248 4212 ἐκδιδάσκεσθαι)
1274 4162 1400 4197 con-

317 4212 444 4260 ferri
469 4212 587 4263 vult
615 4212 1048 4264 Winckelmann.
1089 4214 1227 4280 Opp.
1267 4216 1314 4265 I.
1343 4230 1396 4279 p.

321 4283 417 4331 122
461 4297 574 4347 seq.
635 4283 720 4333 ed.
774 4284 1070 4333 Dresdens.
1130 4289 1184 4333 et
1242 4285 1401 4349 Wyt-

313 4351 566 4402 tenbach.
607 4351 677 4401 ad
722 4351 999 4403 Plutarch.
1051 4353 1191 4404 Mor.
1229 4352 1306 4404 11.
1347 4354 1396 4405 1.

1515 1407 1789 1529 gzffimlssl
1849 1422 1966 1474 seq.
2047 1408 2132 1459 Tu
2193 1408 2363 1459 conf:
2397 1407 2602 1459 Herod.

1598 1515 1612 1542 ,
1725 1514 1739 1528 .

1589 1573 1648 1629 οἰ
1682 1576 1792 1629 νῦν
1826 1569 2092 1643 ἑρμηνέες
2127 1569 2188 1627 ἐν
2225 1571 2490 1645 Αἰγύπτῳ
2518 1595 2602 1645 γε·

1515 1641 1741 1715 γόνασι]
1798 1649 2160 1712 Interpretum
2214 1664 2348 1712 gens
2405 1665 2604 1699 memo-

1516 1726 1668 1770 ratur
1704 1718 1848 1768 infra
1875 1719 1955 1780 11,
2001 1718 2113 1768 164.
2189 1718 2273 1768 Ad
2293 1719 2463 1782 ipsam
2491 1736 2600 1767 rem

1516 1789 1753 1850 faciunt,
1801 1802 1943 1852 quae
1980 1788 2283 1837 Heerenius
2318 1787 2487 1837 Ideen
2521 1788 2599 1850 ΙΙ,

1513 1862 1567 1909 2.
1619 1873 1745 1922 pag.
1792 1859 1890 1907 145
1939 1856 2271 1923 disputavit,
2319 1857 2458 1906 bene
2509 1860 2601 1908 ad·

1512 1942 1735 1978 monens
1782 1926 1850 1976 de
1900 1926 2053 1988 odio,
2113 1927 2257 1990 quod
2309 1926 2600 1990 indigenae

1512 1997 1775 2062 Aegyptii
1808 1996 1864 2045 in
1898 1995 2210 2060 peregrinos
2245 1996 2382 2046 istos
2412 2012 2601 2046 conce-

1512 2071 1736 2130 perant,
1776 2065 1970 2130 quibus
2003 2066 2072 2115 ad
2094 2080 2319 2129 regnum
2353 2065 2601 2115 obtinen-

1513 2136 1641 2185 dum
1677 2150 1806 2185 usus
1843 2140 1962 2184 erat
1998 2151 2120 2197 rex,
2168 2149 2406 2200 quosque
2445 2151 2602 2199 prae-

1513 2206 1638 2255 miis
1689 2220 1758 2254 ac
1812 2204 2088 2255 beneficiis
2143 2205 2269 2253 inde
2320 2203 2598 2256 affecerat.

1515 2276 1699 2337 Quare
1744 2275 1835 2340 qui
1870 2275 2129 2340 Aegyptii
2166 2272 2319 2338 pueri
2365 2273 2472 2323 illis
2510 2290 2598 2339 pe-

1512 2345 1744 2408 regrinis
1770 2345 2092 2395 Instituendi
2121 2343 2494 2407 tradebantur,
2531 2345 2598 2393 iis

1499 2415 1734 2463 minime
1770 2414 1924 2464 licuit
1958 2418 2082 2479 post
2117 2413 2187 2462 ad
2223 2413 2460 2478 reliquos
2496 2415 2599 2464 Ae-

1512 2484 1733 2548 gyptios
1758 2483 1951 2546 redire,
1977 2499 2011 2534 a
2033 2484 2228 2549 quibus
2249 2483 2455 2533 exclusi
2480 2483 2600 2533 nul-

1511 2553 1622 2602 lam
1645 2554 1700 2602 in
1714 2552 1913 2602 tribum
1929 2551 2201 2616 („Kaste“
2222 2552 2389 2617 vulgo
2416 2552 2598 2616 appel-

1510 2620 1655 2684 lant)
1697 2623 2083 2686 reciperentur.
2157 2621 2314 2670 Unde
2350 2621 2482 2670 nihil
2517 2638 2597 2672 re-

1509 2690 1643 2755 liqui
1679 2691 1812 2752 fuit,
1851 2692 1956 2740 nisi
1990 2696 2051 2740 ut
2085 2706 2228 2740 nova
2263 2706 2328 2740 ex
2363 2690 2472 2740 illis
2503 2692 2596 2740 tri-

1506 2760 1610 2810 bus
1628 2761 2068 2822 constitueretur,
2093 2761 2464 2823 interpretum,
2503 2760 2595 2825 qui
2664 2799 2671 2804 .

1507 2845 1572 2879 eo
1610 2835 1872 2894 tempore,
1910 2845 2016 2895 quo
2055 2830 2277 2880 Graecis
2316 2829 2498 2879 aditus
2537 2830 2593 2879 in

1504 2901 1814 2964 Aegyptum
1851 2900 2298 2964 permittebatur,
2347 2913 2593 2949 necessa-

1508 2968 1574 3017 rii
1609 2968 1842 3035 indeque
1872 2971 2037 3020 etiam
2078 2969 2383 3034 frequentes
2420 2968 2589 3020 fuere.

1504 3039 1695 3105 Neque
1724 3039 1866 3089 enim
1899 3040 2216 3090 incredibile
2243 3043 2354 3102 est,
2390 3038 2592 3103 pleros-

1509 3123 1613 3172 que
1646 3109 1972 3174 interpretes
2010 3114 2065 3159 et
2087 3110 2236 3174 ipsos
2262 3113 2589 3159 mercatores

1509 3178 1683 3228 fuisse
1733 3183 1788 3228 et
1832 3182 2210 3230 commercium
2259 3194 2380 3230 cum
2440 3194 2590 3242 pere-

1506 3247 1678 3312 grinis
1719 3250 2045 3300 exercuisse.
2118 3250 2202 3299 De
2249 3248 2351 3297 hoc
2393 3248 2587 3297 Psam-

1506 3318 1717 3367 mitichi
1753 3318 2032 3381 instituto,
2080 3333 2186 3382 quo
2226 3317 2447 3367 Graecis
2485 3318 2587 3365 Ae·

1502 3387 1811 3450 gyptiorum
1846 3403 2042 3451 pueros
2073 3386 2302 3436 tradidit
2324 3386 2586 3435 Graecam

1503 3454 1747 3519 linguam
1795 3456 2123 3516 edocendos,
2184 3454 2585 3518 sapientissimo

1503 3523 1600 3573 illo
1628 3525 1862 3588 quidem,
1894 3525 2196 3589 disputavit
2232 3537 2447 3588 quoque
2481 3523 2587 3572 Le-

1503 3596 1699 3642 tronne
1723 3594 1935 3658 (Revue
1956 3594 2009 3644 d.
2035 3594 2193 3644 deux.
2223 3592 2406 3641 mond.
2428 3592 2583 3642 1845.

1502 3662 1570 3711 T.
1608 3662 1704 3711 IX.
1744 3677 1869 3726 pag.
1908 3665 2009 3713 525
2041 3677 2157 3726 seq.
2191 3658 2354 3711 Mem.
2383 3660 2450 3709 de
2477 3659 2588 3710 ΡΑ-

1503 3731 1627 3781 cad.
1650 3730 1703 3779 d.
1729 3729 1985 3796 Inscript.
2002 3732 2184 3781 XVII.
2213 3746 2265 3794 p.
2303 3729 2359 3778 14
2385 3730 2582 3795 seqq.).

1501 3799 1692 3864 Neque
1749 3802 1889 3851 enim
1931 3799 2375 3851 Psammiticbum
2423 3799 2585 3850 Grac-

1502 3885 1597 3919 cos
1633 3870 1923 3921 retinuisse
1950 3886 2069 3921 eam
2106 3874 2315 3922 tantum
2353 3869 2422 3919 ob
2458 3885 2585 3920 cau·

1502 3954 1638 4002 sam,
1676 3942 1737 3988 ut
1772 3940 1915 4005 regis
1952 3939 2206 3991 custodes
2242 3943 2453 4000 essent,
2492 3956 2584 3988 ve-

1500 4024 1619 4058 lum
1661 4008 1763 4059 hoc
1804 4011 2055 4060 instituto
2103 4009 2159 4059 id
2202 4024 2417 4073 quoque
2463 4024 2583 4074 spe-

1501 4082 1683 4128 ctasse
1717 4078 1858 4139 vult,
1910 4087 1971 4130 ut
2007 4079 2397 4144 Aegyptiorum
2441 4094 2585 4128 com-

1501 4146 1757 4195 mercium
1795 4164 1914 4198 cum
1951 4149 2173 4201 Graecis
2201 4151 2439 4199 ‘omnino
2485 4164 2581 4199 au-

1501 4220 1719 4280 geretur
1757 4216 1987 4282 indeque
2031 4219 2264 4269 maxima
2301 4219 2583 4270 commoda

1499 4284 1868 4402 redulndarent
1913 4288 1969 4336 in
2003 4288 2311 4353 Aegyptum
2358 4292 2583 4353 eiusque

1497 4368 1622 4404 mco
1644 4368 1727 4404 as.
