3109 5092
478 343 602 407 382

1343 346 1882 410 HERODOTI

474 518 710 608 Κύρου
740 519 1165 609 ποιεύμενον,
1193 518 1344 591 οὐδ’
1379 515 1466 591 ἂν
1500 520 1919 611 περιιδόντες
1943 519 2100 602 τοὺς
2126 523 2393 610 Πέρσας
2440 523 2755 593 ἐσελθεῖν

474 625 542 703 ἐς
565 621 691 712 τὴν
717 621 937 708 πόλιν,
968 627 1376 713 διέφθειραν
1402 624 1705 695 κάκιστα.
1754 631 2317 713 κατακληῒσαντες
2346 622 2476 714 γὰρ
2505 620 2594 695 ἂν
2624 626 2750 696 πά-

473 746 594 806 σας
639 723 755 805 τὰς
798 730 864 808 ἐς
910 726 1029 797 τὸν
1076 726 1376 817 ποταμὸν
1416 735 1708 809 πυλίδας
1748 727 2058 818 ἐχούσας,
2103 731 2217 799 καὶ
2258 725 2452 798 αὐτοὶ
2487 731 2597 799 ἐπὶ
2637 727 2752 809 τὰς

472 826 786 918 αἱμασιὰς
810 827 1184 920 ἀναβάντες
1211 829 1327 913 τὰς
1354 831 1535 918 παρὰ
1576 831 1655 901 τὰ
1682 840 1907 921 χείλεα
1932 835 2054 901 τοῦ
2082 837 2387 920 ποταμοῦ
2427 835 2747 922 ἐληλαμέ-

472 961 629 1018 νας,
676 938 921 1021 ἔλαβον
950 932 1038 1005 ἄν
1076 956 1289 1023 σφεας
1329 931 1418 1015 ὥς
1459 937 1534 1006 ἐν
1577 935 1814 1026 κύρτῃ.
1868 939 2003 1004 νῦν
2034 934 2109 1003 δὲ
2138 937 2205 1017 ἐξ
2233 932 2745 1026 ἀπροσδοκήτου

478 1058 600 1125 σφι
638 1037 1064 1127 παρέστησαν
1104 1042 1176 1107 οἰ
1208 1041 1486 1128 Πέρσαι.
1556 1034 1692 1109 ὑπὸ
1726 1040 1802 1108 δὲ
1844 1037 2178 1127 μεγάθεος
2210 1045 2327 1128 τῆς
2354 1039 2618 1124 πόλιος,
2660 1036 2751 1120 ὥς

474 1202 740 1269 gligentia
804 1203 1085 1268 scriptoris
1154 1204 1337 1268 potius
1399 1219 1559 1268 quam

473 1272 685 1322 librarii
702 1272 790 1321 hic
810 1275 1103 1338 superioris
1127 1273 1412 1324 commatis
1431 1289 1562 1346 apo-

474 1341 633 1392 dosin
657 1340 848 1421 deesse
873 1345 1048 1394 videri
1083 1344 1236 1407 dicit,
1266 1361 1319 1394 v·
1348 1360 1397 1394 c.
1426 1334 1560 1392 ἐστό-

472 1410 669 1474 θησαν
704 1426 777 1459 αν
802 1426 848 1460 s.
882 1412 1032 1464 aliud
1064 1414 1195 1479 quid
1228 1412 1559 1463 huiusmodi.

472 1481 738 1545 Equidem
774 1480 909 1532 nihil
945 1483 1217 1545 desidero,
1256 1483 1351 1533 ubi
1380 1483 1561 1532 omnia

473 1551 667 1600 adesse
702 1549 885 1604 video.
949 1555 1089 1604 Nam
1133 1568 1274 1619 quae
1318 1553 1559 1617 protasis

473 1625 559 1670 est
603 1614 658 1669 εί
688 1648 758 1659 -
799 1614 1211 1686 προεπύθοντο
1258 1609 1299 1688 ἢ
1339 1618 1561 1686 ἔμαθον

475 1683 536 1738 οἰ
566 1680 918 1755 Βαβυλώνιοι
952 1709 1004 1743 κ.
1043 1707 1090 1741 τ.
1125 1692 1200 1756 L,
1256 1693 1307 1741 ei
1339 1707 1563 1756 respon-

473 1760 567 1810 det
600 1758 884 1824 apodosis:
924 1753 1056 1811 οὐδ’
1094 1751 1167 1811 ἂν
1203 1758 1561 1824 περιϊδόντες

471 1860 543 1869 -
576 1826 937 1897 διέφθειραν.
1008 1833 1198 1896 Neque
1242 1832 1449 1881 verbis:
1509 1825 1563 1880 εἰ

470 1894 592 1964 μέν
648 1913 776 1948 νυν
828 1893 1242 1966 προεπύθοντο
1297 1913 1346 1950 ιι.
1404 1917 1450 1950 τ.
1507 1900 1556 1949 λ.

472 1969 694 2030 desunt,
736 1985 875 2034 qnae
910 1971 1296 2036 respondeant.
1363 1970 1559 2021 Verbis

472 2040 613 2087 enim
660 2036 898 2103 aliquot,
948 2056 1088 2106 quae
1124 2055 1343 2090 causam
1387 2040 1560 2090 conti-

472 2112 603 2157 nent
667 2112 1041 2177 ratIonemqne
1101 2110 1259 2174 quasi
1323 2109 1559 2159 reddunt

472 2178 739 2242 priorum,
819 2179 1158 2245 interpositis
1226 2175 1556 2243 (κατακληΐ-

475 2259 673 2304 σαντες
709 2241 834 2313 γὰρ
865 2237 938 2298 ἂν
958 2281 1023 2288 -
1047 2243 1252 2313 ἔλαβον
1277 2238 1352 2296 ἄν
1380 2260 1558 2311 σφεας

472 2307 550 2372 ὥς
580 2306 641 2364 ἐν
663 2312 867 2385 κύρτῃ)
900 2319 1148 2385 sequitur
1181 2318 1378 2380 altera,
1417 2332 1558 2382 quae

472 2387 766 2465 opponitur
796 2389 1103 2463 'periodum
1171 2384 1302 2435 νῦν
1368 2382 1439 2436 δὲ
1496 2377 1552 2448 ἐξ

469 2452 920 2578 339220’23333’.
940 2455 1558 2591 '3:²5³ae.¹³³3{3⁰2.}¹;2

472 2594 724 2649 desidero
787 2598 1023 2664 negandi
1091 2563 1416 2662 particulam
1469 2596 1558 2646 bic

467 2680 690 2730 prorsus
742 2669 1126 2719 necessariam.
1211 2667 1328 2716 Nec
1381 2666 1555 2730 magis

466 2734 650 2800 placet
687 2738 832 2804 quod
859 2740 1070 2803 Bur-ges
1107 2735 1382 2801 (Prolegg.
1411 2735 1555 2784 Thu-

469 2805 592 2869 cyd.
617 2824 672 2872 p.
700 2806 830 2872 328)
870 2809 1035 2859 scribi
1068 2806 1187 2856 vult
1212 2802 1554 2869 διέφθαρεν,

467 2875 504 2924 i.
545 2890 595 2926 e.
632 2868 1058 2942 διεφθάρησαν.

540 2939 897 3010 περιϊδόντες
946 2938 1082 3002 τοὺς
1133 2942 1356 3005 Πέρσας
1412 2933 1558 2992 ἐσελ-

468 3008 628 3080 θεῖν]
671 3016 854 3067 Verbo
892 3011 1170 3079 περιορᾶν
1218 3012 1307 3063 hic
1340 3017 1558 3077 praeter

470 3084 918 3135 consuetudinem
953 3082 1229 3149 participii
1263 3081 1385 3132 loco
1422 3082 1558 3132 adii-

469 3152 615 3203 citur
656 3153 979 3204 infinitivus.
1059 3151 1216 3202 Conf.
1274 3150 1413 3214 VII,
1467 3151 1551 3201 16.

470 3224 522 3284 g.
553 3223 603 3275 1.
635 3223 890 3275 Kuehner
915 3223 1008 3274 Gr.
1031 3223 1122 3273 Gr.
1146 3225 1198 3285 §-
1221 3217 1340 3271 660.
1368 3226 1483 3272 not.
1503 3221 1555 3271 1.

536 3286 636 3351 τὰς
703 3284 758 3350 ἐς
820 3286 925 3343 τὸν
982 3282 1244 3355 ποταμὸν
1311 3287 1556 3347 πυλίδας

466 3351 725 3430 ἐχούσας]
764 3354 1000 3430 ἐχούσας
1020 3360 1168 3412 haud
1196 3359 1359 3409 aliter
1388 3365 1554 3425 atque

466 3431 514 3494 I,
542 3434 642 3486 180
675 3432 865 3486 eodem
898 3432 1058 3483 modo
1093 3447 1199 3497 qno
1236 3428 1377 3479 alias
1415 3429 1553 3480 dixit

463 3495 775 3624 Zepodwc.
810 3532 880 3542 --
921 3501 1081 3565 Quod
1118 3500 1189 3552 ad
1224 3499 1551 3564 particulam

504 3589 538 3624 ν
577 3573 804 3638 attinet,
838 3574 926 3624 bis
958 3571 1308 3632 collocatam,
1342 3569 1554 3620 monuit

466 3645 747 3695 Werferus
772 3645 948 3710 (Actt.
973 3640 1178 3708 philoll.
1204 3639 1392 3690 Monn.
1421 3640 1468 3702 I,
1494 3640 1546 3689 2.

465 3731 593 3781 pag.
624 3711 784 3776 249),
822 3714 995 3779 primo
1018 3711 1138 3761 loco
1164 3709 1400 3776 positam
1435 3723 1552 3774 per-

464 3787 640 3834 tinere
673 3779 822 3832 illam
862 3783 933 3832 ad
966 3781 1313 3847 participium
1361 3779 1553 3841 (κατα-

463 3849 848 3916 κληΐσαντες),
896 3851 1071 3902 altero
1107 3849 1228 3900 loco
1264 3847 1336 3897 ad
1373 3850 1551 3912 ipsum

466 3921 689 3972 verbum
741 3921 953 3970 finitum
1011 3913 1232 3986 ἔλαβον.
1320 3917 1406 3967 Ad
1452 3909 1553 3973 τὰς

464 3981 733 4054 αἷμασιὰς
757 3990 902 4040 conf.
929 4003 1095 4053 supra
1119 3988 1164 4049 I,
1196 3986 1315 4048 180,
1352 3985 1448 4035 ubi
1481 3985 1551 4035 ad

460 4064 749 4128 utramque
835 4058 990 4108 fluvii
1064 4057 1239 4121 ripam
1313 4045 1550 4120 αἰμασιὴ

460 4125 731 4178 πλίνθων
765 4118 987 4176 ὀπτέων
1019 4123 1378 4190 παρατείνει,
1413 4124 1545 4189 ibiq.

462 4202 602 4249 nott.

532 4261 735 4332 ἔλαβον
781 4252 855 4312 ἅν
903 4274 1077 4326 σφεας
1121 4251 1198 4318 ὥς
1244 4253 1304 4311 ἐν
1346 4253 1545 4328 κύρτῃ]

426 4323 433 4332 ’
460 4326 639 4401 κύρτη
664 4348 710 4384 s.
735 4323 970 4397 κύρτος,
1006 4335 1070 4380 nt
1091 4329 1187 4379 alii
1214 4330 1425 4394 dixere,
1464 4335 1548 4380 est

461 4417 644 4469 naua,
676 4403 874 4466 fiscella
908 4416 938 4451 e
972 4397 1227 4450 viminibus
1262 4405 1410 4450 teoeea
1424 4434 1438 4461 ‚
1490 4398 1547 4448 in

1662 1204 1903 1269 piscibus
1963 1204 2243 1269 capiendis
2304 1204 2532 1255 usitata.
2623 1203 2750 1266 ‚,Cf.

1662 1274 1949 1325 Heindorf.
1985 1274 2054 1323 ad
2087 1274 2308 1327 Platon.
2342 1274 2585 1339 Sophist.
2620 1288 2748 1338 pag.

1661 1345 1766 1396 285
1790 1349 1844 1393 et
1864 1345 2172 1409 interprett.
2197 1344 2271 1394 ad
2292 1344 2569 1395 Theocrit.
2584 1343 2746 1408 Idyll.

1661 1413 1810 1464 XXI.
1862 1429 1944 1463 vs.
1983 1412 2198 1464 9—11.
2269 1413 2465 1464 Pollux
2512 1414 2570 1463 in
2607 1412 2750 1462 Ono·

1660 1488 1821 1533 mast.
1859 1484 1936 1545 X,
1972 1482 2059 1534 36.
2100 1485 2153 1545 §-
2196 1482 2296 1535 160
2341 1499 2544 1534 caveam
2591 1497 2750 1547 expo-

1661 1554 1803 1602 nit.“
1858 1554 1945 1604 Gr.
2020 1552 2222 1617 Attigit
2261 1568 2477 1619 quoque
2512 1552 2746 1603 Bredov,

1661 1639 1715 1687 p.
1756 1625 1849 1684 54,
1890 1622 1985 1687 qui
2019 1639 2075 1687 p.
2113 1622 2216 1673 312
2246 1624 2303 1672 in
2332 1639 2490 1688 seqq.
2526 1631 2623 1687 pro
2662 1610 2750 1670 ἕα-

1659 1684 1925 1741 λωιιότων
1961 1696 2019 1742 et
2053 1684 2371 1749 ἑαλωκότας
2408 1692 2555 1757 qnod
2585 1690 2749 1741 scribi

1661 1762 1781 1811 vult
1803 1752 2108 1825 ἡλωκότων
2140 1765 2197 1811 et
2212 1752 2521 1827 ἡλωκότας,
2559 1767 2622 1811 ut
2644 1761 2753 1810 He-

1659 1831 1886 1883 rodotus
1922 1829 2048 1880 aliis
2082 1830 2221 1882 locis
2263 1831 2430 1893 dixit,
2468 1831 2622 1881 libris
2659 1828 2753 1880 ad-

1659 1901 2007 1951 versantibus
2041 1901 2271 1966 obsequi
2303 1900 2486 1964 nolui,
2521 1905 2752 1964 utraque

1660 1970 1837 2020 forma
1867 1971 2128 2020 Nostrum
2172 1971 2256 2020 uti
2289 1972 2538 2036 potuisse
2576 1976 2749 2020 ratus.

1730 2029 1848 2090 ὑπὸ
1884 2031 1947 2088 δὲ
1977 2031 2263 2105 μεγάθεος
2295 2038 2398 2105 τῆς
2423 2031 2638 2103 πόλιος,
2673 2030 2751 2095 ὡς

1657 2106 1870 2174 λέγεται
1907 2121 1959 2158 κ.
1988 2125 2036 2158 τ.
2063 2108 2134 2175 L]
2173 2112 2276 2160 Est
2312 2114 2623 2161 structurae
2659 2124 2750 2173 ge·

1660 2194 1790 2240 nus,
1828 2178 1990 2244 quale
2025 2177 2099 2227 ad
2123 2180 2168 2242 Ι,
2198 2181 2268 2230 58
2290 2181 2594 2245 attigimus.
2658 2179 2744 2230 Gr.

1658 2247 1748 2299 hic
1781 2248 1936 2298 addit
1974 2248 2258 2298 Heindorf.
2297 2250 2369 2299 ad
2404 2249 2623 2300 Platon.
2652 2247 2750 2298 So·

1658 2318 1824 2382 phist.
1886 2334 1939 2383 p.
2000 2317 2121 2368 436.
2214 2319 2302 2369 Ad
2367 2322 2747 2384 argumentum

1659 2388 1804 2452 quod
1872 2391 2116 2451 spectat,
2181 2387 2374 2438 scribit
2424 2386 2747 2439 Aristotelen

1659 2455 1830 2507 Polit.
1867 2456 1975 2518 111,
2011 2458 2064 2506 2.
2089 2471 2215 2521 pag.
2244 2456 2432 2520 341A,
2470 2457 2604 2507 urbe
2640 2457 2748 2506 iam

1660 2527 1880 2576 tertium
1928 2526 2072 2575 diem
2118 2531 2285 2591 capta
2326 2527 2567 2577 nondum
2614 2524 2750 2575 illud

1661 2595 1910 2645 omnibus
1967 2594 2160 2645 incolis
2220 2597 2497 2662 cognitum
2555 2595 2747 2647 fuisse.

1664 2665 1822 2726 Quod
1861 2664 1936 2727 ei,
1984 2665 2078 2729 qui
2123 2665 2273 2715 urbis
2321 2666 2746 2731 magnitudinem

1659 2734 1996 2799 reputaverit
2031 2734 2172 2798 (vid.
2212 2734 2280 2785 ad
2313 2735 2361 2798 1,
2401 2735 2554 2801 178),
2600 2733 2745 2784 haud

1659 2803 2014 2869 improbabile
2058 2804 2349 2854 videbitur.
2421 2806 2488 2855 In
2524 2803 2745 2869 reliquis

1660 2888 1782 2923 cum
1811 2872 2092 2923 Herodoto
2142 2873 2415 2925 consentit
2447 2873 2748 2938 Xenophon

1660 2942 1963 3008 Cyropaed.
2022 2943 2165 3007 VII,
2221 2946 2270 2995 5.
2323 2945 2374 3006 ὅ.
2432 2945 2522 3006 15,
2578 2943 2633 2991 in
2680 2957 2745 2991 eo

1659 3013 1820 3062 unice
1868 3012 2224 3074 dissentiens,
2281 3012 2425 3077 quod
2477 3026 2587 3061 non
2638 3011 2747 3060 for-

1659 3085 1795 3131 tuna
1826 3081 1977 3132 istud
2013 3082 2307 3145 accidisse,
2347 3082 2444 3131 sed
2471 3081 2599 3146 Cyri
2626 3086 2746 3130 arte

1660 3150 1895 3216 doloque
1926 3156 2310 3217 praeparatum
2349 3158 2557 3201 narrat.
2631 3151 2748 3202 Nec

1658 3219 1968 3286 refragatur
1989 3236 2148 3271 sacra
2167 3222 2458 3287 scriptura.
2493 3222 2578 3271 Tu
2598 3219 2745 3270 conf.

1656 3289 1822 3341 Iesai.
1842 3290 1993 3353 XXI,
2023 3292 2055 3341 5
2083 3290 2216 3356 ibiq.
2256 3290 2453 3341 Gesen.
2481 3306 2607 3356 pag.
2642 3290 2746 3340 655

1657 3368 1711 3409 et
1730 3359 1922 3424 Hitzig
1939 3375 1993 3423 p.
2015 3361 2136 3411 242.
2174 3358 2570 3426 Wesselingius
2593 3374 2748 3424 prae-

1655 3433 1805 3479 terea
1834 3428 1938 3478 huc
1969 3430 2137 3479 refert
2160 3430 2352 3480 Ierem.
2376 3429 2470 3491 LI,
2501 3429 2587 3480 31.
2649 3429 2746 3479 At-

1655 3513 1759 3563 que
1803 3499 1968 3548 etiam
2016 3499 2159 3564 apud
2195 3497 2411 3550 Daniel.
2461 3498 2511 3548 V
2544 3498 2638 3549 fin.
2687 3501 2745 3546 et

1653 3567 1732 3617 VI
1769 3567 1888 3617 init.
1935 3567 2276 3634 Babyloniae
2323 3583 2534 3632 regem,
2583 3581 2744 3632 quem

1653 3636 2034 3687 Balthasarum
2068 3653 2113 3688 s,
2145 3639 2401 3688 Belsazer
2436 3641 2627 3700 vocat,
2665 3637 2743 3685 in-

1652 3704 1828 3755 terfici
1862 3706 2092 3771 legimus
2128 3721 2465 3773 regnumque⁴
2487 3706 2744 3770 occupari

1654 3791 1687 3825 a
1722 3775 1892 3825 Dario
1929 3775 2121 3826 Medo:
2162 3777 2229 3827 de
2263 3791 2369 3842 quo
2406 3776 2525 3842 ipso
2559 3774 2741 3824 varias

1651 3846 1708 3894 in
1730 3849 1914 3909 partes
1939 3844 2144 3895 abeunt
2179 3847 2420 3895 virorum
2457 3843 2740 3896 doctorum

1652 3915 1984 3975 sententiam
2036 3915 2150 3966 vid.
2194 3914 2479 3980 Lengerke
2523 3914 2595 3963 ad
2629 3914 2742 3963 Da-

1651 3983 1777 4037 niel.
1827 3999 1878 4048 p.
1916 3983 2019 4034 208
2057 4000 2172 4049 seq.
2257 3985 2337 4034 Ac
2374 3997 2546 4048 nuper
2583 3983 2743 4034 Vaux

1655 4051 1922 4117 (Nineveh
1946 4055 2053 4103 and
2077 4052 2356 4118 Persepol.
2385 4069 2440 4118 p.
2469 4055 2536 4103 72
2561 4051 2739 4119 seqq.)

1651 4122 1787 4173 haec
1822 4123 1904 4172 ita
1942 4122 2222 4172 conciliari
2256 4137 2421 4188 posse
2452 4126 2642 4188 putat,
2678 4126 2742 4171 ut

1651 4192 1856 4241 Darius
1891 4192 2086 4243 Medus
2123 4193 2232 4242 dux
2265 4190 2618 4256 perhibeatur
2652 4206 2742 4241 co-

1649 4262 1859 4326 piarum
1884 4261 2217 4311 Medicarum
2250 4262 2308 4310 in
2334 4262 2464 4326 Cyri
2496 4260 2742 4311 exercitu

1649 4330 1999 4381 militantium
2016 4366 2030 4391 ,
2076 4330 2208 4395 Cyri
2251 4330 2412 4395 quasi
2458 4331 2608 4380 vices
2645 4345 2741 4394 ge—

1647 4412 1792 4450 rens.
1879 4398 2038 4461 Quod
2095 4404 2280 4449 tamen
2339 4413 2460 4450 cum
2521 4397 2740 4449 disertis
