3109 5092
500 378 623 443 278

1364 376 1903 439 HERODOTI

499 575 639 626 ται·
689 558 809 622 καί
844 572 966 640 σφι
1006 549 1133 622 οὐκ
1171 552 1397 640 ἐμέσαι
1437 554 1647 634 ἔξεστι
1664 601 1683 636 ,
1724 545 1877 619 οὐκὶ
1915 546 2201 638 οὐρῆσαι
2253 545 2487 618 ἀντίον
2528 547 2770 619 ἄλλου·

501 662 710 728 ταῦτα
754 657 879 744 μέν
915 684 1047 725 νυν
1090 651 1267 725 οὕτω
1309 653 1743 743 φυλάσσεται.

1839 652 2337 741 μεθυσκόμενοι
2392 652 2469 720 δὲ
2518 651 2775 721 ἐώθασι

503 756 958 849 βουλεύεσθαι
984 755 1065 826 τα
1088 760 1627 827 σπουδαιέστατα
1654 762 1793 826 τῶν
1835 756 2244 846 πρηγμάτων
2261 776 2289 791 ··
2326 753 2400 824 τὸ
2432 752 2494 823 δ’
2529 750 2617 823 ἂν
2645 752 2775 843 ἅδῃ

503 883 624 950 σφι
668 863 1258 950 βουλευομένοισι,
1309 867 1505 929 τοῦτο
1561 865 1643 951 τῇ
1684 855 2006 948 ὑστεραίῃ
2052 858 2343 947 νήφουσι
2388 867 2707 947 προτιθεῖ
2740 853 2776 926 ὁ

503 967 893 1053 στέγαρχος,
937 966 1012 1033 ἐν
1039 968 1159 1033 τοῦ
1188 957 1275 1031 ἂν
1302 962 1523 1043 ἐόντες
1550 960 2030 1052 βουλεύωνται.
2096 963 2208 1030 καὶ
2236 955 2322 1049 ἢν
2347 960 2475 1048 μὲν
2501 957 2633 1048 ἅδῃ
2664 962 2778 1028 καὶ

503 1066 841 1156 νήφουσι,
885 1068 1189 1153 χρέονται
1231 1063 1444 1157 αὐτῷ·
1487 1061 1575 1153 ἢν
1616 1065 1692 1134 δὲ
1737 1062 1829 1153 μὴ
1877 1061 2041 1153 ἅδῃ,
2088 1079 2391 1153 μετιεῖσι.
2471 1060 2552 1131 τὰ
2593 1060 2658 1131 δ’
2691 1057 2777 1132 ἂν

508 1169 840 1259 νήφοντες
869 1169 1505 1257 προβουλεύσωνται
1525 1221 1542 1252 ,
1591 1165 2084 1256 μεθυσκόμενοι
2117 1164 2772 1252 ἐπιδιαγινώσκουσι.

503 1436 660 1487 belis.
729 1436 811 1485 De
853 1440 1172 1500 argumento
1227 1435 1373 1485 conf.
1424 1449 1590 1499 supra

505 1506 550 1567 I,
588 1506 672 1567 71,
708 1505 804 1554 nbi
841 1504 1147 1555 Sandanem
1194 1505 1332 1554 facit
1366 1505 1590 1568 loquen-

505 1578 613 1623 tem
667 1575 864 1623 Persas
924 1588 1121 1639 aquam
1181 1573 1352 1624 solam
1405 1574 1590 1623 bibere

503 1659 604 1693 nec
651 1643 778 1692 vino
825 1642 924 1704 nti.
1014 1643 1122 1694 Sed
1174 1645 1341 1707 probe
1399 1642 1590 1693 distin-

503 1712 777 1778 guendum
797 1713 937 1762 inter
955 1714 1153 1762 Persas
1177 1713 1404 1777 priscos,
1430 1711 1591 1761 valde

503 1779 778 1846 simplices
813 1782 868 1830 in
906 1782 1050 1831 omni
1089 1783 1269 1832 victus
1306 1796 1502 1846 genere
1536 1785 1591 1830 et

503 1852 647 1900 inter
687 1852 885 1901 Persas
934 1851 1153 1901 serioris
1209 1852 1440 1910 aetatis,
1494 1850 1588 1899 ubi

502 1935 765 1969 summum
791 1920 960 1970 totins
988 1919 1099 1970 fere
1118 1920 1282 1971 Asiae
1305 1920 1589 1984 imperium

504 1989 691 2054 adepti
760 1989 815 2037 in
874 2004 1082 2038 omnem
1146 1989 1259 2038 fere
1320 1989 1588 2038 luxuriam

503 2058 745 2122 prolapsi
776 2062 950 2107 erant.
1004 2059 1122 2107 Hos
1149 2059 1278 2107 vino
1313 2057 1474 2108 valde
1499 2059 1590 2107 de-

506 2127 650 2175 ditos
674 2126 833 2175 Plato
870 2141 1084 2190 quoque
1115 2131 1499 2176 commemorat
1522 2128 1590 2176 de

504 2195 676 2258 Legg.
706 2195 753 2243 1.
791 2211 844 2259 p.
875 2195 977 2245 637
1005 2195 1048 2244 1⁴*
1084 2194 1301 2259 aliaque
1331 2195 1592 2245 evincunt

504 2263 817 2312 testimonia
864 2267 1105 2312 veterum
1149 2264 1297 2329 apud
1343 2265 1589 2314 Brisson.

507 2331 574 2380 de
609 2346 722 2394 reg.
747 2332 899 2381 Pers.
938 2332 1168 2396 princip.
1197 2334 1272 2393 11,
1299 2334 1415 2383 126.
1476 2334 1591 2383 Nec

504 2401 836 2450 recentiores
882 2402 1079 2450 Persas
1128 2402 1417 2452 maximam
1470 2417 1592 2466 par-

503 2474 612 2519 tem
650 2470 718 2519 ab
754 2469 857 2520 hoc
889 2470 1026 2519 vitio
1058 2470 1321 2520 immunes
1359 2486 1478 2521 esse
1513 2477 1593 2521 te-

505 2542 721 2589 stantur
750 2540 1207 2604 peregrinatores.
1247 2541 1404 2590 Conf.
1424 2542 1591 2604 Ham-

504 2624 665 2726 mer.8
692 2608 748 2657 in
802 2609 1019 2659 Wiener
1072 2609 1370 2661 Jahrhiich.
1429 2610 1589 2660 VIII.

503 2693 540 2743 p
573 2743 678 2794 καί
707 2758 808 2807 σφι
841 2736 945 2795 οὐκ
985 2739 1171 2810 ἐμέσαι
1207 2741 1382 2806 ἔξεστι
1405 2783 1419 2809 ,
1460 2737 1593 2795 οὐκὶ

504 2806 747 2878 οὐρῆσαι
781 2805 980 2863 ἀντίον
1018 2806 1210 2879 ἄὶλου]
1252 2815 1410 2866 Conf.
1450 2830 1592 2879 qnae

505 2882 706 2931 similia.
738 2882 891 2945 ‚apud
929 2884 1117 2933 Medos
1156 2885 1389 2934 Deioces
1437 2885 1593 2932 insti-

504 2953 713 3010 tuerat,
763 2964 928 3012 supra
963 2950 1017 3011 1,
1053 2951 1139 3002 99.
1224 2953 1364 3001 Nam
1414 2968 1443 3000 e
1479 2953 1592 3001 Me-

507 3019 591 3068 dis
625 3018 814 3081 utique
849 3017 984 3066 haec
1021 3018 1089 3066 ad
1118 3021 1317 3069 Persas
1354 3021 1591 3070 transire

505 3089 822 3152 potnerunt,
871 3085 938 3134 de
974 3087 1167 3148 quibus
1210 3088 1350 3138 idem
1387 3095 1592 3138 testan-

507 3162 596 3206 tur
631 3152 932 3217 Xenophon
971 3153 1293 3218 (Cyropaed.
1331 3158 1377 3218 1,
1415 3160 1465 3220 2,
1502 3158 1587 3208 16.

505 3224 665 3286 VIII,
710 3222 756 3282 1,
780 3224 866 3271 42.
904 3222 1057 3284 VIII,
1084 3223 1135 3285 8,
1160 3223 1243 3286 8.)
1281 3231 1443 3289 atque
1467 3228 1592 3277 Am-

506 3293 719 3343 mianus
745 3291 1093 3341 Marcellinus
1128 3292 1362 3356 (XXIII,
1387 3297 1463 3358 6).
1504 3296 1592 3345 Tu

508 3362 622 3413 vid.
658 3360 904 3411 Brisson.
941 3359 976 3411 l.
1017 3361 1055 3411 l.
1092 3360 1171 3422 11,
1210 3362 1278 3411 80
1315 3367 1370 3411 et
1411 3364 1531 3415 121.

575 3421 998 3496 μεθυσκόμενοι
1061 3422 1124 3477 δὲ
1191 3422 1402 3479 ἐώθασι
1458 3430 1590 3499 βου-

507 3492 777 3550 λεύεσθαι
838 3489 908 3547 τὰ
965 3494 1414 3548 σπουδαιέστατα
1475 3498 1590 3550 τῶν

508 3560 860 3634 πρηγμάτων
894 3581 945 3616 ιι.
991 3582 1041 3617 τ.
1091 3565 1162 3630 λ.]
1222 3567 1307 3617 Ad
1345 3568 1590 3619 Ionicam

510 3640 735 3689 formam
764 3628 980 3685 ἐώθασι
1019 3635 1090 3686 cf.
1118 3636 1350 3688 Bredov.
1385 3654 1439 3702 p.
1466 3638 1587 3690 302.

507 3709 614 3757 Pro
665 3701 1113 3755 σπουδαιέστατα
1157 3704 1376 3770 qnidam
1415 3719 1593 3755 σπου-

507 3767 805 3836 δαιότατα,
853 3773 998 3838 quod
1033 3773 1196 3823 etiam
1235 3774 1291 3823 in
1324 3775 1592 3825 Athenaei

508 3844 545 3893 l.
585 3843 623 3894 l.
665 3843 956 3892 invenitur.
1034 3841 1142 3892 Sed
1172 3842 1298 3891 vide
1331 3844 1591 3894 Nostrum

507 3926 673 3975 snpra
707 3911 762 3972 Ι,
801 3912 835 3961 8
884 3914 939 3959 et
976 3910 1047 3960 cf.
1101 3908 1334 3961 BredoV.
1371 3928 1428 3977 p.
1463 3913 1586 3962 277.

505 3980 591 4029 De
637 3994 695 4027 re
742 3979 865 4042 ipsa
900 3978 1136 4027 conferri
1179 3985 1437 4043 poterunt
1482 3981 1593 4030 alia

505 4047 737 4097 aliorum
775 4046 1118 4107 testimonia,
1168 4047 1435 4100 Herodoti
1470 4065 1591 4099 nar-

505 4116 772 4166 rationem
803 4115 1238 4179 comprobantia,
1277 4119 1422 4181 apud
1444 4118 1592 4167 Bris-

506 4200 625 4235 son.
664 4181 774 4232 l.1.
827 4182 902 4232 H.
941 4185 991 4244 g.
1034 4182 1126 4234 131
1169 4198 1321 4248 seqq.
1380 4187 1592 4247 „Perti-

505 4256 599 4303 net
633 4251 739 4300 huc
773 4250 1033 4316 imprimis
1070 4252 1338 4302 Ammiani
1365 4254 1592 4305 Marcel-

505 4322 604 4371 lini
628 4319 995 4370 testimonium
1020 4321 1228 4383 XVIII,
1245 4323 1295 4371 5.
1319 4321 1369 4383 §-
1398 4321 1432 4372 8
1457 4323 1587 4390 ihiq.

507 4389 872 4459 Lindenbrog.
897 4405 950 4457 p.
972 4389 1074 4443 312
1109 4391 1195 4443 ed.
1218 4391 1459 4458 Wagn.“
1497 4394 1584 4448 Gr.

375 1268 1055 1358 134Ἐντυγχάνοντες
1096 1269 1158 1339 δ’
1203 1268 1547 1359 ἀλλήλοισι
1590 1273 1664 1339 ἐν
1691 1275 1842 1361 τῇσι
1869 1265 2118 1355 ὁδοῖσι,
2163 1273 2337 1362 τῷδε
2376 1265 2463 1338 ἄν
2498 1295 2597 1347 τις
2627 1272 2773 1336 δια-

1689 1435 1878 1487 Utitur
1913 1440 2143 1501 utroque
2175 1434 2299 1486 loco
2327 1434 2542 1484 Gibbon
2566 1434 2779 1498 history

1692 1510 1797 1556 etc.
1837 1505 1883 1568 1,
1927 1507 2009 1556 19.
2047 1509 2160 1556 not.
2202 1505 2285 1556 33.
2328 1502 2416 1567 (T.
2446 1504 2544 1554 IV.
2585 1521 2639 1569 p.
2674 1503 2778 1554 309

1693 1575 1779 1625 ed.
1817 1577 2103 1639 germem).
2177 1574 2256 1624 Ac
2301 1573 2570 1622 neminem
2616 1573 2778 1638 fugit,

1693 1660 1834 1709 quae
1885 1646 1952 1695 de
1984 1644 2167 1694 Persis
2213 1642 2638 1693 deliberantibus
2690 1642 2778 1693 hic

1693 1715 1861 1764 refert
1899 1713 2243 1773 Herodotus,
2291 1711 2477 1762 eadem
2515 1712 2580 1762 de
2613 1712 2779 1762 maio·

1693 1784 1843 1833 ribus
1879 1783 2084 1832 nostris
2119 1782 2263 1832 tradi
2289 1797 2322 1831 a
2347 1782 2542 1832 Tacito
2568 1782 2624 1831 in
2648 1782 2778 1832 Ger-

1687 1868 1833 1902 man.
1888 1868 2008 1916 cap.
2060 1855 2156 1916 22,
2210 1851 2303 1901 nbi
2352 1850 2560 1901 consul.
2616 1852 2778 1901 inter-

1689 1927 1888 1988 pretes.

1756 1989 1925 2040 τοῦτο
1951 1987 2021 2056 τῇ
2055 1979 2324 2055 ὑστεραίῃ
2350 1979 2601 2052 νήφουσι
2636 2002 2774 2051 προ-

1690 2059 1852 2109 τιθεῖ
1882 2050 1912 2109 ὁ
1952 2056 2250 2124 στέγαρχος
2285 2072 2335 2107 κ.
2373 2072 2421 2106 τ.
2462 2054 2530 2123 L]
2578 2070 2775 2119 προτι-

1691 2127 1799 2178 θεῖ
1828 2130 2020 2179 Ionum
2052 2144 2200 2178 more
2228 2142 2261 2177 a
2287 2126 2454 2176 verbo
2486 2124 2774 2186 προτιθέω

1693 2200 2011 2248 formatum:
2063 2213 2170 2262 qua
2208 2196 2274 2246 de
2310 2211 2368 2244 re
2403 2195 2586 2244 omnia
2624 2195 2776 2245 dabit

1692 2266 1924 2316 Bredov.
1968 2281 2094 2330 pag.
2128 2265 2249 2316 393.
2323 2265 2429 2313 Pro
2479 2260 2777 2328 στέγαρχος

1691 2336 1933 2402 (aedium
1981 2334 2251 2401 dominns)
2292 2333 2602 2384 Athenaeus
2650 2333 2686 2382 l.
2735 2332 2773 2381 l.

1690 2405 1855 2455 habet
1892 2398 2247 2468 στεγέαρχος,
2288 2401 2440 2466 'quod
2477 2402 2642 2451 etiam
2668 2403 2777 2451 He-

1692 2475 1887 2523 rodoto
1917 2473 2143 2523 forsitan
2168 2469 2559 2521 restituendum
2590 2475 2776 2521 censet

1691 2542 2129 2606 Schweighaeus.
2166 2543 2222 2592 in
2257 2540 2661 2591 Animadversa.
2704 2539 2777 2588 ad

1692 2612 1889 2663 Athen.
1912 2613 2066 2662 Tom.
2089 2611 2166 2660 Π.
2194 2624 2319 2675 pag.
2335 2610 2456 2659 475.
2498 2609 2605 2659 Sed
2626 2610 2774 2659 conf.

1692 2681 1925 2732 Bredov.
1951 2697 2005 2746 p.
2038 2681 2160 2730 215.
2227 2678 2290 2727 In
2325 2693 2476 2742 seqq.
2513 2679 2604 2728 vix
2641 2693 2775 2743 opus

1693 2766 1910 2800 monere
1967 2750 2031 2800 de
2088 2748 2329 2812 elliptico
2386 2762 2490 2797 usu
2535 2740 2597 2797 ἓν
2652 2745 2775 2796 τοῦ

1691 2835 1743 2869 κ.
1782 2834 1830 2868 τ.
1868 2818 1951 2881 λ.,
1999 2818 2067 2868 de
2116 2834 2222 2881 qno
2263 2815 2374 2865 vid.
2426 2819 2566 2867 nott.
2617 2817 2686 2866 ad
2728 2816 2774 2878 Ι,

1693 2887 1781 2939 35.
1856 2887 2013 2948 Quod
2061 2886 2187 2935 olim
2232 2884 2519 2950 leg-ebatur
2570 2883 2775 2948 χρέων-

1692 2972 1814 3019 ται,
1863 2971 1930 3006 ex
1963 2955 2242 3006 Athenaeo
2289 2954 2387 3003 IV.
2426 2970 2481 3018 p.
2523 2954 2619 3003 144
2664 2969 2777 3004 mu-

1691 3027 1809 3075 tavi
1857 3026 1913 3074 in
1968 3022 2228 3088 χρέονται
2292 3023 2529 3101 itemque
2583 3024 2776 3103 scripsi

1694 3110 1816 3145 cum
1858 3097 2086 3143 recentt.
2147 3094 2269 3144 edd.
2317 3107 2470 3158 αυτῳ
2530 3106 2629 3154 pro
2676 3107 2776 3140 αυ-

1693 3159 1825 3228 τέῳε
1860 3177 2001 3227 qnae
2027 3162 2202 3212 forma
2227 3161 2356 3213 ferri
2379 3161 2591 3226 nequit:
2630 3161 2773 3211 conf.

1693 3231 1925 3283 BredoV.
1964 3248 2018 3296 p.
2058 3231 2180 3282 246.

2005 3402 2136 3453 Ου’.
2176 3400 2470 3451 CXXXIV.

1756 3494 2350 3568 Ἐντυγχοὶνοντες
2394 3493 2454 3551 δ’
2491 3492 2778 3566 ἀλλήλοισι

1690 3602 1762 3611 -
1786 3561 1984 3635 ὁμοῖοί
2005 3566 2113 3621 εἰσι
2149 3567 2217 3620 o'l'
2252 3563 2775 3636 συντυγχάνον-

1690 3639 1821 3706 τες]
1866 3641 2250 3714 ..Βεεῐὶιιιὶωιιε
2297 3656 2418 3690 cum
2467 3639 2779 3691 Gaisfordio

1691 3715 1930 3760 veterem
1963 3709 2281 3771 lectionem,
2319 3725 2481 3773 quam
2515 3708 2668 3759 libris
2699 3709 2780 3758 in-

1693 3779 1821 3829 vitis
1860 3779 2165 3829 Gronovius
2196 3785 2359 3843 atque
2383 3778 2776 3842 Wesselingius

1693 3848 1772 3896 ita
1808 3852 2113 3908 mutarant,
2151 3852 2212 3896 ut
2248 3848 2420 3912 primo
2456 3847 2578 3896 loco
2614 3861 2777 3910 pone·

1694 3921 1815 3965 rent
1845 3910 1904 3964 οἱ
1927 3908 2422 3980 συντυγχάνοντες,
2453 3914 2627 3965 altero
2655 3915 2777 3964 loco

1697 3976 1757 4031 οἳ
1796 3974 2248 4049 ἐντυγχάνοντες.
2320 3985 2423 4035 Est
2467 3984 2684 4048 quidem
2720 3984 2776 4032 in

1692 4057 1882 4128 nostra
1916 4052 2148 4104 lectione
2183 4053 2552 4103 nominativus
2589 4046 2776 4116 ἐντυγ-

1691 4134 1960 4183 χανοντες
2022 4123 2086 4188 (i.
2133 4138 2181 4172 e.
2225 4125 2276 4173 si
2315 4124 2401 4187 qui
2449 4121 2549 4171 sibi
2588 4121 2777 4172 obviam

1686 4191 1866 4252 fiunt),
1918 4191 2012 4256 qui
2047 4190 2318 4241 offendere
2351 4191 2555 4254 possit,
2608 4193 2663 4240 et
2698 4189 2775 4239 of·

1695 4258 1869 4308 fendit
1916 4274 2109 4323 reapse
2155 4258 2246 4309 ille
2290 4259 2645 4309 Benedictum
2698 4256 2774 4321 (in

1693 4326 1815 4376 Act.
1863 4328 2054 4377 semin.
2102 4328 2254 4392 Lips.
2312 4327 2438 4377 Vol.
2487 4328 2565 4377 II.
2613 4328 2676 4376 P.
2718 4329 2774 4377 2.

1691 4411 1746 4460 p.
1786 4395 1942 4460 283),
1991 4397 2085 4461 qui
2128 4396 2357 4462 corrigit
2406 4387 2775 4460 ἐντυγχάνον-
