3109 5092
1207 385 1460 447 OLIO.
1506 388 1558 446 I.
1597 392 1685 449 37.
1731 395 1819 449 38.
2572 390 2653 451 85

366 564 759 649 ἀνάπεισον,
786 559 961 642 ὅκως
987 590 1099 651 μοι
1126 559 1382 650 ἀμείνω
1412 563 1550 629 ἐστὶ
1572 566 1782 632 ταῦτα
1805 559 1984 632 οὕτω
2008 564 2385 653 ποιεόμενα.
2428 563 2647 657 ’-Αμεί
2667 579 2748 644 38

367 679 558 758 βεται
599 676 891 758 Κροῖσος
931 672 1189 737 τοῖσδε·

1231 656 1313 735 Ὦ
1350 680 1502 749 παῖ,
1546 662 1706 736 οὔτε
1748 672 2011 756 δειλίην
2048 665 2204 739 οὔτε
2250 665 2414 738 ἄλλο
2451 669 2657 743 οὐδὲν

367 773 569 862 ἄχαρι
612 772 921 862 παριδών
960 797 1099 858 τοι,
1144 773 1348 840 ποιέω
1389 774 1633 839 ταῦτα·
1687 767 1859 840 ἄλλά
1897 797 2011 859 μοι
2064 769 2219 855 ὄψις
2259 769 2531 900 ὀνείρου
2580 780 2656 847 ἐν

369 883 463 971 τῷ
510 873 704 946 ῧπνω
758 878 1084 946 ἐπιστᾶσα
1137 880 1268 962 ἔφη
1322 894 1398 941 σε
1451 870 1916 965 ὀλιγοχρόνιον
1968 881 2280 961 ἔσεσθαι,
2335 872 2470 947 ὑπὸ
2525 878 2656 969 γὰρ

369 986 609 1070 αἰχμῆς
646 981 962 1068 σιδηρέης
989 975 1419 1047 ἀπολέεσθαι.
1476 976 1643 1067 πρὸς
1685 1007 1783 1049 ων
1807 976 1932 1068 τὴν
1957 976 2120 1061 ὄψιν
2159 980 2412 1068 ταύτην
2436 981 2556 1052 τόν
2582 1011 2655 1053 τε

372 1084 588 1173 γάμον
612 1109 716 1151 τοι
753 1087 992 1152 τοῦτον
1038 1087 1365 1165 ἔσπευσα,
1412 1083 1523 1149 καὶ
1565 1083 1674 1150 ἐπὶ
1719 1110 1801 1151 τα
1838 1081 2494 1173 παραλαμβανόμενα
2531 1084 2656 1157 οὐκ

370 1187 779 1275 ἀποπέμπω,
821 1182 1137 1274 φυλακὴν
1170 1191 1377 1273 ἔχων,
1423 1189 1501 1253 εἶ’
1522 1213 1655 1275 κως
1696 1192 2035 1274 δυναίμην
2074 1188 2183 1256 ἐπὶ
2225 1193 2341 1276 τῆς
2382 1191 2541 1276 ἐμῆς
2577 1213 2654 1260 σε

373 1292 523 1380 ζόης
550 1291 927 1373 διακλέψαι.
986 1284 1082 1369 εἷς
1122 1291 1251 1376 γάρ
1278 1315 1391 1376 μοι
1431 1294 1681 1377 μοῦνος
1722 1289 2072 1378 τυγχάνεις
2115 1287 2250 1360 ἔων
2292 1309 2479 1371 παῖς·
2535 1292 2657 1363 τὸν

360 1394 504 1485 ’γὰρ
545 1392 631 1484 δὴ
669 1397 935 1483 ἕτερον,
985 1395 1496 1480 διεφθαρμένον
1537 1390 1664 1481 τὴν
1703 1390 1953 1481 ἀκοὴν,
1993 1390 2118 1464 οὐκ
2162 1393 2344 1465 εἷναί
2375 1423 2490 1484 μοι
2539 1407 2650 1467 λο-

441 1612 592 1655 οπως
624 1611 723 1661 μοι
757 1586 971 1660 ἀμείνω
999 1585 1113 1644 ἐστὶ
1152 1591 1329 1643 ταῦτα
1367 1607 1464 1643 ου-

371 1684 448 1717 τω
488 1662 892 1747 ποιεόμενα]
931 1665 1015 1714 De
1049 1663 1325 1729 participii
1361 1679 1463 1713 usu

372 1742 499 1803 post
542 1727 784 1801 ἄμεινον
843 1750 909 1784 ac
959 1733 1226 1784 similibus
1280 1738 1465 1784 monet

372 1807 628 1859 Kuehner
662 1807 757 1859 Gr.
794 1804 888 1856 Gr.
924 1803 975 1865 5.
1014 1803 1137 1854 662.

680 1995 813 2045 Cn.
852 1994 1162 2045 XXXVIII.

443 2110 586 2181 πρὸς
623 2104 707 2166 ὧν
744 2107 863 2180 τὴν
886 2103 1032 2199 όψιν
1068 2105 1305 2179 ταύτην]
1336 2113 1384 2197 ἱ..
1413 2128 1462 2163 e.

370 2185 829 2306 mm&
839 2201 1046 2304 ”⁰3¹2
1032 2185 1468 2304 ..misssi

372 2324 490 2403 ricl.
535 2325 601 2375 36
638 2325 730 2375 fin.
785 2314 1014 2388 ἡττήθη
1075 2321 1179 2372 τοῦ
1229 2314 1465 2378 πάθους

372 2387 518 2458 πρὸς
552 2386 659 2459 τὴν
685 2385 846 2455 ὄψιν.
906 2393 1111 2457 Attigit
1147 2392 1464 2442 Herodotea

365 2463 759 2595 ἔῖἕῖῧῗίἓὸ
789 2462 900 2593 (ῗῖι,
920 2462 1182 2583 ⁵529¹123
1205 2462 1307 2595 33,
1313 2461 1460 2583 “1“5'1‘.

367 2570 1137 2667 V,9.8'8.V11‚153.163.

437 2683 536 2737 καὶ
571 2678 661 2738 ἐπὶ
683 2680 753 2737 τὰ
773 2676 1329 2767 παραλαμβανόμενα
1354 2674 1462 2734 οὐκ

363 2748 710 2823 ἀποπέμπω]
784 2749 853 2806 τὰ
909 2747 1464 2822 παραλαμβανόμενα

368 2833 502 2879 sunt
537 2844 626 2881 ea.
663 2842 793 2892 quae
827 2829 1185 2890 suscipiuntur.
1250 2826 1316 2875 Ῑιι
1354 2840 1462 2889 quo

368 2915 482 2949 non
520 2897 708 2958 video,
758 2895 888 2961 quid
938 2895 1131 2946 doctos
1167 2896 1314 2944 viros
1350 2909 1465 2943 mo-

366 2968 530 3027 verit,
552 2972 615 3016 ut
642 2965 865 3016 mallent
884 2980 953 3014 τα
970 2956 1465 3032 παραβαλλόμενα,

367 3054 462 3102 ea,
513 3052 642 3102 quae
679 3042 1057 3100 proponuntur,
1111 3036 1464 3099 profic-inum,

365 3111 417 3159 in
458 3107 637 3172 quibus
673 3107 805 3157 adeo
842 3108 1119 3169 peraculum
1156 3109 1302 3158 inest.
1363 3103 1465 3152 Cu-

366 3178 455 3227 ius
492 3176 745 3226 lectionis
770 3176 1054 3240 speciosae
1083 3179 1347 3239 patronus
1378 3188 1467 3223 ex-

367 3247 515 3297 stitit
528 3246 731 3296 Coraes
753 3243 921 3310 (apud
942 3243 1297 3307 Lai-cherum)
1325 3257 1467 3292 eam-

369 3332 477 3382 que
524 3315 740 3365 firmare
785 3315 999 3365 studuit
1044 3313 1179 3364 locis
1224 3310 1469 3362 Herodo-

367 3387 476 3437 teis
512 3382 981 3445 1,108.VI1‚10
1016 3382 1109 3433 fin.
1148 3397 1293 3432 vers.
1322 3380 1469 3431 Thu-

371 3454 511 3539 ι’.)νιί.ο
530 3422 585 3515 1',
627 3453 743 3505 133.
828 3452 939 3503 Sed
975 3441 1462 3517 παραλαμβάνειν,

370 3528 649 3587 suscipere,
661 3522 825 3588 lippis
842 3538 908 3573 ac
925 3522 1237 3573 tonsoribus
1256 3524 1466 3570 notum.

371 3594 568 3644 Adfert
606 3593 701 3644 Cr.
747 3592 929 3642 locum
980 3590 1199 3642 Platon.
1245 3591 1304 3639 in
1352 3589 1467 3639 Cri-

372 3668 489 3714 ton.
542 3678 597 3726 p.
640 3662 760 3714 109.
805 3677 861 3726 p.
927 3662 1020 3713 151
1058 3660 1236 3711 Bekk.
1290 3651 1360 3707 τὰ
1403 3651 1468 3708 δὲ

374 3728 510 3796 ἔργα
543 3724 642 3780 διὰ
689 3724 789 3788 τὰς
834 3728 953 3780 τῶν
992 3720 1469 3796 παραλαμβανόν-

373 3816 489 3850 των
524 3792 762 3865 φθορὰς
796 3832 869 3841 -
889 3791 1228 3881 ἠφανίσθη.
1264 3829 1335 3838 ——
1399 3798 1465 3848 In

375 3886 525 3936 seqq.
563 3870 809 3921 dedimus
843 3860 977 3933 ζόης
1010 3885 1109 3934 pro
1146 3868 1296 3934 vulg.
1321 3865 1469 3931 ζωῆς

376 3956 497 3991 cum
519 3940 742 4004 optimis
758 3939 944 4001 libris,
972 3953 1110 4003 quos
1135 3942 1190 3989 et
1210 3937 1463 4002 Schwgh.

376 4016 430 4061 et
458 4010 635 4061 Gaisf.
675 4009 853 4060 secuti
884 4013 1034 4060 sunt.
1091 4008 1188 4059 Illi
1225 4011 1465 4057 ceterum

376 4081 549 4159 magis
585 4077 860 4145 placeret.
888 4068 1010 4127 ἐπὶ
1054 4074 1157 4142 τῆς
1191 4066 1356 4141 ἐμῆς
1394 4089 1465 4156 γε

370 4141 545 4213 ζόης.
630 4149 717 4199 De
762 4147 1081 4199 Herodotea
1136 4148 1313 4198 forma
1365 4138 1464 4210 ζόη

371 4219 553 4269 omnia
575 4232 723 4269 nunc
754 4216 977 4283 collegit
1001 4216 1236 4268 BredoV.
1264 4232 1319 4281 p.
1344 4214 1465 4267 169.

437 4297 521 4361 εἷς
576 4319 683 4367 γαρ
740 4317 841 4368 μοι
896 4298 1115 4367 μοῦνος
1172 4292 1468 4366 τυγχάνεις

368 4365 479 4423 ἐὸν
520 4370 680 4438 παῖς]
728 4365 832 4430 εἷς
876 4369 1141 4436 μοῦνος
1201 4370 1467 4436 singulari

368 4442 606 4511 quadam
629 4442 689 4493 vi
711 4441 943 4505 dictum;
973 4440 1041 4492 de
1059 4456 1165 4507 quo
1193 4439 1263 4492 ad
1282 4440 1467 4507 Olym-

1534 2916 1674 2966 .111.
1688 2930 1761 2995 p.
1781 2914 1849 2964 17
1885 2915 2054 2963 verba

1565 1594 1713 1659 piod.
1759 1596 2084 1649 Commentt.
2129 1597 2186 1647 iu
2221 1597 2439 1652 Platon.
2476 1600 2653 1654 Alcib.

1565 1681 1619 1730 p.
1662 1666 1766 1716 220
1802 1668 2011 1716 monuit
2031 1668 2240 1749 “Cr-euz.

1636 1726 1739 1783 τὸν
1764 1727 1902 1814 γὰρ
1917 1728 2006 1813 δὴ
2029 1730 2252 1797 ετερον,
2305 1734 2656 1818 διεφθαρμέ-

1569 1818 1675 1853 νον
1720 1796 1825 1868 τὴν
1869 1793 2077 1868 ἀκοὴν]
2114 1806 2298 1855 Verba
2332 1799 2440 1871 τὴν
2473 1799 2658 1871 ἀκοὴν

1567 1890 1601 1924 a
1633 1872 1940 1937 glossatore
1984 1875 2216 1938 margini
2263 1876 2542 1940 adscripta
2593 1893 2660 1926 ac

1566 1944 1822 2008 deinceps
1843 1944 2022 1993 textui
2043 1943 2201 1992 illata
2225 1950 2410 1994 censet
2436 1945 2656 1996 Reizius

1567 2013 1623 2062 in
1661 2013 1896 2077 praefat.
1947 2028 2076 2078 pag.
2113 2013 2292 2065 XXII.
2377 2013 2657 2065 Glossato-

1567 2098 1679 2132 rem
1727 2082 1868 2131 enim
1915 2097 2103 2132 vocem
2146 2074 2367 2147 κωφὸς,
2416 2100 2522 2149 quo
2569 2100 2657 2135 su-

1566 2167 1666 2217 pra
1697 2153 1742 2214 Ι,
1780 2149 1850 2202 34
1884 2152 2086 2202 Noster
2119 2152 2321 2218 utitur,
2369 2170 2479 2204 non
2515 2156 2658 2205 anti-

1567 2223 1757 2287 quiore
1785 2237 1955 2286 eoque
1975 2222 2289 2273 Herodoteo
2325 2238 2518 2287 sensu,
2558 2226 2655 2275 sed

1565 2292 1867 2342 recentiore
1916 2292 2224 2371 accepisse,
2273 2293 2505 2359 indeque
2548 2295 2657 2345 huc

1566 2361 1927 2425 adscripsisse
1995 2351 2204 2425 ἀκοὴν,
2273 2379 2378 2428 quo
2439 2363 2656 2414 dicendi

1566 2432 1833 2481 rationem
1878 2436 2172 2495 exponeret
2209 2449 2238 2482 e
2282 2432 2402 2482 loco
2437 2433 2531 2483 illo
2571 2449 2659 2483 su-

1565 2500 1767 2566 periori
1801 2501 1847 2562 Ι,
1885 2501 1978 2552 34.
2027 2515 2144 2548 των
2179 2498 2478 2581 (παίδων)
2500 2516 2658 2551 ουτε-

1568 2584 1668 2633 ρος
1718 2564 1825 2648 μὲν
1875 2563 2248 2631 διέφθαρτο·
2290 2557 2367 2649 ἦν
2417 2563 2522 2635 γὰρ
2582 2562 2656 2634 δὴ

1567 2653 1781 2701 κωφος.
1829 2639 1904 2688 Et
1927 2637 2074 2686 infra
2108 2637 2154 2699 1,
2176 2636 2271 2687 85.
2307 2624 2384 2714 ἦν
2420 2631 2481 2686 οῖ
2500 2641 2656 2695 παῖς,

1567 2705 1672 2757 τοῦ
1725 2700 1821 2754 καὶ
1874 2697 2158 2785 πρότερον
2211 2697 2538 2785 ἐμνήσθην,
2593 2703 2663 2756 τὰ

1567 2771 1673 2841 μὲν
1708 2765 1849 2824 ἄλλα
1884 2765 2242 2839 ἐπιεικὴς,
2290 2764 2525 2838 ἄφωνος
2573 2770 2656 2826 δέ.

1567 2847 1648 2896 Ac
1692 2843 1932 2895 Beckius
1978 2858 2193 2961 quogue
2234 2844 2460 2905 Quaest.
2508 2847 2658 2897 critt.

2124 2909 2521 2978 ιεφθαρμένον
2554 2907 2661 2981 τὴν

1563 2976 1748 3048 ἀκοὴν
1782 2983 2254 3049 interpretamenti
2289 2983 2411 3034 loco
2445 2984 2657 3048 babuit,

1566 3053 1802 3119 indeque
1852 3054 2007 3104 uncis
2070 3053 2258 3104 eadem
2317 3053 2661 3105 incluserunt

1569 3130 1831 3189 tanquam
1926 3127 2186 3188 suspecta
2276 3123 2515 3174 Dindorf
2602 3129 2659 3174 et

1567 3192 1815 3245 Dietsch.
1868 3192 2275 3243 Assentientem
2311 3192 2534 3244 Reizius
2564 3209 2659 3243 na·

1571 3268 1691 3313 ctus
1730 3266 1816 3312 est
1849 3262 2211 3325 Lai-cherum,
2250 3277 2351 3313 nec
2387 3262 2659 3328 Schweig-

1568 3332 1835 3383 haeuser-o
1867 3333 1975 3382 tria
1998 3333 2110 3382 ista
2139 3331 2337 3381 verba:
2375 3328 2661 3396 διεφθαρ-

1568 3399 1745 3466 μένον
1802 3393 1909 3465 τὴν
1965 3391 2152 3464 ἀκοὴν
2208 3400 2428 3465 glossae
2485 3399 2661 3463 suspi-

1570 3472 1726 3521 cione
1761 3485 1962 3520 vacare
1993 3470 2269 3519 videntur.
2343 3469 2451 3530 Qui
2479 3472 2663 3517 tamen

1568 3541 1689 3605 ipse
1740 3539 1826 3588 vir
1878 3538 2228 3588 cautissimus
2281 3537 2436 3585 uncis
2494 3536 2665 3586 inclu-

1570 3609 1698 3659 dere
1739 3613 1836 3657 aut
1887 3612 2040 3656 textu
2096 3605 2294 3655 eiicere
2336 3604 2506 3655 verba
2548 3610 2664 3655 ten-

1569 3682 1691 3729 tata
1724 3675 1919 3727 noluit.
2004 3677 2078 3725 Et
2113 3678 2262 3724 recte
2296 3673 2458 3736 fecit,
2497 3674 2662 3725 ratio-

1569 3748 1732 3798 nibus
1767 3745 1905 3794 bene
1939 3744 2140 3794 allatis.
2197 3744 2444 3808 Namque
2478 3760 2507 3794 e
2532 3759 2660 3795 neu-

1568 3822 1656 3868 tro
1711 3813 1978 3865 Herodoti
2043 3813 2164 3865 loco
2235 3812 2381 3864 effici
2439 3816 2660 3880 poterit,

1569 3878 1675 3950 τὴν
1719 3875 1904 3948 ἀκοὴν
1952 3884 2041 3934 hic
2093 3883 2366 3949 glossema
2402 3899 2523 3935 esse
2569 3900 2661 3935 ne-

1569 3971 1675 4022 que
1699 3954 1916 4005 omnino
1950 3953 2242 4019 quidquam
2267 3953 2511 4018 impedit,
2552 3969 2659 4019 quo

1570 4025 1748 4075 minus
1783 4028 2016 4090 utroque
2048 4023 2184 4074 vitio
2223 4024 2475 4073 iuvenem
2510 4022 2661 4074 labo-

1569 4109 1721 4145 rasse
1761 4093 2063 4144 credamus.
2135 4091 2260 4143 vid.
2308 4108 2448 4158 quae
2492 4092 2562 4142 ad
2613 4092 2660 4155 1,

1568 4165 1638 4217 34
1670 4164 1981 4215 notavimus
2029 4163 2095 4212 de
2132 4161 2533 4227 significatione
2569 4178 2664 4211 vo-

1570 4233 1726 4284 culae
1760 4225 1982 4296 κωφὸς,
2030 4230 2175 4281 unde
2209 4232 2409 4282 iniuria
2440 4231 2662 4282 Reizius

1570 4308 1949 4383 argumentum
1994 4302 2214 4351 duxisse
2254 4301 2500 4362 videtur,
2552 4316 2659 4383 quo
2751 4350 2754 4353 .

1569 4372 1739 4423 verba
1751 4364 1886 4452 τὴν
1905 4362 2089 4451 ἀκοὴν
2116 4370 2417 4421 damnaret.
2463 4371 2514 4419 N
2518 4385 2662 4449 egns

1571 4458 1666 4508 pro
1704 4433 1812 4506 τὴν
1854 4432 2038 4507 ἀκοὴν
2070 4439 2241 4490 edidit
2292 4432 2399 4507 τὴν
2437 4431 2659 4506 φωνήν.
2695 4468 2710 4479 -
