3109 5092
521 341 645 404 854
815 339 1339 403 EXCURSUS
1384 341 1476 400 VI
1521 340 1651 400 AD
1696 337 2203 401 HERODOT.
2249 341 2345 413 Π,
2392 345 2479 402 17.

522 515 643 568 scil.
687 514 893 585 parte).
963 512 1137 567 Aliter
1176 518 1509 568 statuentem
1539 512 2003 585 champollionem
2040 518 2097 566 et
2125 529 2299 583 supra
2333 513 2439 567 iam
2473 515 2840 568 memoravi-

523 617 674 667 mue3
705 601 851 652 conf.
879 617 1021 671 quae
1042 599 1134 652 ille
1161 600 1390 652 disserit
1411 598 1755 669 potissimum
1789 618 1844 670 p.
1872 605 1938 658 14
1962 617 2082 669 seq.
2121 601 2186 657 17
2212 616 2333 668 seq.

694 686 1024 739 Mendesium
1057 686 1287 752 ostium,
1325 684 1473 736 intra
1491 684 1807 738 Taniticum
1835 690 1892 736 et
1915 683 2342 751 Sebennyticum
2370 683 2521 753 quod
2551 685 2830 755 ponitur,

526 773 595 824 ab
632 771 865 840 oppido,
911 769 999 822 cui
1025 769 1259 822 Mendes
1292 787 1516 835 nomen,
1564 776 1817 822 vocatum
1849 774 1954 822 est.
2021 769 2071 821 E
2111 769 2480 836 Sebennytico
2519 771 2829 837 provenit,

527 856 574 909 si
595 855 937 907 Herodotum
969 854 1163 907 audias
1181 893 1197 919 ‚
1232 872 1261 905 e
1283 853 1551 907 Phatnico
1571 894 1586 922 ‚
1625 856 1676 907 si
1701 854 1964 907 Straboni
1988 854 2148 906 fides.
2216 853 2280 905 In
2304 870 2415 923 quo
2438 858 2623 906 tamen
2648 873 2828 909 nemo

526 939 804 1005 haerebit,
852 939 980 1009 qui,
1041 955 1182 1008 quae
1225 938 1293 991 de
1330 939 1596 992 Phatnico
1634 939 1805 992 fluvio
1847 954 2017 1007 supra
2049 939 2388 1004 monuimus,
2434 942 2825 1007 reputaverit.

525 1025 870 1079 Mendesium
908 1024 1108 1076 ostium
1150 1023 1327 1076 adhuc
1359 1024 1647 1077 invenitur
1681 1024 1896 1076 nomine
1931 1022 2139 1076 canalis
2168 1026 2432 1089 Achmun,
2471 1024 2566 1092 qui
2603 1044 2635 1076 e
2660 1023 2827 1077 Pha-

523 1110 671 1162 tnico
709 1109 885 1161 canali
922 1127 969 1161 a.
1015 1108 1323 1161 Damiatino
1361 1108 1648 1162 derivatus
1701 1109 1957 1179 oppidum
1993 1109 2236 1161 Achmun
2285 1107 2726 1177 praeterlabitur
2764 1118 2829 1161 et

525 1212 697 1265 prope
735 1195 951 1259 urbem,
993 1210 1138 1262 quae
1172 1211 1320 1245 nunc
1355 1194 1559 1246 dicitnr
1588 1194 1876 1259 Mensura,
1914 1193 1970 1246 in
1995 1191 2170 1246 lacum
2194 1192 2482 1246 Menzaleh
2516 1195 2662 1261 exit,
2710 1213 2827 1263 per

526 1295 685 1350 quem
709 1278 888 1347 ipsum
911 1295 1031 1330 cum
1059 1278 1191 1330 mari
1221 1274 1298 1329 ita
1322 1278 1699 1345 coniungitur,
1733 1287 1796 1331 ut
1817 1278 2090 1348 hodieque
2114 1277 2471 1347 conspicuum
2494 1277 2571 1329 sit
2602 1280 2827 1333 ostium

524 1362 874 1429 maritimum,
923 1362 1136 1415 nomine
1175 1362 1368 1429 Dybelt.
1431 1363 1599 1415 Conf.
1624 1362 1904 1416 Mannert.
1939 1362 1976 1415 l.
2007 1362 2045 1415 l.
2082 1382 2137 1432 p.
2166 1366 2287 1421 549.
2349 1362 2656 1431 Cbampoll.
2702 1363 2749 1416 l.
2780 1364 2821 1417 l.

526 1466 579 1515 p.
610 1453 676 1505 15
701 1464 817 1515 seq.
865 1445 1064 1499 Ritter.
1098 1446 1134 1498 l.
1163 1445 1199 1498 l.
1233 1465 1286 1516 p.
1310 1452 1412 1507 831
1444 1452 1501 1499 et
1528 1448 1603 1500 du
1625 1446 1961 1515 Bois-Ayme
1983 1446 2021 1499 l.
2044 1447 2083 1500 1.
2112 1466 2167 1517 p.
2192 1451 2316 1506 288.
