<?xml version="1.0" encoding="UTF-8"?>
<!DOCTYPE html PUBLIC "-//W3C//DTD XHTML 1.0 Transitional//EN"
    "http://www.w3.org/TR/xhtml1/DTD/xhtml1-transitional.dtd">
<html xmlns="http://www.w3.org/1999/xhtml" xml:lang="en" lang="en">
 <head>
  <title>
</title>
<meta http-equiv="Content-Type" content="text/html;charset=utf-8" />
  <meta name='ocr-system' content='tesseract 3.04.00' />
  <meta name='ocr-capabilities' content='ocr_page ocr_carea ocr_par ocr_line ocrx_word'/>
</head>
<body>
  <div class='ocr_page' id='page_1' title='image "./herodotihalicar02unkngoog_0855.png"; bbox 0 0 3109 5092; ppageno 0'>
   <div class='ocr_carea' id='block_1_1' title="bbox 1038 283 2642 393">
    <p class='ocr_par' dir='ltr' id='par_1_1' title="bbox 1038 283 2642 393">
     <span class='ocr_line' id='line_1_1' title="bbox 1038 283 2642 393; baseline 0.001 -17"><span class='ocrx_word' id='word_1_1' title='bbox 1038 317 1168 377; x_wconf 88' lang='lat' dir='ltr'><strong>AD</strong></span> <span class='ocrx_word' id='word_1_2' title='bbox 1215 316 1729 379; x_wconf 83' lang='lat' dir='ltr'><strong>HERODOT.</strong></span> <span class='ocrx_word' id='word_1_3' title='bbox 1778 319 1839 393; x_wconf 92' lang='lat'><strong>1,</strong></span> <span class='ocrx_word' id='word_1_4' title='bbox 1887 327 1973 381; x_wconf 83' lang='lat'><strong>35.</strong></span> <span class='ocrx_word' id='word_1_5' title='bbox 2142 283 2155 297; x_wconf 77' lang='grc'><strong>“</strong></span> <span class='ocrx_word' id='word_1_6' title='bbox 2520 315 2642 378; x_wconf 82' lang='grc'><strong>835</strong></span> 
     </span>
    </p>
   </div>
   <div class='ocr_carea' id='block_1_2' title="bbox 362 488 2646 2003">
    <p class='ocr_par' dir='ltr' id='par_1_2' title="bbox 362 488 2646 2003">
     <span class='ocr_line' id='line_1_2' title="bbox 368 488 2643 560; baseline 0.001 -20"><span class='ocrx_word' id='word_1_7' title='bbox 368 488 632 542; x_wconf 81' lang='lat' dir='ltr'><strong>Phoeniz.</strong></span> <span class='ocrx_word' id='word_1_8' title='bbox 665 491 713 542; x_wconf 87' lang='lat'><strong>1.</strong></span> <span class='ocrx_word' id='word_1_9' title='bbox 745 508 800 559; x_wconf 91' lang='lat' dir='ltr'><strong>p.</strong></span> <span class='ocrx_word' id='word_1_10' title='bbox 834 494 956 547; x_wconf 73' lang='lat'><strong>224.</strong></span> <span class='ocrx_word' id='word_1_11' title='bbox 994 493 1118 555; x_wconf 86' lang='lat'><strong>398,</strong></span> <span class='ocrx_word' id='word_1_12' title='bbox 1156 505 1316 559; x_wconf 88' lang='lat' dir='ltr'><strong>quem</strong></span> <span class='ocrx_word' id='word_1_13' title='bbox 1344 490 1601 560; x_wconf 77' lang='lat' dir='ltr'><strong>sequitur</strong></span> <span class='ocrx_word' id='word_1_14' title='bbox 1633 491 1739 542; x_wconf 88' lang='lat' dir='ltr'><strong>Th.</strong></span> <span class='ocrx_word' id='word_1_15' title='bbox 1768 489 2002 542; x_wconf 84' lang='lat' dir='ltr'><strong>Mencke</strong></span> <span class='ocrx_word' id='word_1_16' title='bbox 2034 489 2291 557; x_wconf 82' lang='lat' dir='ltr'><strong>Lydiacc.</strong></span> <span class='ocrx_word' id='word_1_17' title='bbox 2323 509 2377 559; x_wconf 92' lang='lat' dir='ltr'><strong>p.</strong></span> <span class='ocrx_word' id='word_1_18' title='bbox 2397 493 2480 552; x_wconf 86' lang='lat'><strong>17.</strong></span> <span class='ocrx_word' id='word_1_19' title='bbox 2546 489 2643 543; x_wconf 81' lang='lat' dir='ltr'><strong>At-</strong></span> 
     </span>
     <span class='ocr_line' id='line_1_3' title="bbox 369 573 2643 645; baseline 0 -19"><span class='ocrx_word' id='word_1_20' title='bbox 369 592 475 643; x_wconf 84' lang='lat' dir='ltr'><strong>que</strong></span> <span class='ocrx_word' id='word_1_21' title='bbox 523 575 744 645; x_wconf 82' lang='lat' dir='ltr'><strong>copiose</strong></span> <span class='ocrx_word' id='word_1_22' title='bbox 792 575 927 625; x_wconf 83' lang='lat' dir='ltr'><strong>haec</strong></span> <span class='ocrx_word' id='word_1_23' title='bbox 969 580 1169 626; x_wconf 77' lang='lat' dir='ltr'><strong>tractat</strong></span> <span class='ocrx_word' id='word_1_24' title='bbox 1208 574 1406 627; x_wconf 81' lang='lat' dir='ltr'><strong>Rivola</strong></span> <span class='ocrx_word' id='word_1_25' title='bbox 1450 576 1508 627; x_wconf 87' lang='lat' dir='ltr'><strong>in</strong></span> <span class='ocrx_word' id='word_1_26' title='bbox 1541 574 1746 628; x_wconf 90' lang='lat' dir='ltr'><strong>Comm.</strong></span> <span class='ocrx_word' id='word_1_27' title='bbox 1791 576 1859 626; x_wconf 86' lang='lat' dir='ltr'><strong>de</strong></span> <span class='ocrx_word' id='word_1_28' title='bbox 1892 573 2102 626; x_wconf 76' lang='lat' dir='ltr'><strong>Baccho</strong></span> <span class='ocrx_word' id='word_1_29' title='bbox 2147 582 2201 626; x_wconf 84' lang='lat' dir='ltr'><strong>et</strong></span> <span class='ocrx_word' id='word_1_30' title='bbox 2232 574 2428 628; x_wconf 80' lang='lat' dir='ltr'><strong>Penth.</strong></span> <span class='ocrx_word' id='word_1_31' title='bbox 2476 575 2643 628; x_wconf 83' lang='lat' dir='ltr'><strong>P.11.</strong></span> 
     </span>
     <span class='ocr_line' id='line_1_4' title="bbox 369 658 2646 733; baseline 0 -22"><span class='ocrx_word' id='word_1_32' title='bbox 369 677 424 727; x_wconf 89' lang='lat' dir='ltr'><strong>p.</strong></span> <span class='ocrx_word' id='word_1_33' title='bbox 459 665 492 719; x_wconf 88' lang='lat'><strong>6</strong></span> <span class='ocrx_word' id='word_1_34' title='bbox 523 678 681 733; x_wconf 81' lang='lat' dir='ltr'><strong>seqq.</strong></span> <span class='ocrx_word' id='word_1_35' title='bbox 743 660 933 723; x_wconf 79' lang='lat' dir='ltr'><strong>Quare</strong></span> <span class='ocrx_word' id='word_1_36' title='bbox 957 659 1181 712; x_wconf 83' lang='lat' dir='ltr'><strong>multum</strong></span> <span class='ocrx_word' id='word_1_37' title='bbox 1223 660 1410 727; x_wconf 77' lang='lat' dir='ltr'><strong>abest,</strong></span> <span class='ocrx_word' id='word_1_38' title='bbox 1461 666 1521 711; x_wconf 85' lang='lat' dir='ltr'><strong>ut</strong></span> <span class='ocrx_word' id='word_1_39' title='bbox 1553 659 1692 711; x_wconf 84' lang='lat' dir='ltr'><strong>hanc</strong></span> <span class='ocrx_word' id='word_1_40' title='bbox 1720 658 1992 711; x_wconf 82' lang='lat' dir='ltr'><strong>Herodoti</strong></span> <span class='ocrx_word' id='word_1_41' title='bbox 2026 661 2393 712; x_wconf 81' lang='lat' dir='ltr'>narrationem</span> <span class='ocrx_word' id='word_1_42' title='bbox 2427 663 2493 712; x_wconf 78' lang='lat' dir='ltr'><strong>ab</strong></span> <span class='ocrx_word' id='word_1_43' title='bbox 2524 660 2646 730; x_wconf 80' lang='lat' dir='ltr'><strong>apri</strong></span> 
     </span>
     <span class='ocr_line' id='line_1_5' title="bbox 370 743 2643 811; baseline 0.001 -17"><span class='ocrx_word' id='word_1_44' title='bbox 370 744 665 811; x_wconf 81' lang='lat' dir='ltr'><strong>Calydonii</strong></span> <span class='ocrx_word' id='word_1_45' title='bbox 705 745 888 796; x_wconf 79' lang='lat' dir='ltr'><strong>fabula</strong></span> <span class='ocrx_word' id='word_1_46' title='bbox 920 745 1202 796; x_wconf 78' lang='lat' dir='ltr'><strong>deductam</strong></span> <span class='ocrx_word' id='word_1_47' title='bbox 1240 752 1339 796; x_wconf 76' lang='lat' dir='ltr'><strong>aut</strong></span> <span class='ocrx_word' id='word_1_48' title='bbox 1373 744 1441 797; x_wconf 78' lang='lat' dir='ltr'><strong>ad</strong></span> <span class='ocrx_word' id='word_1_49' title='bbox 1473 744 1636 797; x_wconf 76' lang='lat' dir='ltr'><strong>huius</strong></span> <span class='ocrx_word' id='word_1_50' title='bbox 1670 743 2079 797; x_wconf 80' lang='lat' dir='ltr'><strong>similitudinem</strong></span> <span class='ocrx_word' id='word_1_51' title='bbox 2121 746 2403 798; x_wconf 77' lang='lat' dir='ltr'><strong>confictam</strong></span> <span class='ocrx_word' id='word_1_52' title='bbox 2447 746 2643 798; x_wconf 78' lang='lat' dir='ltr'><strong>habea-</strong></span> 
     </span>
     <span class='ocr_line' id='line_1_6' title="bbox 367 829 2645 899; baseline 0.001 -20"><span class='ocrx_word' id='word_1_53' title='bbox 367 846 518 895; x_wconf 73' lang='lat' dir='ltr'><strong>mne,</strong></span> <span class='ocrx_word' id='word_1_54' title='bbox 567 829 1014 899; x_wconf 82' lang='lat' dir='ltr'><strong>quemadmodum</strong></span> <span class='ocrx_word' id='word_1_55' title='bbox 1052 829 1313 897; x_wconf 83' lang='lat' dir='ltr'>opinatur</span> <span class='ocrx_word' id='word_1_56' title='bbox 1335 830 1540 881; x_wconf 82' lang='lat' dir='ltr'><strong>Grote:</strong></span> <span class='ocrx_word' id='word_1_57' title='bbox 1574 829 1811 896; x_wconf 81' lang='lat' dir='ltr'><strong>History</strong></span> <span class='ocrx_word' id='word_1_58' title='bbox 1842 831 1905 881; x_wconf 80' lang='lat' dir='ltr'><strong>os</strong></span> <span class='ocrx_word' id='word_1_59' title='bbox 1923 831 2135 881; x_wconf 87' lang='lat' dir='ltr'><strong>Greece</strong></span> <span class='ocrx_word' id='word_1_60' title='bbox 2168 829 2269 881; x_wconf 90' lang='grc' dir='ltr'>ΙΙΙ.</span> <span class='ocrx_word' id='word_1_61' title='bbox 2308 848 2362 899; x_wconf 87' lang='lat' dir='ltr'><strong>p.</strong></span> <span class='ocrx_word' id='word_1_62' title='bbox 2393 836 2492 889; x_wconf 83' lang='lat'><strong>201</strong></span> <span class='ocrx_word' id='word_1_63' title='bbox 2513 870 2529 895; x_wconf 89' lang='lat'>‚</span> <span class='ocrx_word' id='word_1_64' title='bbox 2582 836 2645 882; x_wconf 82' lang='lat' dir='ltr'><strong>ut</strong></span> 
     </span>
     <span class='ocr_line' id='line_1_7' title="bbox 369 912 2640 983; baseline 0.001 -20"><span class='ocrx_word' id='word_1_65' title='bbox 369 913 708 967; x_wconf 76' lang='lat' dir='ltr'><strong>Graecorum</strong></span> <span class='ocrx_word' id='word_1_66' title='bbox 733 913 969 966; x_wconf 81' lang='lat' dir='ltr'><strong>fabulam</strong></span> <span class='ocrx_word' id='word_1_67' title='bbox 995 915 1061 965; x_wconf 91' lang='lat' dir='ltr'><strong>de</strong></span> <span class='ocrx_word' id='word_1_68' title='bbox 1091 931 1225 983; x_wconf 84' lang='lat' dir='ltr'><strong>apro</strong></span> <span class='ocrx_word' id='word_1_69' title='bbox 1242 912 1549 980; x_wconf 80' lang='lat' dir='ltr'><strong>Calydonio</strong></span> <span class='ocrx_word' id='word_1_70' title='bbox 1575 913 2032 982; x_wconf 80' lang='lat' dir='ltr'><strong>etErymanthico</strong></span> <span class='ocrx_word' id='word_1_71' title='bbox 2065 915 2131 968; x_wconf 84' lang='lat' dir='ltr'><strong>ad</strong></span> <span class='ocrx_word' id='word_1_72' title='bbox 2166 913 2509 968; x_wconf 81' lang='lat' dir='ltr'><strong>orientalium</strong></span> <span class='ocrx_word' id='word_1_73' title='bbox 2546 915 2640 966; x_wconf 89' lang='lat' dir='ltr'><strong>ho-</strong></span> 
     </span>
     <span class='ocr_line' id='line_1_8' title="bbox 367 998 2642 1068; baseline 0.001 -20"><span class='ocrx_word' id='word_1_74' title='bbox 367 998 569 1051; x_wconf 86' lang='lat' dir='ltr'><strong>minurn</strong></span> <span class='ocrx_word' id='word_1_75' title='bbox 603 1000 951 1051; x_wconf 80' lang='lat' dir='ltr'><strong>narrationes</strong></span> <span class='ocrx_word' id='word_1_76' title='bbox 992 999 1059 1052; x_wconf 90' lang='lat' dir='ltr'><strong>de</strong></span> <span class='ocrx_word' id='word_1_77' title='bbox 1093 998 1234 1065; x_wconf 82' lang='lat' dir='ltr'><strong>Atye</strong></span> <span class='ocrx_word' id='word_1_78' title='bbox 1279 1017 1327 1050; x_wconf 76' lang='lat' dir='ltr'><strong>s.</strong></span> <span class='ocrx_word' id='word_1_79' title='bbox 1359 998 1610 1050; x_wconf 82' lang='lat' dir='ltr'><strong>Adonide</strong></span> <span class='ocrx_word' id='word_1_80' title='bbox 1653 999 2013 1052; x_wconf 80' lang='lat' dir='ltr'><strong>revocandam</strong></span> <span class='ocrx_word' id='word_1_81' title='bbox 2054 1000 2291 1068; x_wconf 79' lang='lat' dir='ltr'>indeque</span> <span class='ocrx_word' id='word_1_82' title='bbox 2335 999 2642 1052; x_wconf 82' lang='lat' dir='ltr'><strong>diiudican-</strong></span> 
     </span>
     <span class='ocr_line' id='line_1_9' title="bbox 366 1080 2639 1154; baseline 0.001 -21"><span class='ocrx_word' id='word_1_83' title='bbox 366 1081 488 1134; x_wconf 80' lang='lat' dir='ltr'><strong>dam</strong></span> <span class='ocrx_word' id='word_1_84' title='bbox 528 1102 653 1135; x_wconf 81' lang='lat' dir='ltr'><strong>esse</strong></span> <span class='ocrx_word' id='word_1_85' title='bbox 691 1100 1029 1137; x_wconf 77' lang='lat' dir='ltr'><strong>censeamus.</strong></span> <span class='ocrx_word' id='word_1_86' title='bbox 1092 1081 1258 1134; x_wconf 88' lang='lat' dir='ltr'><strong>Conf.</strong></span> <span class='ocrx_word' id='word_1_87' title='bbox 1294 1081 1492 1135; x_wconf 81' lang='lat' dir='ltr'><strong>Rivola</strong></span> <span class='ocrx_word' id='word_1_88' title='bbox 1536 1082 1572 1134; x_wconf 90' lang='lat' dir='ltr'><strong>l.</strong></span> <span class='ocrx_word' id='word_1_89' title='bbox 1607 1080 1643 1133; x_wconf 89' lang='lat' dir='ltr'><strong>l.</strong></span> <span class='ocrx_word' id='word_1_90' title='bbox 1688 1102 1742 1153; x_wconf 90' lang='lat' dir='ltr'><strong>p.</strong></span> <span class='ocrx_word' id='word_1_91' title='bbox 1779 1090 1862 1142; x_wconf 79' lang='lat'><strong>12.</strong></span> <span class='ocrx_word' id='word_1_92' title='bbox 1934 1087 2227 1139; x_wconf 75' lang='lat' dir='ltr'><strong><em>Adrastum</em></strong></span> <span class='ocrx_word' id='word_1_93' title='bbox 2268 1102 2432 1151; x_wconf 84' lang='lat' dir='ltr'><strong>vero,</strong></span> <span class='ocrx_word' id='word_1_94' title='bbox 2482 1102 2639 1154; x_wconf 90' lang='lat' dir='ltr'><strong>quem</strong></span> 
     </span>
     <span class='ocr_line' id='line_1_10' title="bbox 367 1166 2638 1236; baseline 0.002 -19"><span class='ocrx_word' id='word_1_95' title='bbox 367 1167 605 1220; x_wconf 80' lang='lat' dir='ltr'><strong>satorum</strong></span> <span class='ocrx_word' id='word_1_96' title='bbox 648 1186 711 1220; x_wconf 82' lang='lat' dir='ltr'><strong>ac</strong></span> <span class='ocrx_word' id='word_1_97' title='bbox 752 1168 970 1221; x_wconf 81' lang='lat' dir='ltr'><strong>divinae</strong></span> <span class='ocrx_word' id='word_1_98' title='bbox 1005 1166 1277 1219; x_wconf 80' lang='lat' dir='ltr'><strong>vindictae</strong></span> <span class='ocrx_word' id='word_1_99' title='bbox 1306 1167 1613 1220; x_wconf 80' lang='lat' dir='ltr'><strong>ministrum</strong></span> <span class='ocrx_word' id='word_1_100' title='bbox 1658 1167 1744 1219; x_wconf 87' lang='lat' dir='ltr'><strong>hic</strong></span> <span class='ocrx_word' id='word_1_101' title='bbox 1775 1169 2166 1236; x_wconf 83' lang='lat' dir='ltr'><strong>cognovimns,</strong></span> <span class='ocrx_word' id='word_1_102' title='bbox 2214 1186 2370 1221; x_wconf 90' lang='lat' dir='ltr'><strong>nemo</strong></span> <span class='ocrx_word' id='word_1_103' title='bbox 2416 1186 2523 1221; x_wconf 90' lang='lat' dir='ltr'><strong>non</strong></span> <span class='ocrx_word' id='word_1_104' title='bbox 2557 1168 2638 1221; x_wconf 78' lang='lat' dir='ltr'><strong>vi·</strong></span> 
     </span>
     <span class='ocr_line' id='line_1_11' title="bbox 370 1251 2638 1322; baseline 0.001 -19"><span class='ocrx_word' id='word_1_105' title='bbox 370 1251 463 1303; x_wconf 78' lang='lat' dir='ltr'><strong>det</strong></span> <span class='ocrx_word' id='word_1_106' title='bbox 498 1252 779 1321; x_wconf 86' lang='lat' dir='ltr'><strong>pertinere</strong></span> <span class='ocrx_word' id='word_1_107' title='bbox 830 1253 896 1305; x_wconf 80' lang='lat' dir='ltr'><strong>ad</strong></span> <span class='ocrx_word' id='word_1_108' title='bbox 944 1253 1094 1306; x_wconf 83' lang='lat' dir='ltr'><strong>deam</strong></span> <span class='ocrx_word' id='word_1_109' title='bbox 1134 1253 1382 1307; x_wconf 71' lang='lat' dir='ltr'><strong>Nemesin</strong></span> <span class='ocrx_word' id='word_1_110' title='bbox 1410 1256 1729 1306; x_wconf 70' lang='lat' dir='ltr'><strong>Adrasteam</strong></span> <span class='ocrx_word' id='word_1_111' title='bbox 1773 1271 1820 1305; x_wconf 82' lang='grc' dir='ltr'><strong>ει.</strong></span> <span class='ocrx_word' id='word_1_112' title='bbox 1855 1254 2027 1306; x_wconf 83' lang='lat' dir='ltr'><strong>fatum</strong></span> <span class='ocrx_word' id='word_1_113' title='bbox 2071 1252 2418 1306; x_wconf 77' lang='lat' dir='ltr'><strong>inevitabile:</strong></span> <span class='ocrx_word' id='word_1_114' title='bbox 2479 1271 2638 1322; x_wconf 81' lang='lat' dir='ltr'><strong>quam</strong></span> 
     </span>
     <span class='ocr_line' id='line_1_12' title="bbox 369 1334 2636 1407; baseline 0.002 -21"><span class='ocrx_word' id='word_1_115' title='bbox 369 1334 521 1387; x_wconf 84' lang='lat' dir='ltr'><strong>deam</strong></span> <span class='ocrx_word' id='word_1_116' title='bbox 566 1355 664 1405; x_wconf 89' lang='lat' dir='ltr'><strong>per</strong></span> <span class='ocrx_word' id='word_1_117' title='bbox 707 1337 938 1390; x_wconf 80' lang='lat' dir='ltr'><strong>orientis</strong></span> <span class='ocrx_word' id='word_1_118' title='bbox 979 1354 1200 1407; x_wconf 89' lang='lat' dir='ltr'><strong>quoque</strong></span> <span class='ocrx_word' id='word_1_119' title='bbox 1241 1344 1428 1406; x_wconf 79' lang='lat' dir='ltr'><strong>partes</strong></span> <span class='ocrx_word' id='word_1_120' title='bbox 1472 1336 1714 1389; x_wconf 77' lang='lat' dir='ltr'><strong>diversis</strong></span> <span class='ocrx_word' id='word_1_121' title='bbox 1748 1337 2060 1391; x_wconf 75' lang='lat' dir='ltr'><strong>nominibus</strong></span> <span class='ocrx_word' id='word_1_122' title='bbox 2093 1337 2291 1390; x_wconf 74' lang='lat' dir='ltr'><strong>cultam</strong></span> <span class='ocrx_word' id='word_1_123' title='bbox 2334 1355 2459 1389; x_wconf 76' lang='lat' dir='ltr'><strong>esse</strong></span> <span class='ocrx_word' id='word_1_124' title='bbox 2496 1356 2636 1391; x_wconf 90' lang='lat' dir='ltr'><strong>com·</strong></span> 
     </span>
     <span class='ocr_line' id='line_1_13' title="bbox 365 1420 2636 1493; baseline 0 -20"><span class='ocrx_word' id='word_1_125' title='bbox 365 1421 693 1473; x_wconf 82' lang='lat' dir='ltr'><strong>monstravit</strong></span> <span class='ocrx_word' id='word_1_126' title='bbox 736 1421 867 1474; x_wconf 87' lang='lat' dir='ltr'><strong>Chr.</strong></span> <span class='ocrx_word' id='word_1_127' title='bbox 911 1421 1068 1473; x_wconf 79' lang='lat' dir='ltr'>Walz</span> <span class='ocrx_word' id='word_1_128' title='bbox 1108 1420 1166 1473; x_wconf 92' lang='lat' dir='ltr'><strong>in</strong></span> <span class='ocrx_word' id='word_1_129' title='bbox 1207 1421 1359 1473; x_wconf 72' lang='lat' dir='ltr'><strong>Dies.</strong></span> <span class='ocrx_word' id='word_1_130' title='bbox 1405 1420 1470 1473; x_wconf 92' lang='lat' dir='ltr'><strong>de</strong></span> <span class='ocrx_word' id='word_1_131' title='bbox 1507 1421 1734 1473; x_wconf 77' lang='lat' dir='ltr'><strong>Nemesi</strong></span> <span class='ocrx_word' id='word_1_132' title='bbox 1780 1423 2116 1475; x_wconf 78' lang='lat' dir='ltr'><strong>Graecorum</strong></span> <span class='ocrx_word' id='word_1_133' title='bbox 2156 1421 2429 1493; x_wconf 86' lang='lat' dir='ltr'><strong>(Tubing.</strong></span> <span class='ocrx_word' id='word_1_134' title='bbox 2469 1424 2636 1489; x_wconf 81' lang='lat'>1852)</span> 
     </span>
     <span class='ocr_line' id='line_1_14' title="bbox 365 1505 2634 1576; baseline 0.002 -21"><span class='ocrx_word' id='word_1_135' title='bbox 365 1522 419 1572; x_wconf 88' lang='lat' dir='ltr'><strong>p.</strong></span> <span class='ocrx_word' id='word_1_136' title='bbox 454 1510 522 1563; x_wconf 82' lang='lat'><strong>12</strong></span> <span class='ocrx_word' id='word_1_137' title='bbox 552 1523 709 1574; x_wconf 82' lang='lat' dir='ltr'><strong>seqq.</strong></span> <span class='ocrx_word' id='word_1_138' title='bbox 750 1505 872 1558; x_wconf 82' lang='lat' dir='ltr'><strong>coll.</strong></span> <span class='ocrx_word' id='word_1_139' title='bbox 905 1505 1146 1559; x_wconf 83' lang='lat' dir='ltr'><strong>Preller=</strong></span> <span class='ocrx_word' id='word_1_140' title='bbox 1189 1505 1412 1557; x_wconf 87' lang='lat' dir='ltr'><strong>Griech.</strong></span> <span class='ocrx_word' id='word_1_141' title='bbox 1447 1505 1757 1573; x_wconf 77' lang='lat' dir='ltr'><strong>Mytholog.</strong></span> <span class='ocrx_word' id='word_1_142' title='bbox 1794 1505 1839 1558; x_wconf 87' lang='grc' dir='ltr'><strong>Ι.</strong></span> <span class='ocrx_word' id='word_1_143' title='bbox 1887 1525 1943 1576; x_wconf 91' lang='lat' dir='ltr'><strong>p.</strong></span> <span class='ocrx_word' id='word_1_144' title='bbox 1975 1513 2081 1567; x_wconf 88' lang='lat'><strong>333</strong></span> <span class='ocrx_word' id='word_1_145' title='bbox 2103 1525 2222 1576; x_wconf 77' lang='lat' dir='ltr'><strong>seq.</strong></span> <span class='ocrx_word' id='word_1_146' title='bbox 2294 1508 2489 1576; x_wconf 78' lang='lat' dir='ltr'><strong>Itaque</strong></span> <span class='ocrx_word' id='word_1_147' title='bbox 2525 1525 2634 1560; x_wconf 80' lang='lat' dir='ltr'><strong>ma-</strong></span> 
     </span>
     <span class='ocr_line' id='line_1_15' title="bbox 362 1587 2635 1662; baseline 0.003 -24"><span class='ocrx_word' id='word_1_148' title='bbox 362 1587 450 1640; x_wconf 83' lang='lat' dir='ltr'><strong>lim</strong></span> <span class='ocrx_word' id='word_1_149' title='bbox 481 1606 600 1642; x_wconf 88' lang='lat' dir='ltr'><strong>cum</strong></span> <span class='ocrx_word' id='word_1_150' title='bbox 623 1590 781 1642; x_wconf 84' lang='lat' dir='ltr'><strong>stou.</strong></span> <span class='ocrx_word' id='word_1_151' title='bbox 814 1589 1281 1661; x_wconf 83' lang='lat' dir='ltr'><strong>(Urspriingliche</strong></span> <span class='ocrx_word' id='word_1_152' title='bbox 1299 1590 1531 1641; x_wconf 85' lang='lat' dir='ltr'><strong>Bedeut.</strong></span> <span class='ocrx_word' id='word_1_153' title='bbox 1564 1590 1618 1643; x_wconf 92' lang='lat' dir='ltr'><strong>d.</strong></span> <span class='ocrx_word' id='word_1_154' title='bbox 1652 1589 1792 1642; x_wconf 75' lang='lat' dir='ltr'><strong>Ares</strong></span> <span class='ocrx_word' id='word_1_155' title='bbox 1824 1596 1968 1659; x_wconf 76' lang='lat' dir='ltr'><strong>p.29</strong></span> <span class='ocrx_word' id='word_1_156' title='bbox 1991 1591 2141 1662; x_wconf 75' lang='lat' dir='ltr'><strong>seq.)</strong></span> <span class='ocrx_word' id='word_1_157' title='bbox 2172 1590 2481 1660; x_wconf 79' lang='lat' dir='ltr'><strong>Adrastum,</strong></span> <span class='ocrx_word' id='word_1_158' title='bbox 2515 1592 2635 1645; x_wconf 74' lang='lat' dir='ltr'><strong>sive</strong></span> 
     </span>
     <span class='ocr_line' id='line_1_16' title="bbox 362 1668 2633 1749; baseline 0.003 -26"><span class='ocrx_word' id='word_1_159' title='bbox 362 1673 522 1726; x_wconf 87' lang='lat' dir='ltr'><strong>deum</strong></span> <span class='ocrx_word' id='word_1_160' title='bbox 555 1675 675 1726; x_wconf 81' lang='lat' dir='ltr'><strong>sive</strong></span> <span class='ocrx_word' id='word_1_161' title='bbox 708 1676 943 1743; x_wconf 85' lang='lat' dir='ltr'><strong>heroem,</strong></span> <span class='ocrx_word' id='word_1_162' title='bbox 980 1676 1327 1729; x_wconf 75' lang='lat' dir='ltr'><strong>inevitabile-m</strong></span> <span class='ocrx_word' id='word_1_163' title='bbox 1362 1675 1543 1727; x_wconf 87' lang='lat' dir='ltr'><strong>dicere</strong></span> <span class='ocrx_word' id='word_1_164' title='bbox 1574 1678 1818 1743; x_wconf 80' lang='lat' dir='ltr'><strong>ultorem,</strong></span> <span class='ocrx_word' id='word_1_165' title='bbox 1851 1675 1973 1744; x_wconf 81' lang='lat' dir='ltr'><strong>ipsa</strong></span> <span class='ocrx_word' id='word_1_166' title='bbox 2004 1694 2139 1728; x_wconf 83' lang='lat' dir='ltr'><strong>voce</strong></span> <span class='ocrx_word' id='word_1_167' title='bbox 2171 1668 2633 1749; x_wconf 76' lang='grc' dir='ltr'>(ἆ-διὸράσκειν)</span> 
     </span>
     <span class='ocr_line' id='line_1_17' title="bbox 364 1758 2632 1831; baseline 0.002 -23"><span class='ocrx_word' id='word_1_168' title='bbox 364 1758 464 1809; x_wconf 86' lang='lat' dir='ltr'><strong>hoc</strong></span> <span class='ocrx_word' id='word_1_169' title='bbox 510 1759 855 1825; x_wconf 80' lang='lat' dir='ltr'><strong>declarante,</strong></span> <span class='ocrx_word' id='word_1_170' title='bbox 902 1778 1062 1831; x_wconf 82' lang='lat' dir='ltr'><strong>quam</strong></span> <span class='ocrx_word' id='word_1_171' title='bbox 1113 1777 1230 1812; x_wconf 89' lang='lat' dir='ltr'><strong>cum</strong></span> <span class='ocrx_word' id='word_1_172' title='bbox 1274 1759 1564 1812; x_wconf 85' lang='lat' dir='ltr'><strong>Welckero</strong></span> <span class='ocrx_word' id='word_1_173' title='bbox 1610 1760 1693 1830; x_wconf 89' lang='lat' dir='ltr'><strong>(in</strong></span> <span class='ocrx_word' id='word_1_174' title='bbox 1726 1760 2045 1812; x_wconf 82' lang='lat' dir='ltr'><strong>Schwenck.</strong></span> <span class='ocrx_word' id='word_1_175' title='bbox 2080 1759 2632 1828; x_wconf 79' lang='lat' dir='ltr'><strong>Etymologisch—my-</strong></span> 
     </span>
     <span class='ocr_line' id='line_1_18' title="bbox 363 1841 2631 1915; baseline 0.002 -23"><span class='ocrx_word' id='word_1_176' title='bbox 363 1841 569 1911; x_wconf 79' lang='lat' dir='ltr'><strong>tholog.</strong></span> <span class='ocrx_word' id='word_1_177' title='bbox 617 1844 1012 1913; x_wconf 83' lang='lat' dir='ltr'><strong>Andeutungg.</strong></span> <span class='ocrx_word' id='word_1_178' title='bbox 1061 1865 1116 1915; x_wconf 91' lang='lat' dir='ltr'><strong>p.</strong></span> <span class='ocrx_word' id='word_1_179' title='bbox 1145 1844 1277 1911; x_wconf 82' lang='lat'><strong>302)</strong></span> <span class='ocrx_word' id='word_1_180' title='bbox 1321 1845 1461 1896; x_wconf 79' lang='lat' dir='ltr'><strong>hanc</strong></span> <span class='ocrx_word' id='word_1_181' title='bbox 1507 1862 1694 1897; x_wconf 81' lang='lat' dir='ltr'><strong>vocem</strong></span> <span class='ocrx_word' id='word_1_182' title='bbox 1739 1862 1771 1896; x_wconf 80' lang='lat' dir='ltr'><strong>a</strong></span> <span class='ocrx_word' id='word_1_183' title='bbox 1821 1846 2134 1898; x_wconf 78' lang='lat' dir='ltr'><strong>maturitate</strong></span> <span class='ocrx_word' id='word_1_184' title='bbox 2173 1850 2338 1915; x_wconf 77' lang='lat' dir='ltr'><strong>atque</strong></span> <span class='ocrx_word' id='word_1_185' title='bbox 2382 1845 2631 1898; x_wconf 79' lang='lat' dir='ltr'><strong>ubertate</strong></span> 
     </span>
     <span class='ocr_line' id='line_1_19' title="bbox 362 1922 2629 2003; baseline 0.003 -26"><span class='ocrx_word' id='word_1_186' title='bbox 362 1927 580 1995; x_wconf 82' lang='lat' dir='ltr'><strong>frugum</strong></span> <span class='ocrx_word' id='word_1_187' title='bbox 628 1922 864 1999; x_wconf 76' lang='grc' dir='ltr'>(ἁδρὸς,</span> <span class='ocrx_word' id='word_1_188' title='bbox 907 1924 1227 2003; x_wconf 77' lang='grc' dir='ltr'><strong><em>ἇδροσύνη)</em></strong></span> <span class='ocrx_word' id='word_1_189' title='bbox 1277 1934 1528 2000; x_wconf 84' lang='lat' dir='ltr'><strong>repetere</strong></span> <span class='ocrx_word' id='word_1_190' title='bbox 1574 1929 1861 2000; x_wconf 85' lang='lat' dir='ltr'><strong>ipsumque</strong></span> <span class='ocrx_word' id='word_1_191' title='bbox 1902 1928 2195 1983; x_wconf 81' lang='lat' dir='ltr'><strong>Adrastum</strong></span> <span class='ocrx_word' id='word_1_192' title='bbox 2246 1929 2375 1981; x_wconf 86' lang='lat' dir='ltr'><strong>inde</strong></span> <span class='ocrx_word' id='word_1_193' title='bbox 2415 1930 2483 1981; x_wconf 81' lang='lat' dir='ltr'><strong>ad</strong></span> <span class='ocrx_word' id='word_1_194' title='bbox 2530 1948 2629 1983; x_wconf 92' lang='lat' dir='ltr'><strong>nu-</strong></span> 
     </span>
    </p>
   </div>
   <div class='ocr_carea' id='block_1_3' title="bbox 346 2011 1052 2103">
    <p class='ocr_par' dir='ltr' id='par_1_3' title="bbox 346 2011 1052 2103">
     <span class='ocr_line' id='line_1_20' title="bbox 346 2011 1052 2103; baseline 0.01 -41"><span class='ocrx_word' id='word_1_195' title='bbox 346 2011 506 2103; x_wconf 50' lang='lat' dir='ltr'><strong>·mina</strong></span> <span class='ocrx_word' id='word_1_196' title='bbox 536 2013 793 2066; x_wconf 80' lang='lat' dir='ltr'><strong>chthonia</strong></span> <span class='ocrx_word' id='word_1_197' title='bbox 822 2017 1052 2069; x_wconf 86' lang='lat' dir='ltr'><strong>referre.</strong></span> 
     </span>
    </p>
   </div>
  </div>
 </body>
</html>
