3109 5092
1003 355 1503 417 EUTERPE.
1547 358 1634 418 II.
1676 366 1767 423 89.
1813 369 1902 424 90.
1947 369 2037 425 91.

2527 358 2651 422 623

378 531 502 591 λου
545 518 918 612 ἆρπαχθεὶς
957 519 1000 613 ἦ
1034 520 1157 593 ὑπ’
1206 523 1418 597 αὐτοῦ
1462 534 1586 598 τοῦ
1628 536 1931 619 ποταμοῦ
1966 542 2287 621 φαίνηται
2321 530 2650 622 τεθνηώς,

376 623 524 694 κατ’
555 622 643 715 ἢν
678 621 766 695 ἂν
797 627 997 698 πόλιν
1025 631 1404 722 ἐξενειχθῇ,
1444 632 1726 714 τούτους
1771 639 1952 705 πᾶσα
1988 632 2248 724 ἀνάγκη
2287 639 2424 707 ἐστὶ
2457 665 2645 727 ταρι-

373 728 744 817 χεύσαντας
788 728 998 800 αὐτὸν
1036 733 1150 800 καὶ
1202 744 1749 822 περιστείλαντας
1797 733 1886 819 ὦς
1932 738 2251 809 κάλλιστα
2297 740 2521 825 θάψαι
2573 744 2650 810 ἐν

375 836 557 922 ἱρῇσι
591 832 867 922 θήκῃσι.
952 832 1115 904 οὐδὲ
1152 841 1408 917 ψαῦσαι
1449 842 1659 921 ἔξεστι
1697 836 1910 911 αὐτοῦ
1955 840 2164 912 ἄλλον
2199 840 2449 914 οὐδένα
2492 841 2648 913 οὔτε

271 1016 278 1020 ⁴
373 941 512 1003 τῶν
547 936 1028 1026 προσηκόντων
1066 935 1224 1007 οὔτε
1244 945 1381 1010 τῶν
1418 949 1678 1031 φίλων,
1713 941 1883 1015 ἄλλα
1915 974 2032 1033 μιν
2062 948 2133 1015 οἷ
2162 949 2334 1036 ἱρέες
2363 944 2553 1017 αὐτοὶ
2583 952 2654 1016 οἱ

372 1044 495 1107 τοῦ
517 1046 809 1127 Νείλου,
869 1037 984 1111 ἅτε
1022 1044 1228 1112 πλέον
1264 1071 1326 1111 τι
1361 1041 1403 1134 ἢ
1431 1043 1809 1151 ἀνθρώπων
1845 1047 2125 1140 νεκρὸν,
2168 1051 2642 1143 χειραπτάζον-

372 1169 481 1222 τες
519 1143 878 1213 θάπτουσι.

515 1241 957 1334 Ἑλληνικοῖσι
993 1246 1070 1315 δὲ
1116 1254 1454 1337 νομαίοισι
1485 1245 1817 1335 φεύγουσι
1864 1258 2160 1359 χρᾶσθαι
2177 1308 2198 1344 ,
2244 1254 2319 1326 τὸ
2361 1256 2438 1326 δὲ
2467 1254 2636 1344 σύμ·
2659 1259 2733 1319 91

371 1406 538 1457 Ideen
572 1408 627 1470 1,
664 1409 717 1460 3.
767 1425 894 1475 pag.
944 1410 1047 1462 374
1093 1411 1220 1462 coll.
1259 1413 1455 1463 Ritter.

367 1477 665 1529 Erdkunde
701 1480 750 1530 Ι.
779 1495 833 1545 p.
859 1482 982 1532 880.
1045 1481 1131 1531 Ad
1164 1482 1459 1547 Aegyptio-

368 1562 488 1596 rum
537 1546 605 1598 de
663 1547 746 1600 his
797 1550 1102 1613 opinionem
1156 1552 1456 1602 Creuzerus

371 1616 721 1677 (Commentt.
758 1619 998 1671 Herodd.
1051 1636 1103 1685 p.
1142 1618 1238 1683 86)
1288 1622 1458 1672 refert

368 1685 660 1751 imaginem
710 1689 851 1739 inter
894 1695 1242 1741 monumenta
1276 1691 1458 1741 Phila-

369 1770 488 1805 rum
522 1762 809 1822 repertam.
881 1759 1119 1809 Exhibet
1151 1760 1247 1810 illa
1282 1760 1453 1811 homi-

368 1840 492 1875 nem
525 1831 823 1891 mortuum,
859 1831 1216 1894 compositum
1248 1831 1307 1879 in
1339 1846 1453 1881 mu-

368 1896 510 1945 miae
546 1896 764 1947 modum
809 1903 863 1948 et
898 1899 1169 1950 crocodilo
1214 1905 1451 1963 vectum,

367 1979 535 2030 supra
564 1965 871 2017 lucentibus
907 1968 1046 2031 sole,
1085 1968 1216 2019 luna
1235 1984 1301 2019 ac
1327 1969 1454 2019 stel-

365 2033 454 2083 lis.
514 2035 780 2101 Equidem
807 2033 950 2088 hanc
984 2038 1189 2104 legem,
1226 2054 1336 2105 qua
1362 2039 1453 2089 vel

365 2102 528 2155 undis
567 2106 799 2157 demersi
833 2107 1077 2169 homines
1116 2116 1172 2158 et
1216 2123 1250 2158 a
1283 2109 1449 2159 fluvio

366 2173 529 2222 eiecti
587 2175 961 2240 condirentur,
1023 2170 1175 2229 'arcte
1230 2180 1452 2229 coniun—

366 2247 513 2292 ctam
558 2259 680 2295 esse
716 2247 968 2297 existimo
1017 2264 1140 2298 cum
1193 2263 1257 2297 ea
1311 2248 1449 2314 lege,

366 2326 507 2377 quae
555 2330 741 2366 omnes
787 2318 1022 2368 omnium
1069 2316 1315 2368 ordinum
1358 2320 1451 2367 ho-

367 2382 538 2432 mines
574 2391 700 2449 post
735 2392 961 2436 mortem
997 2387 1336 2437 condituram
1360 2403 1451 2437 ac-

365 2452 547 2516 cipere
591 2451 688 2517 (cf.
724 2455 928 2506 Herod.
968 2456 1057 2519 11,
1096 2456 1165 2509 85
1203 2472 1356 2523 seqq.
1394 2464 1450 2506 et

363 2521 593 2573 Excurs.
609 2524 682 2573 ad
699 2524 841 2574 hunc
864 2524 1065 2589 locum)
1079 2541 1450 2593 summamque

362 2591 420 2639 in
466 2593 568 2643 hac
615 2608 675 2643 re
720 2609 902 2644 curam
949 2596 1074 2660 poni
1119 2595 1317 2659 voluit,
1381 2612 1448 2646 ne

364 2660 483 2725 quis
519 2662 664 2712 iusta
701 2663 999 2729 sepultura,
1036 2680 1177 2730 quae
1203 2671 1289 2715 est
1319 2681 1445 2715 con·

363 2729 573 2795 ditura,
609 2733 944 2798 privaretur,
996 2739 1251 2800 respectu
1284 2733 1484 2786 simul.

360 2798 550 2850 habito
574 2816 778 2868 eorum,
813 2818 954 2869 quae
978 2804 1235 2854 sanitatis
1269 2803 1445 2869 publi-

361 2883 461 2918 cae
503 2872 743 2922 rationes
788 2871 1207 2939 postulaverint.
1283 2872 1441 2925 Conf.

359 2938 622 2995 Rosollini
659 2943 901 2994 Monum.
935 2943 1083 2993 civil.
1117 2944 1225 2993 111.
1261 2958 1316 3008 p.
1339 2942 1442 2993 315

360 3022 474 3074 seq.
494 3036 563 3047 —
590 3011 676 3061 De
697 3027 855 3063 sacro
877 3012 1272 3063 crocodilorum
1292 3011 1441 3062 cultu

359 3076 591 3130 diximus
627 3080 697 3131 ad
736 3083 814 3145 11,
851 3082 939 3133 69.

426 3143 524 3197 καὶ
570 3149 1028 3215 περιστείλαντας
1073 3140 1150 3206 ὥς
1183 3142 1446 3199 κάλλιστοι

351 3210 552 3289 ,ἐξάψαι
593 3211 654 3268 ἕν
688 3214 845 3285 ἷρῇσι
877 3212 1117 3285 θήκῃσι]
1161 3217 1444 3283 περιστέλ-

356 3286 475 3341 λειν
510 3287 576 3337 de
612 3291 811 3339 mortui
853 3304 1080 3355 corpore
1113 3288 1246 3351 dici,
1298 3288 1443 3353 quod

357 3347 701 3420 csslnponitur
743 3358 1095 3422 vestibusque
1142 3358 1443 3408 involvitur

359 3425 444 3489 (ut
469 3426 547 3490 ΙΙ,
573 3428 644 3478 86
676 3427 965 3492 proditur),
1000 3428 1183 3477 monui
1215 3427 1287 3477 ad
1313 3426 1443 3478 Plu-

356 3495 535 3544 tarchi
582 3496 776 3562 Pyrrh.
826 3512 880 3561 p.
926 3499 1043 3549 172.
1126 3497 1295 3548 Conf.
1333 3498 1444 3547 He-

356 3564 475 3614 rod.
517 3565 622 3628 VI,
673 3565 743 3616 30
788 3566 972 3632 ibique
1013 3571 1155 3617 nott.
1202 3596 1272 3606 —-
1321 3559 1444 3629 ἱραὶ

357 3632 539 3698 θῆκαι
560 3650 698 3700 quae
727 3635 994 3697 dicantur,
1029 3636 1140 3686 vid.
1162 3635 1233 3685 ad
1256 3635 1331 3698 II,
1353 3637 1440 3686 67.

428 3695 489 3751 οἴ
529 3695 682 3769 ἷρέες
730 3696 897 3755 αὐτοὶ
945 3699 1007 3754 οῖ
1049 3704 1154 3755 τοῦ
1201 3702 1440 3769 Νείλου]

359 3772 517 3821 Nilus
552 3778 821 3838 quatenus
854 3790 951 3839 pro
977 3775 1078 3824 deo
1114 3774 1332 3823 habitus
1373 3775 1446 3823 sit

361 3855 500 3891 unus
548 3842 800 3908 idemque
843 3848 1010 3909 atque
1045 3844 1251 3905 Osiris,
1297 3858 1444 3893 mon·

358 3913 590 3961 stratum
637 3918 723 3962 est
768 3928 937 3978 supra
984 3913 1072 3975 ΙΙ,
1107 3912 1171 3963 61
1213 3910 1338 3964 0011.
1374 3911 1443 3963 28

359 3984 415 4029 et
438 3981 504 4030 22
528 3975 860 4047 (διιπετής).
900 3984 1083 4043 Quare
1116 3980 1193 4031 nil
1228 3983 1440 4043 mirum,

355 4050 536 4114 ipsum
585 4051 743 4101 deum
803 4051 984 4103 Nilum
1039 4050 1447 4101 commemorari

358 4118 602 4184 adeoque
624 4122 680 4171 in
702 4121 879 4170 numis
894 4158 908 4184 ,
945 4119 1274 4184 imaginibus
1297 4119 1445 4167 aliis-

356 4203 462 4254 que
503 4190 641 4239 artis
690 4190 943 4253 operibus
979 4192 1443 4253 repraesentatum

354 4258 600 4323 reperiri.
648 4259 884 4320 Laudat,
917 4272 1056 4323 quae
1082 4256 1188 4308 11110
1213 4257 1442 4319 faciunt,

354 4328 608 4377 Creuser.
634 4328 839 4378 Comm.
867 4329 999 4377 Her.
1033 4342 1158 4393 pag.
1185 4327 1284 4378 186
1318 4325 1442 4377 0011.

358 4394 640 4447 Iablonsk.
662 4397 864 4448 Panth.
886 4398 1122 4463 Aegypt.
1149 4396 1229 4448 11.
1249 4412 1306 4462 p.
1331 4397 1442 4459 171,

1559 1418 1828 1483 Seyfferth
1844 1436 1858 1468 ε
1876 1418 2134 1485 Beitriige
2154 1436 2203 1470 z.
2215 1420 2514 1470 Kenntniss
2537 1424 2643 1470 etc.

1559 1487 1637 1538 II.
1670 1504 1795 1553 pag.
1831 1489 1925 1539 111
1953 1503 2068 1554 seq.
2129 1489 2270 1540 Add.
2299 1490 2542 1555 Parthey
2574 1488 2647 1540 ad

1558 1557 1704 1607 Plut.
1730 1558 1799 1608 de
1816 1558 1891 1608 Is.
1920 1563 1975 1608 et
1997 1559 2201 1609 Osirid.
2229 1575 2351 1625 cap.
2378 1562 2430 1611 5.
2458 1576 2511 1624 p.
2544 1559 2636 1609 161

1558 1632 1613 1676 et
1636 1628 1748 1677 vid.
1772 1627 2100 1680 Wilkinson.
2118 1630 2376 1680 Manners
2399 1633 2506 1680 etc.
2531 1643 2642 1678 sec.

1556 1712 1663 1747 ser.
1713 1695 2082 1762 Supplement.
2139 1699 2277 1750 Tab.
2328 1701 2398 1750 56
2452 1703 2511 1749 et
2556 1699 2640 1748 57.

1555 1766 1823 1817 Leernans
1858 1767 1928 1816 ad
1962 1767 2244 1833 Horapoll.
2284 1766 2640 1833 Hieroglyph.

1553 1836 1600 1898 Ι,
1632 1838 1721 1886 21.
1759 1851 1889 1902 pag.
1927 1836 2031 1888 223
2067 1852 2183 1902 seq.

1624 1930 2088 2003 χειραπτάζοντες
2134 1930 2445 2005 θάπτουσι]
2508 1939 2545 1988 i.
2592 1954 2639 1988 e.

1552 2016 1783 2058 tractant
1816 2009 1944 2058 illud
1975 2008 2252 2074 (cadaver)
2301 2009 2526 2058 manibus
2561 2017 2645 2057 cet-

1554 2095 1651 2143 que
1691 2081 1957 2142 sepeliunt.
2040 2078 2270 2128 Variant
2323 2078 2452 2127 libri
2501 2078 2644 2127 inter

1551 2143 2018 2212 χειραπτάζοντες
2074 2154 2130 2197 et
2190 2140 2640 2212 χειραπάζοντες,

1552 2216 1702 2267 1111110
1754 2223 1934 2266 tamen
1989 2217 2410 2282 significationis
2456 2217 2643 2265 discri-

1553 2288 1727 2348 mine;
1774 2290 1857 2337 est
1894 2287 2035 2336 enim
2067 2280 2458 2352 χειραπτάζειν
2494 2302 2642 2336 manu

1553 2365 1794 2421 tangere,
1831 2364 2086 2416 tractare,
2117 2348 2400 2405 ἅπτεσθαι
2433 2353 2501 2421 τῇ
2529 2370 2641 2421 χει-

1553 2423 1637 2491 ρὶ,
1688 2431 1749 2476 ut
1785 2426 2023 2491 explicat
2066 2427 2309 2475 Zonaras
2358 2427 2413 2474 in
2450 2425 2636 2475 Lexic.

1553 2496 1646 2546 Gr.
1686 2512 1740 2560 p.
1784 2496 1935 2546 1850.
1994 2495 2161 2545 Plura
2196 2496 2389 2546 Crenz.
2429 2496 2633 2547 Cotum.

1551 2565 1794 2615 Ilerodd.
1834 2581 1888 2630 p.
1924 2565 1991 2614 82
2029 2579 2143 2630 seq.

1933 2751 2063 2802 Cu».
2101 2752 2248 2803 XCI.

1604 2862 1985 2935 Ἑλληνικοῖσι
2041 2866 2105 2921 δὲ
2155 2870 2444 2936 νομαίοισι
2496 2862 2636 2935 φεύ-

1543 2954 1708 3005 γουσι
1741 2939 2014 3007 χρᾶσθαι]
2053 2942 2210 2993 Conf.
2250 2958 2416 3008 supra
2441 2942 2515 3005 11,
2546 2942 2632 3005 79,

1543 3011 1639 3061 ubi
1693 3007 1906 3076 νόμους
1959 3012 2094 3063 <licit
2145 3013 2381 3083 patrios,
2438 3012 2633 3079 quibus

1543 3082 1801 3147 Aegyptii
1824 3081 2183 3144 adhaereant,
2215 3082 2515 3147 peregrinis
2541 3083 2635 3131 mi·

1543 3152 1688 3202 nime
1732 3151 1980 3202 adscitis.
2065 3153 2242 3214 Quam
2284 3152 2353 3203 ob
2407 3167 2632 3202 causam

1542 3236 1608 3271 eo
1644 3223 1821 3288 magis
1854 3222 2089 3272 advertit
2115 3227 2325 3287 patrem
2350 3221 2630 3284 historiae,

1544 3306 1651 3355 quo
1682 3292 1829 3358 apud
1865 3292 2195 3342 Chemmitas
2233 3292 2516 3342 invenerat
2553 3291 2630 3338 in—

1540 3361 1810 3424 stitutum,
1849 3361 2074 3413 Graecis
2103 3362 2373 3411 institutis
2408 3372 2628 3425 prorsus

1542 3430 1720 3480 simile
1763 3436 2172 3495 memoratuque
2230 3428 2625 3493 dignissimum.

1540 3498 1679 3549 Inde
1705 3500 1890 3564 posuit
1912 3501 2138 3553 Noster:
2183 3491 2244 3546 οἱ
2268 3496 2372 3560 μέν
2398 3511 2506 3546 νυν
2533 3485 2630 3574 557.-

1539 3567 1630 3617 λοι
1666 3561 1966 3631 Αἰγύπτιοι
2016 3556 2165 3625 οὕτω
2198 3563 2370 3615 τοῦτο
2415 3563 2630 3627 φυλασ-

1542 3649 1733 3702 σουσι,
1795 3637 2001 3703 quibus,
2036 3635 2338 3701 Aegyptios
2387 3632 2631 3683 declarat

1540 3705 1702 3756 valde
1727 3706 1939 3756 deditos
1970 3705 2166 3769 patriis
2198 3702 2468 3753 institutis
2505 3717 2631 3752 con-

1542 3774 1825 3825 servandis
1863 3778 1919 3823 et
1951 3774 2023 3823 ab
2068 3772 2192 3822 aliis
2232 3772 2466 3822 aliarum
2500 3786 2629 3837 gen-

1541 3844 1680 3893 tium
1706 3842 2115 3893 introducendis
2136 3842 2369 3892 maxime
2388 3840 2626 3900 alienos;

1541 3913 1640 3962 sed
1666 3912 1855 3962 statim
1879 3911 2165 3963 additurus
2190 3911 2519 3961 Chemmites
2545 3925 2630 3960 so-

1541 3980 1627 4031 los
1664 3981 1733 4031 ab
1780 3980 1865 4031 his
1902 3979 2207 4044 discedere,
2252 3981 2450 4044 quippe
2482 3978 2628 4043 apud

1543 4064 1678 4115 quos
1732 4050 1839 4100 alia
1895 4050 2061 4100 etiam
2112 4051 2290 4099 minus
2335 4049 2627 4114 Aegyptia,

1543 4119 1642 4169 sed
1698 4134 1835 4183 quae
1878 4119 2088 4173 Graeca
2133 4120 2273 4182 sint,
2327 4118 2629 4180 obtineant,

1543 4188 1791 4238 subiicit:
1844 4181 1959 4237 ἔστι
2007 4181 2083 4237 δὲ
2129 4186 2348 4252 Χέμμις
2389 4202 2439 4236 κ.
2485 4202 2533 4236 τ.
2580 4185 2629 4235 λ.

1545 4256 1839 4307 Sufficiant
1876 4258 2009 4307 haec
2037 4256 2107 4306 ad
2132 4272 2328 4307 nexum
2365 4255 2630 4308 orationis

1544 4326 1998 4392 perspiciendum.
2036 4352 2102 4363 —-
2141 4327 2227 4377 Ad
2261 4325 2498 4390 negandi
2532 4339 2629 4373 vo·

1547 4410 1640 4446 ces
1673 4395 1856 4461 plures
1886 4395 1976 4446 hic
2012 4396 2220 4460 positas
2266 4387 2626 4459 (μηδὲ-μη-
