3109 5092
1221 361 1475 426 CLIO.
1516 364 1570 423 Ι.
1611 374 1700 428 56.

2480 367 2597 431 113

310 536 428 620 τῆς
456 528 681 620 ἀρχῆς.
766 529 964 600 Μετὰ
993 532 1070 602 δὲ
1104 538 1315 604 ταῦτα
1358 532 1704 624 ἐφρόντιζε
1746 539 2102 626 ἱστορέων,
2144 537 2299 620 τούς
2333 535 2420 609 ἂν
2447 537 2592 611 Ἑλ-

311 633 540 722 λήνων
591 633 1101 714 δυνατωτάτους
1147 632 1378 718 ἐόντας
1417 640 1902 729 προσκτήσαιτο
1954 648 2215 727 φίλους.
2277 648 2597 731 ἱστορέων

310 737 388 807 δὲ
430 733 703 827 ,εὕρισκε
744 743 1320 826 Λακεδαιμονίους
1361 743 1468 811 καὶ
1522 739 1923 831 Ἀθηναίους
1963 747 2397 832 προέχοντας,
2439 744 2597 826 τούς

226 853 295 909 26
325 839 455 926 μὲν
482 845 604 908 τοῦ
627 846 950 931 Δωρικοῦ
990 845 1217 928 γένεος
1234 895 1253 928 ,
1293 842 1449 923 τούς
1475 846 1552 913 δὲ
1592 851 1713 914 τοῦ
1743 842 2062 915 Ἰωνικοῦ.
2121 852 2329 916 ταῦτα
2356 845 2486 936 γὰρ
2513 839 2599 937 ἦν

378 997 516 1062 τοὺς
553 994 626 1054 ἄν
647 996 773 1054 ‘Eu
801 998 936 1056 ’νων
973 1000 1401 1066 δυνατωτάτους

308 1063 511 1131 ἐόντας
548 1087 964 1140 προσκτησαιτο
1003 1075 1232 1142 φίλους]
1269 1078 1401 1127 Par-

306 1142 535 1193 ticulam
568 1134 669 1208 ἄν,
707 1145 764 1194 in
801 1160 911 1195 uno
947 1145 1086 1195 libro
1123 1147 1397 1210 omissam,

308 1213 438 1262 eiici
478 1212 598 1263 vult
645 1214 876 1265 Werfer.
927 1215 983 1264 in
1033 1216 1182 1266 Actt.
1244 1216 1395 1281 phill.

307 1281 562 1333 Menace.
599 1282 646 1333 Ι.
683 1298 738 1347 p.
780 1285 903 1347 257,
951 1299 1074 1334 cum
1121 1300 1295 1350 neque
1328 1285 1397 1336 ad

305 1340 507 1407 ἐόντας
545 1367 716 1416 neque
737 1353 809 1403 ad
837 1346 1255 1418 προσκτήσαιτο
1279 1370 1398 1419 par-

303 1419 479 1468 ticula
511 1421 797 1484 potentiali
832 1422 905 1471 sit
931 1437 1087 1488 opus.
1143 1422 1251 1473 Sed
1284 1424 1399 1474 iure

304 1488 635 1553 particulam
672 1492 911 1542 retinent
950 1491 1145 1557 reliqui
1182 1492 1306 1542 libri
1345 1498 1400 1543 et

304 1557 502 1622 scripti
535 1563 590 1608 et
627 1560 776 1612 editi.
1128 1608 1137 1615 .

374 1621 649 1690 ἱστορέων
683 1624 747 1679 δὲ
790 1616 1015 1692 εὕρισκε
1049 1626 1399 1693 Λακεδαιμο-

304 1694 471 1752 νίους
505 1711 558 1744 κ.
594 1712 641 1746 τ.
678 1696 751 1762 L]
790 1697 1051 1762 Sequitur·
1068 1698 1157 1748 hic
1182 1698 1399 1763 longior

303 1764 604 1829 digressio,
663 1783 771 1816 non
812 1766 908 1817 illa
954 1767 1169 1833 quidem
1219 1767 1399 1817 aliena

301 1835 373 1883 ab
394 1835 638 1884 universi
661 1837 836 1901 operis
858 1837 1107 1899 consili0,
1135 1838 1229 1887 sed
1257 1835 1396 1886 alius

302 1905 418 1953 fere
452 1904 665 1969 generis
703 1909 868 1970 atque
904 1921 996 1967 ea,
1040 1921 1203 1971 quam
1232 1921 1398 1970 supra

303 1973 350 2033 Ι,
388 1971 460 2022 23
499 1988 652 2038 seqq.
689 1974 993 2029 narrationi
1028 1976 1229 2026 Noster
1258 1976 1399 2025 inse-

301 2046 506 2092 ruerat.
570 2044 703 2093 Cum
740 2044 882 2093 enim
910 2043 1013 2094 hoc
1048 2043 1154 2093 sibi
1178 2044 1397 2095 omnino

302 2112 646 2175 propositum
664 2112 886 2175 habeat,
911 2118 974 2162 ut
995 2113 1285 2163 Persarum
1309 2128 1397 2162 res

303 2194 527 2230 eversas
584 2181 930 2247 Graecosque
985 2182 1134 2247 ipsos
1188 2196 1397 2243 summa

301 2265 426 2299 cnm
464 2248 629 2300 laude
662 2250 719 2300 in
741 2250 1051 2301 libertatem
1085 2251 1393 2301 vindicatos

301 2318 587 2381 ostendat,
634 2334 987 2385 quaecunque
1035 2320 1147 2370 alia
1188 2320 1290 2368 hoc
1336 2318 1392 2364 in

301 2393 825 2453 operonarrantur,
862 2404 929 2439 ea
966 2389 1106 2439 hanc
1138 2401 1297 2439 unam
1323 2385 1391 2434 ob

300 2472 527 2506 causam
552 2459 762 2509 narrari
785 2458 1066 2520 videntur,
1093 2454 1235 2519 quod
1263 2454 1393 2503 scri-

300 2527 475 2591 ptoris
528 2527 815 2577 consilium
861 2525 1125 2576 adiuraut
1179 2522 1393 2572 melius-

301 2611 407 2660 que
439 2593 742 2646 declarant.
817 2597 959 2645 Hinc
998 2592 1082 2641 vel
1115 2607 1209 2655 ea,
1251 2607 1392 2657 qnae

302 2665 373 2714 ad
402 2665 845 2730 antiquissimum
872 2662 1131 2712 Graeciae
1165 2665 1387 2723 statum,

300 2733 851 2784 Lacedaemoniorum
892 2735 1057 2796 atque
1102 2729 1390 2780 Athenien-

300 2804 461 2863 sium,
502 2818 644 2868 quae
669 2800 938 2867 principes
961 2799 1074 2849 fere
1102 2803 1233 2849 tunc
1256 2803 1387 2849 tem-

298 2872 447 2936 poris
483 2873 540 2920 in
579 2868 807 2922 Graecia
853 2868 1074 2918 fuerunt
1108 2869 1385 2927 civitatee,

297 2939 742 3005 cognoscendum
786 2936 1001 2999 valent,
1048 2937 1128 2988 ita
1163 2953 1386 2987 narran-

298 3015 416 3070 tur,
472 3014 533 3058 ut
570 3022 676 3055 non
714 3006 780 3056 de
819 3005 1114 3068 industria,
1162 3007 1258 3056 sed
1295 3007 1387 3056 ob-

296 3078 414 3127 lata
452 3075 767 3136 occasione,
798 3074 893 3124 ubi
928 3074 1040 3125 tale
1073 3075 1202 3140 quid
1231 3076 1386 3125 omit-

296 3152 414 3196 tere
433 3144 593 3193 nefas
629 3143 798 3193 videri
837 3149 1026 3208 queat,
1065 3145 1386 3195 referantur.

298 3217 487 3277 Neque
512 3214 708 3273 etiam,
746 3227 886 3278 quae
918 3214 1201 3279 utriusque
1227 3213 1388 3263 huius

295 3282 544 3333 civitatis
600 3281 764 3330 fuerit
809 3282 1051 3332 conditio
1092 3298 1265 3348 usque
1319 3282 1390 3332 ad

293 3352 520 3401 Persica
563 3349 733 3410 bella,
783 3352 1041 3401 continuo
1077 3351 1165 3402 hic
1203 3352 1391 3401 adiici-

297 3425 413 3482 tur,
468 3419 721 3468 nimirum
764 3423 891 3483 post
939 3420 991 3481 1,
1032 3419 1126 3482 69,
1180 3421 1275 3470 ubi
1318 3421 1390 3470 ad

294 3488 616 3553 primarium
650 3487 979 3537 narrationis
1012 3493 1390 3553 argumentum

291 3574 326 3606 a
388 3556 733 3621 digressione
788 3554 930 3606 redit
1003 3563 1224 3621 auctor,
1296 3557 1391 3607 sed

292 3626 469 3675 multo
519 3625 688 3685 infra,
751 3624 863 3675 alia
916 3631 1220 3691 opportuna
1266 3641 1390 3676 nar·

290 3694 455 3744 randi
493 3695 781 3744 occasione
821 3693 1010 3747 oblata
1054 3696 1121 3758 V,
1160 3693 1386 3747 39-55.

292 3766 375 3813 De
422 3763 624 3828 quibus
671 3763 1099 3828 digressionibus
1137 3765 1386 3814 Creuzer.

293 3832 433 3881 dixit
484 3833 539 3880 in
585 3830 753 3881 libro:
819 3832 925 3881 Die
972 3833 1161 3883 histor.
1209 3834 1391 3883 Kunst

294 3902 388 3951 der
435 3899 655 3951 Griech.
704 3916 757 3966 p.
807 3900 906 3950 142
954 3916 1103 3967 seqq.
1152 3901 1252 3952 273
1301 3903 1386 3952 ed.

294 3987 373 4035 pr.
416 3986 471 4035 p.
514 3969 612 4020 111
654 3968 709 4019 ff.
750 3969 851 4019 212
888 3970 971 4020 ed.
1012 3985 1119 4021 see.

365 4040 658 4090 Caeterum
687 4040 1047 4102 praetermitti
1057 4054 1185 4119 'non
1209 4039 1389 4101 debet,

294 4109 467 4158 verba
493 4107 684 4157 Nostri
708 4103 886 4155 ταῦτα
910 4099 1016 4171 γὰρ
1040 4121 1115 4171 ην
1149 4100 1219 4157 τὰ
1246 4121 1389 4171 προ-

295 4170 603 4240 κεκριμένα
635 4166 801 4225 ἕόντα
842 4191 1017 4241 usque
1055 4176 1127 4225 ad
1165 4192 1282 4242 cap.
1319 4175 1388 4226 69

296 4248 415 4296 init.
458 4244 642 4294 omnia
676 4243 970 4294 desiderari
1016 4245 1072 4294 in
1113 4245 1392 4295 Sancrofti
1426 4284 1433 4291 .

294 4315 434 4364 libro
480 4318 537 4362 et
587 4313 641 4361 in
679 4312 801 4362 aliis
847 4314 1201 4378 quibusdam3
1247 4313 1391 4363 unde

294 4384 431 4433 haec
470 4381 657 4431 omnia
690 4397 800 4431 non
834 4382 903 4432 ab
923 4383 1193 4434 Herodoti
1228 4397 1392 4431 manu

378 4479 723 4525 HERODO'I'.
772 4482 817 4523 1.

1501 1010 1775 1075 profecta,
1827 1012 1923 1062 sed
1959 1027 1994 1062 a
2031 1011 2270 1063 librariis
2313 1013 2594 1078 adscripta

1503 1096 1624 1139 esse
1684 1096 1963 1145 perperam
2026 1081 2272 1132 nonnulli
2340 1083 2594 1132 arbitrati

1502 1156 1649 1200 sunt.
1722 1150 1829 1200 Sed
1873 1150 1985 1200 alia
2020 1155 2081 1200 ut
2116 1155 2329 1201 taceam
2365 1152 2433 1202 ab
2466 1152 2591 1202 aliis

1501 1218 1704 1268 dudum
1764 1219 2006 1284 prolata,
2063 1219 2280 1270 videtur
2329 1220 2472 1270 hune
2517 1220 2594 1270 lo-

1500 1289 1699 1337 cumin
1735 1304 1834 1337 suo
1872 1288 2183 1339 Herodoteo
2215 1289 2355 1339 libro
2391 1286 2594 1355 legi'sse

1499 1357 1758 1407 Aristidis
1805 1356 2130 1422 scholiasta,
2188 1374 2222 1407 a
2264 1358 2591 1409 Frommelio
2627 1392 2638 1400 -

1504 1424 1819 1492 evulgatus,
1853 1441 1980 1492 pag.
2020 1427 2104 1478 33.
2165 1428 2250 1477 De
2281 1427 2592 1477 huiusmodi

1502 1494 1714 1545 lacunis
1751 1496 1808 1544 in
1845 1495 2110 1545 Herodoti
2148 1496 2308 1547 codd.
2348 1497 2420 1549 cf.
2462 1498 2591 1546 Bre—

1502 1565 1629 1614 dov.
1667 1579 1722 1628 p.
1764 1564 1829 1614 13
1864 1580 2015 1630 seqq.
2053 1595 2123 1604 —
2159 1566 2266 1627 „In
2302 1580 2452 1631 seqq.
2492 1580 2589 1630 pro

1501 1625 1669 1682 ἐόντα
1690 1633 1975 1684 Dobraeus
2002 1634 2238 1683 coniecit
2259 1629 2452 1697 ἔθνεα,
2480 1649 2590 1685 non

1498 1701 1838 1767 improbante
1884 1704 2154 1761 Pors0n03
2219 1704 2329 1752 vid.
2391 1703 2589 1753 Tracts

1499 1787 1626 1837 pag.
1682 1771 1844 1822 260.“
1904 1772 1997 1821 Cr.
2086 1769 2194 1820 Sed
2241 1772 2589 1837 refragantur

1501 1841 1739 1891 codices.
1960 1892 1982 1915 z

1568 1906 1748 1957 ταῦτα
1793 1897 1897 1969 γὰρ
1946 1920 2021 1967 ην
2054 1897 2124 1955 τὰ
2167 1902 2588 1971 προκεκριμένα

1499 1967 1665 2026 ἐόντα
1698 1966 1762 2023 τὸ
1798 1966 2040 2037 ἀρχαῖον
2059 1988 2110 2023 κ.
2132 1989 2181 2024 τ.
2208 1973 2282 2041 L]
2306 1976 2344 2026 i.
2366 1990 2412 2025 e.
2452 1976 2588 2037 „hae

1498 2049 1624 2096 enim
1651 2049 1830 2106 ,qentes
1864 2045 2134 2107 antiquitus
2151 2047 2465 2108 praecipuae
2496 2044 2587 2094 Ιια-

1497 2114 1766 2171 bebantur,
1821 2112 2003 2160 -allera
2059 2113 2355 2178 Pelasqiw,
2418 2115 2585 2163 altera

1499 2178 1824 2233 Hellenica.“
1900 2172 2008 2229 Ubi
2060 2196 2089 2229 e
2128 2196 2280 2248 seqq.
2329 2181 2586 2247 intelligi-

1495 2252 1611 2311 tur,
1643 2239 1708 2296 τὸ
1745 2242 1850 2312 μὲν
1884 2250 2151 2313 pertinere
2188 2251 2259 2301 ad
2294 2250 2586 2301 Athenien-

1494 2331 1609 2379 ses,
1671 2332 1808 2382 quos
1854 2316 2176 2384 Pelasgicae
2230 2321 2417 2384 stirpis
2462 2335 2584 2371 esse

1494 2387 1735 2436 auctoris
1779 2386 1887 2435 fert
1930 2389 2230 2451 sententia,
2283 2386 2349 2439 τὸ
2399 2384 2464 2438 δὲ
2512 2389 2583 2440 ad

1492 2455 1984 2517 Lacedaemonios,
2032 2459 2150 2523 qui,
2189 2474 2310 2508 cum
2346 2459 2584 2508 Doricae

1492 2524 1604 2573 sint
1650 2525 1862 2589 stirpis,
1912 2525 1985 2575 ad
2020 2525 2358 2576 Hellenicum
2411 2541 2581 2591 genus

1494 2593 1785 2657 pertinent.
1861 2593 2022 2643 Illam
2068 2599 2282 2660 gentem
2317 2593 2581 2658 (Pelasgi-

1494 2659 1645 2723 cam)
1680 2664 1933 2725 nuspiam
1972 2664 2358 2729 commigrasse
2392 2663 2579 2725 refert,

1491 2730 1723 2781 alteram
1761 2745 1891 2779 vero
1941 2729 2159 2796 (Dores)
2217 2730 2444 2782 multum
2488 2746 2582 2780 va-

1490 2805 1678 2865 gatam
1724 2814 1861 2850 esse.
1958 2801 2062 2850 Est
2119 2800 2255 2850 haec
2314 2800 2583 2850 Herodoti

1491 2868 1785 2929 sententia,
1810 2868 1918 2918 nisi
1938 2885 2110 2933 prava
2131 2869 2582 2934 interpretatione

1491 2938 1817 2988 sententiam
1878 2938 2199 3004 detorquere
2254 2944 2349 2989 ant
2401 2939 2579 3002 ipsum

1490 3008 1809 3072 scriptorem
1856 3009 2056 3060 erroris
2113 3009 2365 3059 incusare
2421 3008 2577 3058 velis.

1490 3077 1779 3126 Tractavit
1834 3076 1992 3127 huius
2053 3077 2250 3142 capitis
2299 3092 2596 3143 argumen-·

1490 3149 1608 3195 tum
1645 3150 1769 3209 post
1802 3145 1942 3196 alios
1978 3146 2039 3196 C.
2072 3146 2140 3197 O.
2178 3145 2472 3197 Muellerus
2499 3146 2579 3209 (in

1489 3216 1649 3265 Dorr.
1676 3215 1723 3265 Ι.
1749 3230 1804 3279 p.
1822 3216 1885 3265 17
1910 3214 2108 3280 seqq),
2145 3215 2278 3265 illud
2299 3220 2577 3266 statuens:

1490 3298 1632 3348 quae
1668 3284 1758 3333 hic
1792 3285 2010 3348 prodita
2044 3284 2322 3350 legantur,
2359 3285 2579 3334 minime

1493 3368 1558 3401 ex
1593 3353 1837 3417 antiquis
1882 3353 2126 3404 fontibus
2169 3368 2236 3402 ac
2270 3352 2579 3403 traditioni-

1491 3422 1593 3471 bus
1631 3422 1878 3484 fluxisse‚
1915 3437 2107 3472 verum
2160 3436 2226 3469 ex
2262 3422 2436 3484 ipsius
2471 3421 2578 3469 He-

1493 3489 1673 3540 rodoti
1713 3489 1892 3540 studio
1933 3488 2317 3553 cogitandique
2364 3488 2578 3537 ratione

1492 3559 1637 3608 hune
1661 3559 1718 3608 in
1753 3559 1972 3609 modum
2010 3555 2195 3622 prodi3
2249 3556 2448 3620 qnippe
2483 3556 2579 3620 qui

1490 3627 1726 3691 scriptor
1768 3628 1848 3676 sic
1898 3626 2014 3675 fere
2056 3625 2239 3673 varias
2283 3624 2579 3689 antiqnita-

1488 3697 1563 3745 tis
1597 3695 1920 3744 traditiones
1937 3708 2022 3753 ,ae
2061 3694 2312 3743 notiones
2347 3693 2403 3742 in
2436 3693 2578 3743 ordi-

1489 3780 1612 3814 nem
1637 3763 1794 3828 quasi
1825 3762 2070 3827 redigere
2092 3765 2257 3825 atque
2283 3760 2578 3811 conciliare

1490 3834 1633 3883 inter
1667 3846 1726 3882 se
1761 3831 2046 3881 studuerit.
2105 3832 2257 3893 Quae
2292 3829 2416 3881 aliis
2440 3831 2578 3881 diiu-

1490 3901 1726 3952 dicanda
1773 3899 2047 3964 relinqu03
2101 3899 2383 3952 Herodoto
2435 3901 2577 3951 enim

1490 3969 1683 4019 melius
1732 3984 1818 4019 me
1859 3969 1959 4019 has
2003 3983 2089 4018 res
2127 3969 2429 4033 perspicere
2481 3969 2577 4017 mi-

1490 4038 1635 4088 nime
1656 4034 1917 4104 'equidem
1952 4038 2083 4088 mihi
2117 4053 2353 4100 sumam,
2398 4051 2574 4102 neque

1487 4108 1680 4157 intima
1729 4108 1844 4158 eius
1882 4122 2072 4171 sensa,
2130 4107 2442 4157 reconditas
2486 4120 2576 4156 co-

1490 4176 1786 4241 gitationes
1820 4176 1954 4226 mihi
1987 4177 2130 4226 hunc
2151 4176 2208 4224 in
2241 4176 2457 4225 modum
2479 4188 2574 4238 pa·

1488 4250 1605 4294 tere
1639 4245 1917 4296 confiteor.
1993 4245 2114 4306 Qua
2147 4259 2205 4293 re
2235 4259 2346 4293 non
2378 4242 2577 4292 attinet

1490 4313 1580 4363 hic
1616 4314 1796 4364 dicere
1832 4314 1900 4363 de
1941 4313 2037 4374 iis,
2067 4313 2180 4378 .qui
2211 4311 2458 4374 Muelleri
2489 4324 2574 4358 ra·

1489 4383 1696 4432 tionem
1743 4382 2055 4447 plerumque
2109 4381 2284 4429 secuti
2327 4376 2573 4429 Herodo-

2110 4457 2149 4519 8
