3109 5092
241 3803 252 3812 ·
320 3791 473 3842 Squ·

1039 373 1543 433 EUTERPE.
1590 374 1808 436 11.24.
1854 385 1939 437 25.

2495 374 2621 434 477

337 573 503 630 νων,
533 549 794 633 ἔρχεται
820 549 936 632 τῆς
961 543 1218 635 Λιβύης
1258 574 1340 614 τα
1380 574 1544 615 ανω.
1603 542 1692 626 ὥς
1717 547 1846 636 μέν
1883 576 2016 617 νυν
2043 544 2121 618 ἐν
2147 544 2468 639 ἐλαχίστῳ
2496 553 2616 636 δη-

339 653 582 731 λῶσαι,
638 652 774 716 πᾶν
814 657 1105 735 εἴρηται·
1161 653 1277 738 τῆς
1318 647 1448 738 γὰρ
1487 644 1575 718 ἂν
1621 647 1960 738 ἀγχοτάτω
2002 642 2046 741 ᾖ
2085 650 2304 741 χω’ρης
2346 641 2539 731 οὗτος
2582 644 2619 717 6

337 748 521 837 θεὸς,
550 752 663 818 καὶ
693 748 842 819 κατ’
872 747 957 839 ἦν
984 779 1158 837 τινα,
1187 750 1442 841 ταύτην
1468 749 1649 832 οἰκὸς
1676 758 1886 842 διψῆν
1913 781 1985 823 τε
2012 750 2283 824 ὑδάτων
2310 754 2615 843 μάλιστα,

338 857 448 924 καὶ
474 851 555 922 τὰ
588 851 877 942 ἐγχώρια
906 854 1203 943 ῥεύματα
1232 864 1685 943 μαραίνεσθαι
1726 862 1863 926 των
1899 864 2237 946 ποταμοῖν.
2288 853 2404 937 Ὡς
2431 857 2506 926 δὲ
2537 852 2614 926 έν
2629 855 2709 917 25

339 957 569 1027 πλέονι
611 956 788 1049 λόγῳ
818 961 1116 1045 δηλῶσαι
1134 1008 1153 1040 ,
1195 947 1330 1026 ὦδε
1366 965 1521 1045 ἔχει.
1582 958 1849 1040 διεξιών
1875 965 1990 1049 τῆς
2015 959 2273 1049 Λιβύης
2300 960 2382 1029 τὰ
2408 958 2550 1028 ἅνω
2578 954 2615 1028 ὁ

337 1056 519 1147 ἥλιος
552 1059 711 1128 τάδε
743 1059 956 1129 ποιέει
982 1081 994 1094 ’
1029 1056 1144 1129 ἅτε
1190 1058 1306 1129 διὰ
1340 1059 1588 1158 παντὸς
1628 1067 1752 1130 τοῦ
1776 1062 2022 1150 χρόνου
2053 1069 2333 1151 αἰθρίου
2359 1079 2432 1132 τε
2463 1059 2610 1132 ἐόν-

335 1189 445 1242 τος
471 1168 595 1231 τοῦ
623 1159 814 1252 ἠέρος
839 1168 964 1231 τοῦ
983 1190 1150 1232 κατα
1175 1169 1387 1233 ταῦτα
1412 1190 1493 1232 τα
1521 1171 1756 1253 χωρία,
1787 1167 1900 1234 καὶ
1927 1163 2234 1254 ἀλεεινῆς
2256 1171 2373 1254 τῆς
2397 1164 2615 1255 χώρης

335 1261 604 1353 εούσης,
637 1262 762 1334 οὐκ
792 1262 1043 1335 ἐόντων
1069 1262 1338 1354 ἀνέμων
1367 1272 1681 1390 ψυχρῶν,
1725 1265 1993 1351 διεξιων
2021 1268 2233 1338 ποιέει
2251 1320 2268 1352 ,
2314 1264 2461 1338 οἷόν
2486 1294 2612 1356 περ

335 1371 448 1436 καὶ
492 1365 569 1437 τὸ
584 1367 836 1496 θέρος
849 1374 1028 1437 ἔωθε
1070 1368 1358 1455 ποιέειν,
1411 1366 1538 1438 ίών
1566 1367 1641 1438 τὸ
1666 1370 1875 1458 μέσον
1901 1377 2024 1441 τοῦ
2032 1370 2374 1497 οὐρανοῦ.
2431 1375 2611 1441 ἕλκει

335 1469 465 1559 γὰρ
494 1467 600 1540 ἔπ’
635 1469 889 1541 ἑωυτὸν
915 1467 990 1539 τὸ
1018 1467 1242 1561 ὕδωρ·
1273 1472 1558 1551 ἑλκύσας
1586 1472 1663 1541 δὲ
1689 1471 1991 1543 ἀπωθέει
2022 1471 2088 1554 ἐς
2104 1504 2184 1543 τα
2201 1471 2343 1543 ἅνω
2363 1482 2657 1564 χωρία·

332 1569 920 1663 ὑπολαμβάνοντες
950 1574 1026 1643 δὲ
1053 1572 1201 1643 οῖ’
1159 1602 1394 1664 ανεμοι
1436 1577 1549 1644 καὶ
1593 1577 2104 1657 διασκιδναντες
2144 1576 2457 1667 τήκουσι·
2497 1584 2619 1646 καί

333 1681 461 1745 εἰσι
490 1677 767 1756 οἰκότως
793 1682 862 1746 οἰ
890 1674 1023 1746 ἀπὸ
1049 1677 1351 1766 ταύτης
1318 1684 1437 1766 τῆς
1462 1677 1680 1766 χώρης
1708 1678 2061 1765 πνέοντες,
2109 1707 2145 1748 ο
2172 1708 2243 1749 τε
2275 1679 2468 1760 νότος
2493 1682 2608 1750 καὶ

331 1775 367 1848 6
396 1782 548 1865 λὶψ,
594 1777 866 1868 ἀνέμων
906 1777 1159 1850 πολλὸν
1196 1808 1336 1850 των
1376 1781 1654 1849 πάντων
1693 1779 2075 1852 ὑετωτατοι.
2135 1781 2359 1853 δοκέει
2389 1781 2467 1853 δέ
2494 1810 2607 1873 μοι

331 1980 448 2030 vult
493 1980 760 2045 singulari
805 1996 1055 2043 numero,
1098 1986 1159 2031 ut
1198 1982 1283 2043 11,
1331 1983 1415 2044 26,

328 2064 501 2114 neque
537 2049 797 2100 addicunt
842 2049 968 2100 libri
1016 2051 1207 2116 scripti
1242 2066 1418 2117 neque

329 2118 598 2169 Aristides
635 2119 756 2169 loco
794 2135 919 2169 mox
952 2119 1245 2170 laudando.

397 2185 499 2252 τῆς
526 2179 744 2254 Λιβύης
787 2180 856 2238 τὰ
891 2180 1033 2252 ἄνω]
1084 2190 1415 2254 „Superiora

327 2257 462 2307 dicit
511 2258 615 2308 hoc
656 2257 778 2307 loco
841 2258 898 2307 in
945 2262 1191 2308 austrum
1235 2274 1413 2322 versa,

326 2324 470 2376 unde
527 2327 727 2377 fluvius
777 2327 1042 2376 maximus
1090 2327 1300 2392 Libyae
1357 2329 1413 2378 in

326 2410 475 2445 mare
519 2395 736 2446 boreale
780 2395 819 2445 i.
860 2411 909 2447 e.
962 2397 1410 2448 mediterraneum

327 2464 529 2515 effluit:
568 2465 747 2528 sicuti,
777 2465 964 2514 eadem
987 2466 1178 2544 opinor
1197 2467 1412 2517 ratione

326 2533 548 2611 ductus,
599 2549 719 2599 eap.
757 2534 826 2585 26
868 2526 938 2583 τά
981 2524 1101 2583 ἅνω
1148 2533 1249 2599 τῆς
1295 2527 1409 2585 Εύ-

326 2594 521 2666 ρώπης
572 2602 1025 2666 septentrionales
1069 2609 1258 2668 partes
1301 2607 1412 2655 Eu·

324 2687 488 2736 ropae
530 2672 710 2722 dicit.‘
812 2672 1046 2722 BredoV.
1097 2673 1134 2723 l.
1188 2673 1224 2723 1.
1280 2690 1407 2739 pag.

323 2741 485 2791 xm.
558 2742 641 2791 Tu
675 2742 819 2792 conf.
862 2742 1027 2791 etiam
1065 2742 1406 2794 Aristid.11.

325 2826 378 2875 p.
429 2810 527 2861 341
587 2826 632 2860 s.
691 2827 818 2893 pag.
871 2811 975 2862 453
1026 2812 1111 2861 ed.
1153 2812 1409 2863 Dindorf.

324 2879 482 2940 Quod
515 2878 736 2959 quidam
771 2882 828 2929 in
861 2881 1130 2930 Herodoti
1166 2880 1287 2931 loco
1323 2897 1410 2931 ex-

322 2947 510 2998 hibent
554 2938 610 3006 ἐς
658 2941 727 2997 τὰ
772 2963 922 3010 ανω,
978 2965 1042 2999 eo
1095 2965 1205 3000 ιιοιι
1251 2966 1405 3015 opus,

324 3015 481 3068 Conf.
516 3017 597 3080 11,
634 3020 722 3069 25.
753 3018 840 3069 26.

392 3077 468 3145 ὥς
511 3082 615 3150 μέν
660 3101 767 3136 νυν
810 3077 871 3135 ἐν
912 3077 1180 3153 ἐλαχίστῳ
1227 3084 1408 3151 δηλῶ-

323 3168 448 3219 σαι,
497 3152 617 3205 πᾶν
653 3153 892 3221 εἴρηται]
944 3157 984 3207 i.
1023 3172 1071 3206 e.
1106 3163 1164 3206 ut
1198 3158 1406 3218 paucis-

319 3225 454 3275 σηκὶς
489 3225 656 3276 verbis
692 3241 796 3276 rem
831 3241 1014 3276 omnem
1050 3229 1293 3288 aperiam,
1338 3241 1407 3290 s.‚

321 3300 383 3343 ut
416 3293 719 3360 Schweigh.
755 3293 959 3345 reddit.
996 3297 1072 3344 ita
1107 3295 1408 3346 brevissimis

320 3362 485 3414 verbis
517 3379 604 3414 res
648 3372 757 3414 tota
809 3364 1076 3414 declarata
1112 3372 1205 3416 eet.
1278 3364 1408 3426 Qui-

321 3431 422 3482 bus
449 3433 778 3497 respondent
800 3447 890 3494 ea,
929 3448 1067 3498 quae
1098 3432 1255 3482 initio
1288 3448 1406 3497 pro-

320 3500 693 3638 ξιιιιεΐξ
717 3470 1000 3635 ἐξιεὲῑῗῖ
1010 3492 1412 3648 bamus

320 3640 376 3688 in
428 3637 512 3688 his
567 3641 750 3703 posito
803 3645 928 3704 post
960 3639 1283 3704 particulam
1331 3629 1407 3695 ὡς

319 3707 466 3758 eouf.
502 3723 668 3773 supra
715 3707 885 3758 allata
937 3708 1007 3758 ad
1045 3708 1406 3772 11‚10.1n

549 3793 610 3827 ro
644 3775 760 3842 τῆς
795 3769 902 3841 γὰρ
935 3793 987 3834 κ.
1026 3792 1074 3827 τ.
1113 3776 1161 3826 λ.
1235 3777 1408 3826 Bene·

317 3845 447 3896 dict.
526 3847 673 3896 Actt.
722 3846 913 3895 semin.
964 3861 1078 3912 reg.
1125 3845 1402 3909 Lips.11.

315 3930 370 3979 p.
399 3913 523 3980 286)
555 3914 894 3965 Herodotum
917 3913 1063 3964 haud
1090 3914 1252 3964 dubie
1275 3915 1406 3962 scri·

314 3983 491 4047 psisse
538 3985 617 4033 ait
658 3981 739 4050 τῇ
784 3975 890 4048 γὰρ
934 3998 987 4032 κ.
1031 3999 1080 4033 τ.
1131 3982 1177 4031 λ.
1192 4019 1207 4042 ,
1258 3981 1404 4045 quod

314 4051 534 4138 quidem
569 4052 696 4102 mihi
726 4051 886 4102 valde
920 4052 1141 4103 dubium
1166 4050 1399 4100 videtur.

313 4147 381 4156 -
417 4122 526 4171 Pro
569 4113 712 4174 κατὰ
763 4108 839 4184 ἥν
872 4135 1001 4169 τινα
1052 4125 1108 4170 et
1139 4120 1242 4171 hoc
1276 4119 1399 4169 loco

312 4194 368 4238 et
403 4189 481 4252 11,
517 4188 587 4240 86
622 4189 822 4240 Struve
865 4189 923 4239 in
974 4189 1049 4255 Sp
1053 4204 1131 4239 ec.
1170 4190 1396 4251 Quaest.

313 4258 381 4309 de
416 4257 635 4309 dialect.
672 4255 879 4308 Herod.
927 4257 973 4308 1.
1025 4275 1077 4324 p.
1115 4258 1183 4307 47
1234 4257 1400 4307 scribi

310 4326 522 4377 mavult
563 4317 698 4376 κατ’
736 4315 814 4391 ἥν
845 4341 1003 4390 τινα,
1055 4325 1221 4392 idque
1275 4341 1397 4376 cum

309 4400 543 4446 recentt.
584 4395 708 4445 edd.
746 4395 946 4460 recepi.

1893 1983 2024 2033 Cn.
2062 1982 2233 2034 XXV.

1591 2077 1819 2146 διεξιών
1847 2114 1919 2124 —-
1954 2077 2089 2135 τάδε
2124 2083 2329 2150 ποιέει]
2366 2075 2503 2134 τάδε
2537 2085 2607 2136 ad

1518 2154 1804 2220 sequentia
1839 2160 2054 2220 spectat
2091 2160 2145 2206 et
2192 2154 2455 2236 repetitur
2480 2170 2609 2220 quo-

1520 2223 1804 2274 dammodo
1834 2225 2013 2275 verbis
2050 2215 2281 2286 διεξιών
2305 2221 2484 2273 ποιέει
2523 2219 2606 2273 ol-

1518 2285 1588 2343 όν
1621 2308 1728 2358 περ
1766 2309 1817 2343 κ.
1860 2309 1908 2343 τ.
1952 2293 1999 2343 λ.
2088 2294 2180 2344 ubi
2217 2308 2336 2344 cum
2374 2299 2603 2344 recentt.

1519 2363 1675 2413 editt.
1705 2362 1899 2428 scripsi
1922 2357 2071 2412 ἔωθε
2095 2379 2192 2429 pro
2220 2354 2411 2411 ἐώθεε.
2473 2363 2599 2413 vid.

1513 2432 1748 2483 BredoV.
1778 2448 1905 2498 pag.
1947 2431 2070 2483 302.
2140 2433 2225 2483 Ad
2262 2432 2437 2497 ipsam
2485 2447 2602 2482 sen-

1512 2502 1742 2552 tentiam
1778 2502 1924 2552 conf.
1961 2506 2099 2551 nott.
2133 2501 2205 2551 ad
2241 2501 2443 2564 11‚-24.

1584 2593 1820 2660 ἑλκύσας
1856 2597 1920 2652 δὲ
1977 2594 2234 2652 ἀπωθέει
2273 2593 2328 2660 ἐς
2364 2595 2433 2652 τὰ
2476 2592 2597 2651 ἄνω

1510 2671 1711 2737 χωρία]
1760 2673 1863 2722 Est
1906 2672 2043 2722 haec
2094 2673 2267 2722 nostri
2314 2672 2596 2736 scriptoris

1510 2741 1810 2791 sententiae
1859 2756 2056 2806 aquam
2093 2745 2386 2791 attractam
2426 2740 2596 2790 solem

1512 2815 1658 2860 retro
1685 2810 1841 2875 quasi
1879 2811 1949 2860 ad
1984 2809 2107 2861 loca
2143 2811 2425 2874 superiora
2450 2810 2514 2875 (i.
2544 2825 2593 2860 e.

1513 2881 1686 2945 mag-is
1736 2879 2030 2944 australia)
2089 2878 2377 2945 repellet-03
2433 2894 2595 2944 quam

1509 2950 1689 3014 ipsam
1735 2954 1929 2999 ventos
1976 2949 2337 3014 suscipientes
2386 2953 2442 2998 et
2487 2949 2597 2998 dis-

1510 3019 1753 3083 sipantes
1812 3017 2168 3083 liquefacer03
2227 3018 2384 3068 unde.
2429 3018 2595 3083 expli-

1509 3088 1771 3152 candum,
1821 3104 1916 3138 cur
1963 3089 2112 3138 venti
2151 3087 2302 3137 illinc
2338 3087 2592 3138 efflantes

1507 3156 1723 3222 pluvias
1768 3158 1997 3207 maxime
2040 3158 2235 3208 ferant.
2311 3157 2395 3206 Tu
2443 3158 2590 3208 conf.

1508 3226 1740 3276 Salmas.
1780 3226 1851 3275 ad
1891 3226 2059 3277 Solin.
2107 3242 2237 3304 pag.
2274 3224 2379 3276 303
2424 3226 2484 3278 O.
2519 3226 2592 3277 D.

1506 3296 1594 3345 De
1628 3295 1962 3359 superlativo
1998 3286 2303 3344 ὖετιότατοι
2346 3295 2456 3343 iam
2498 3293 2594 3344 du·

1506 3364 1783 3414 bitaverat
1816 3365 2178 3414 Buttmannus
2205 3361 2465 3426 (Gi-amm.
2496 3363 2591 3413 Gr.

1505 3433 1555 3483 1.
1590 3448 1645 3497 p.
1685 3432 1830 3495 273),
1870 3448 1997 3482 num
2045 3431 2172 3481 talis
2209 3421 2412 3495 grad'us
2449 3445 2592 3480 com-

1506 3502 1808 3566 parationis
1848 3502 2065 3551 omnino
2101 3499 2351 3550 adhiberi
2384 3504 2589 3563 posset,

1504 3571 1745 3634 itemque
1790 3569 2286 3649 Schweighaeuser.
2331 3569 2416 3636 (in
2452 3568 2587 3618 Lex.

1505 3639 1713 3692 Herod.
1750 3653 1796 3688 s.
1837 3639 1915 3700 v.)
1950 3628 2353 3686 ὖετωδέστατοι
2385 3634 2473 3685 vel
2496 3626 2590 3685 68-

1505 3700 1767 3755 τιαίτατοι
1803 3705 2063 3769 scriptum
2106 3704 2414 3769 oportuisse
2448 3704 2590 3754 iudi-

1506 3790 1658 3825 cans.
1714 3773 1958 3824 Alterum
1987 3773 2090 3823 hoc
2113 3789 2178 3822 eo
2202 3773 2378 3838 magis
2389 3772 2590 3852 reponi

1505 3843 1624 3892 vult
1656 3843 1893 3893 Bredov.
1932 3857 2059 3907 pag
2097 3841 2184 3903 68,
2222 3857 2344 3892 cum
2380 3855 2588 3904 ανεμος

1503 3902 1690 3968 ὑέτιος
1721 3910 1933 3976 aliquot
1948 3911 2086 3961 locis
2111 3911 2255 3975 apud
2278 3910 2590 3975 Theophra-

1505 3985 1675 4042 stum,
1723 3980 1861 4030 alios
1907 3979 2226 4044 reperiatur.
2299 3979 2437 4029 Mihi
2475 3993 2587 4028 ιιοιι

1506 4050 1644 4099 satis
1666 4063 1863 4099 causae
1889 4062 2010 4097 esse
2027 4047 2262 4110 videtur,
2280 4053 2343 4098 ut
2366 4063 2400 4097 a
2425 4047 2584 4097 codd.

1499 4117 1735 4167 lectione
1798 4117 2074 4178 recedam3
2136 4118 2325 4181 itaque
2384 4117 2586 4166 retinui

1498 4176 1823 4249 ὖετοότατοι,
1855 4185 1893 4236 i.
1922 4201 1969 4235 e.
1991 4187 2342 4268 plmn‘qee’sst'mt'
2361 4183 2586 4250 (venti),

1497 4256 1762 4305 maximam
1791 4257 1998 4318 pluviae
2039 4257 2235 4318 copiam
2281 4255 2585 4318 affer-euleu

1497 4324 1701 4373 retinui
1737 4323 1907 4373 etiam
1938 4323 1996 4372 in
2021 4338 2171 4387 seqq.
2212 4312 2480 4386 ἐπέτειον,
2514 4321 2582 4371 ab

1498 4392 1689 4444 eodem
1724 4391 1960 4443 Bredov,
1998 4407 2052 4455 p.
2100 4391 2196 4442 156
2227 4389 2408 4455 (quem
2437 4396 2586 4440 utro-
