3109 5092
517 313 639 376 868
1314 305 1851 370 EXOURSUS
1898 307 1997 367 IX

515 487 611 557 qui
650 483 986 537 Sesostridis
1030 500 1122 535 res
1173 483 1243 534 ad
1282 481 1594 552 Aegyptum
1634 488 1928 550 terrasque
1977 478 2297 532 adiacentes
2341 492 2405 528 ac
2446 473 2688 528 vicinas
2739 492 2837 526 re-

514 570 717 638 stringi
751 568 955 621 vellent
975 566 1063 636 *),
1105 584 1284 637 neque
1317 575 1508 619 nostra
1538 573 1720 619 aetate
1752 565 2001 619 defuisse
2020 605 2035 632 ,
2071 563 2169 634 qui
2198 563 2268 615 ad
2294 562 2512 614 fabulas
2544 566 2664 612 aut
2702 577 2836 612 car-

511 656 657 709 mina
684 654 839 723 epica
870 654 1181 720 reiicerent,
1215 669 1579 723 quaecunque
1609 656 1830 704 veteres
1861 649 1930 701 de
1953 648 2273 702 Sesostride
2302 645 2681 700 tradiderunt
2704 640 2838 711 ⁴²⁴²),

513 740 592 792 ita
625 738 995 792 Sesostridem
1038 738 1183 789 hunc
1231 742 1388 789 extra
1419 736 1733 805 Aegyptum
1778 735 1832 787 in
1876 733 2014 786 alias
2047 733 2270 786 Africae
2315 738 2372 784 et
2403 730 2573 787 Asiae
2622 738 2835 782 terras

513 825 764 894 adeoque
808 822 865 874 in
917 823 1117 893 ipsam,
1173 822 1222 875 si
1267 816 1490 890 placet,
1529 823 1808 889 Europam
1858 820 2162 889 profectum
2193 836 2320 870 esse
2364 815 2659 885 armisque
2700 813 2837 866 suis

513 910 711 963 multas
759 914 978 960 exteras
1009 917 1206 974 gentes
1239 906 1295 957 in
1340 906 1601 958 ditionem
1637 905 1925 973 redegisse
1976 922 2078 956 cur
2109 919 2336 971 negem,
2384 901 2591 954 nullam
2646 898 2837 950 video

515 1010 733 1046 causam
762 992 1042 1060 idoneam,
1089 991 1229 1061 ipsis
1260 991 1545 1043 veteribus
1578 990 1946 1059 scriptoribus
1989 989 2047 1041 in
2083 989 2185 1040 hac
2213 1006 2273 1040 re
2309 984 2835 1039 consentientibus

515 1096 634 1132 cum
668 1076 1063 1145 Aegyptiorum
1097 1076 1490 1142 monumentis,
1534 1092 1677 1145 quae
1710 1075 1875 1127 huius
1909 1074 2061 1142 regis
2090 1072 2262 1138 bella,
2307 1087 2561 1141 pugnas,
2603 1069 2835 1121 trium-

514 1166 655 1233 phos
688 1162 973 1228 exhibent,
1029 1161 1277 1231 adeoque
1317 1160 1570 1230 captivos
1602 1159 1875 1212 variarum
1918 1166 2191 1211 terrarum
2226 1164 2538 1210 exterarum
2585 1154 2835 1207 sistunt

516 1265 549 1300 a
578 1265 711 1316 rege
743 1247 1009 1298 adductos
1045 1246 1213 1315 idque
1260 1245 1447 1297 addita
1481 1244 1847 1314 inscriptione
1891 1250 2210 1321 exponunto·
2262 1258 2374 1312 qua
2405 1240 2474 1292 de
2501 1259 2563 1292 re
2598 1239 2730 1291 alia
2766 1243 2837 1288 ut

518 1332 773 1397 omittam,
804 1330 892 1383 vel
928 1330 982 1382 in
1018 1348 1083 1382 ea
1113 1329 1506 1398 inscriptione,
1541 1346 1685 1398 quae
1715 1329 1772 1380 in
1808 1328 2068 1381 Obelisco
2098 1327 2305 1394 legitur
2332 1325 2586 1378 Parisios
2618 1339 2831 1392 nuper

516 1421 867 1480 transvecto,
927 1415 1154 1466 dubium
1195 1430 1304 1465 non
1350 1420 1437 1466 est
1488 1414 1891 1467 commemorari
1947 1430 2009 1465 ac
2046 1411 2354 1481 praedicari
2399 1408 2831 1462 Sesostridem-

515 1499 784 1564 Ramsen,
830 1498 925 1566 qui
963 1497 1212 1551 victoriis
1248 1514 1516 1550 armorum
1555 1499 1610 1550 vi
1666 1498 1966 1568 reportatis
2012 1515 2220 1550 omnem
2267 1494 2557 1563 subegerit
2600 1501 2830 1546 terram

517 1583 864 1653 peregrinam
883 1621 898 1648 ,
952 1584 1050 1653 qui
1083 1600 1286 1635 omnem
1319 1591 1593 1635 terrarum
1625 1585 1810 1636 orbem
1838 1583 2016 1636 animo
2049 1599 2152 1634 suo
2189 1588 2510 1634 trementem
2540 1577 2825 1636 reddide-

517 1669 594 1722 rit
621 1675 677 1722 et
706 1684 808 1720 suo
839 1667 1068 1736 imperio
1098 1667 1373 1720 addiderit
1401 1667 1581 1719 victor
1610 1667 1967 1735 fortissimus,
2001 1674 2058 1719 et
2087 1684 2228 1737 quae
2260 1672 2396 1718 sunt
2427 1664 2595 1716 huius
2632 1679 2825 1731 gene-

521 1754 600 1807 ris
632 1752 830 1806 similia
847 1749 994 1819 ¹'‘¹⁸¹¹'¹).
1049 1753 1245 1821 Itaque
1276 1752 1437 1821 sequi
1469 1752 1643 1805 malim
1674 1751 2049 1819 Rosellinium,
2084 1752 2178 1820 qui
2214 1756 2471 1802 accurate
2503 1745 2820 1801 recensitis

520 1838 772 1891 omnibns
802 1837 875 1889 iis
905 1837 1285 1905 monumentis,
1327 1853 1470 1907 quae
1501 1838 1571 1905 ad
1602 1838 1747 1888 hunc
1778 1855 1980 1904 regem,
2017 1841 2282 1906 quantum
2308 1835 2364 1888 id
2395 1832 2618 1904 quidem
2648 1839 2821 1885 certo

522 1930 782 1989 constat,
834 1923 1116 1991 pertinent
1159 1922 1228 1973 ad
1277 1928 1564 1991 utramque
1606 1922 1723 1973 Nili
1766 1922 1937 1992 ripam
1976 1929 2034 1974 et
2059 1920 2270 1972 Thebis
2316 1928 2373 1973 et
2416 1935 2589 1988 prope
2628 1917 2819 1968 locum

519 2006 797 2078 Ipsambul
835 2007 1070 2076 aliisque
1102 2007 1236 2059 locis
1276 2012 1490 2075 erecta,
1538 2006 1838 2074 diligenter
1879 2005 2147 2075 expositis
2181 2022 2405 2075 quoque
2446 2001 2816 2071 imaginibus,

524 2093 727 2163 quibus
758 2091 924 2143 huius
955 2092 1107 2158 regis
1141 2109 1231 2144 res
1261 2091 1317 2142 in
1346 2090 1488 2143 bello
1512 2099 1706 2159 gestae
1735 2108 1798 2143 ac
1828 2092 2075 2143 facinora
2102 2090 2411 2159 parietibus
2439 2088 2620 2140 incisa
2652 2085 2819 2139 exhio

522 2178 752 2244 beatur,
793 2183 850 2227 et
885 2175 1171 2245 explicatis
1201 2175 1693 2243 inscriptionibus,
1728 2193 1870 2245 quae
1902 2175 2048 2227 notis
2079 2172 2512 2244 hieroglyphicis
2543 2179 2815 2224 exaratae

524 2260 676 2328 regis
697 2258 910 2327 laudes,
944 2276 1160 2327 preces,
1189 2276 1279 2311 res
1305 2260 1482 2311 factas
1503 2260 1786 2312 celebrant
1797 2260 1864 2326 †)
1880 2300 1895 2327 ,
1925 2261 2145 2312 brevem
2175 2266 2531 2328 conspectum
2553 2255 2817 2309 exhibuit

525 2343 790 2409 omnium,
823 2359 965 2411 quae
998 2343 1064 2395 de
1088 2343 1402 2396 Sesostride
1433 2344 1665 2414 eiusque
1696 2346 1863 2396 rebus
1893 2344 2070 2411 gestis
2102 2363 2170 2396 ex
2198 2344 2285 2395 his
2313 2342 2680 2396 monumentis
2714 2357 2811 2393 co-

523 2427 717 2497 gnosci
751 2434 1020 2497 possunt:
1056 2427 1183 2479 inde
1209 2427 1349 2480 enim
1381 2428 1688 2496 edocemur,
1721 2427 1978 2495 Ramsen,
2012 2428 2175 2482 victis
2202 2434 2260 2480 et
2278 2427 2604 2496 Aethiopiae
2630 2432 2685 2478 et
2704 2423 2807 2478 Li-

524 2514 666 2580 byae
688 2512 951 2581 gentibus
969 2511 1220 2581 Aegypto
1247 2512 1462 2580 vicinis,
1487 2530 1633 2566 arma
1649 2514 1890 2566 vertisse
1913 2521 2105 2565 contra
2124 2531 2218 2566 eas
2235 2512 2401 2564 Asiae
2418 2519 2635 2580 gentes,
2661 2526 2811 2579 quae

525 2596 861 2651 Sesostridis
883 2603 1057 2665 patre,
1090 2614 1122 2648 a
1143 2613 1253 2666 quo
1277 2597 1379 2651 iam
1403 2598 1651 2650 devictae
1677 2605 1853 2665 erant,
1883 2604 2116 2665 mortuo,
2149 2605 2212 2650 ut
2231 2597 2470 2665 videtur,
2501 2595 2811 2649 rebellave-

525 2690 651 2736 rant
673 2682 920 2751 aliasque
951 2682 1110 2735 etiam
1133 2690 1329 2749 gentes
1353 2682 1538 2749 Asiae,
1573 2689 1629 2734 et
1640 2683 1855 2750 Syriae,
1884 2701 1949 2736 ac
1961 2681 2412 2751 Mesopotamiae,
2447 2686 2503 2733 et
2516 2680 2681 2733 Asiae
2704 2679 2807 2733 mi-

526 2768 699 2835 noris,
731 2783 914 2819 secum
944 2773 1247 2834 traxerant,
1282 2767 1426 2819 inter
1457 2783 1598 2835 quas
1628 2767 1854 2820 foedere
1886 2767 2210 2819 coniunctas
2240 2766 2543 2837 principem
2573 2766 2689 2817 fere
2724 2764 2807 2816 lo-

525 2870 645 2906 cum
661 2852 910 2905 tenuisse
934 2850 1192 2904 videntur
1210 2850 1267 2916 ii,
1301 2851 1395 2921 qui
1414 2854 1568 2905 Sesto
1591 2857 1855 2905 vocantur
1883 2851 2026 2921 (vid.
2045 2859 2183 2903 nott.
2206 2852 2273 2903 ad
2292 2852 2365 2920 11,
2380 2851 2531 2917 103).
2578 2850 2806 2913 Quibus

530 2938 687 2989 victis
711 2942 768 2988 et
789 2936 855 2988 ad
878 2936 1199 3004 obsequium
1223 2936 1468 2988 reductis
1486 2974 1501 3001 ,
1534 2936 1843 3005 quindecim
1864 2945 1995 3006 post
2013 2936 2205 3001 annis,
2231 2935 2352 2988 sive
2376 2953 2521 2987 anno
2542 2934 2802 2988 vicesimo

524 3020 697 3089 primo
731 3019 891 3085 regni
921 3019 1257 3071 Sesostridis
1289 3037 1433 3072 nova
1462 3019 1687 3072 rebellio
1720 3028 1915 3074 exorta
1945 3038 2071 3073 esse
2106 3020 2362 3087 videtur,
2406 3037 2567 3090 quam
2598 3019 2797 3072 foedus

525 3103 672 3155 inter
704 3101 1072 3153 Sesostridem
1114 3111 1170 3153 et
1198 3121 1381 3170 regem
1420 3104 1605 3170 gentis
1636 3104 1802 3156 huius
1852 3105 2047 3157 initum
2091 3105 2291 3158 finivit.
2351 3105 2467 3156 Tot
2499 3105 2673 3173 igitur
2702 3122 2800 3156 an-

529 3186 617 3239 nis
662 3203 761 3254 per
790 3183 932 3237 bella
962 3191 1020 3237 et
1048 3185 1381 3255 longinquas
1426 3187 1805 3255 expeditiones
1836 3176 2149 3243 consumtis·
2168 3191 2235 3242 ad
2278 3198 2476 3258 gentes
2517 3197 2737 3242 exteras
2769 3205 2801 3240 a

527 3277 684 3342 patre
724 3269 900 3321 victas
946 3269 1003 3321 in
1051 3271 1317 3340 obsequio
1351 3270 1667 3323 retinendas
1711 3272 1962 3343 aliasque
1998 3275 2164 3327 etiam
2200 3275 2427 3344 imperio
2459 3273 2797 3326 adiiciendas

529 3357 586 3409 in
617 3355 804 3409 Africa
843 3372 1016 3425 aeque
1047 3363 1214 3425 atque
1253 3356 1310 3407 in
1343 3355 1504 3422 Asia,
1553 3355 1830 3410 Sesostris
1864 3359 2131 3429 reliquum
2170 3359 2327 3428 regni
2357 3366 2605 3429 tempus,
2650 3357 2799 3427 quod

530 3450 618 3495 est
646 3441 1014 3512 quadraginta
1044 3441 1290 3511 quinque
1338 3458 1634 3509 annorum,
1687 3442 2006 3496 adhibuisse
2042 3445 2262 3497 videtur
2302 3449 2538 3516 (sequor
2564 3442 2799 3496 Roselli-

533 3527 680 3579 nium
711 3525 748 3578 l.
789 3525 857 3592 l.)
900 3526 968 3578 ad
1006 3527 1177 3596 ipsam
1212 3526 1448 3595 Aegypti
1490 3533 1691 3581 terram
1742 3528 1992 3581 omnibus
2028 3528 2319 3583 commodis
2362 3528 2667 3596 augendam
2697 3527 2798 3579 flo-

531 3619 850 3680 rentemque
897 3610 1255 3679 reddendam,
1305 3612 1372 3663 ad
1399 3611 1598 3680 templa
1632 3614 1880 3665 ornanda
1905 3619 1962 3665 et
1999 3613 2407 3683 amplificanda,
2462 3611 2669 3682 palatia
2703 3630 2798 3664 ex-

531 3696 824 3762 struenda,
875 3695 980 3747 alia
1026 3695 1084 3747 id
1126 3713 1323 3764 genus.
1401 3695 1556 3749 Inter
1592 3696 1720 3749 haec
1750 3697 1972 3750 maxime
2009 3698 2247 3751 eminent
2270 3696 2603 3767 propylaea,
2657 3713 2799 3766 quae

531 3779 741 3832 addidit
772 3780 967 3849 templo
996 3780 1115 3833 sive
1145 3781 1348 3850 palatio
1382 3780 1449 3831 ab
1482 3781 2103 3850 Amenophi-Memnone
2138 3790 2421 3835 exstructo
2450 3782 2509 3834 in
2543 3779 2798 3834 orientali

669 3908 723 3972 ²¹¹)
779 3912 1020 3973 Quorum
1068 3912 1123 3959 in
1159 3927 1380 3963 numero
1418 3916 1639 3962 constat
1675 3913 1911 3978 zoegam
1948 3913 2119 3965 fuisse
2165 3915 2231 3965 de
2282 3912 2538 3963 obelisco.
2580 3927 2634 3977 p.
2675 3911 2795 3963 578.

529 3977 748 4030 Etenim
786 3980 1022 4045 Aegypti
1060 3981 1425 4032 conditionem
1464 3981 1559 4031 illo
1595 3985 1834 4048 tempore
1871 3984 2092 4035 minime
2132 4000 2252 4035 eam
2287 3982 2461 4032 fuisse
2488 3986 2682 4046 putat,
2734 3984 2797 4030 ut

482 4076 490 4085 -
532 4048 1108 4167 ωαςηαῗαίεῐίυειηρῗί
1138 4051 1514 4114 expeditiones
1542 4052 1600 4101 in
1632 4051 1788 4118 longe
1823 4057 2062 4105 remotas
2097 4058 2276 4105 terras
2308 4056 2595 4116 susceptas
2621 4050 2797 4101 fuisse

534 4134 737 4170 00118811
802 4134 963 4169 neum
1002 4135 1051 4168 81
1079 4154 1092 4167 0

670 4186 759 4251 **)
800 4187 957 4237 Conf.
994 4186 1141 4237 Guil.
1179 4186 1424 4252 Schlegel
1457 4187 1492 4237 l.
1533 4190 1679 4240 infra
1718 4190 1863 4242 laud.

670 4257 792 4323 ***)
827 4257 951 4307 vid.
985 4255 1249 4306 Rosellini
1281 4257 1430 4305 Mon.
1471 4263 1606 4309 ator.
1646 4262 1752 4323 111,
1784 4264 1833 4311 2.
1875 4277 1928 4325 p.
1948 4262 2047 4314 199
2078 4277 2231 4326 seqq.
2271 4265 2328 4312 et
2356 4256 2629 4309 Salvolini
2658 4258 2795 4308 Tra-

531 4329 757 4380 duction
793 4332 848 4379 et
883 4325 1119 4389 Analyse
1154 4325 1566 4389 grammaticale
1605 4334 1708 4380 ete.
1748 4346 1800 4395 p.
1839 4331 1909 4383 90
1945 4347 2097 4397 seqq.
2144 4331 2243 4383 109
2273 4342 2425 4393 seqq.

672 4398 731 4464 †)
769 4398 908 4453 Vide
943 4394 979 4446 1.
1018 4393 1055 4444 1.
1093 4410 1146 4460 p.
1187 4392 1445 4447 85—292.
