3109 5092
507 331 631 393 636

1369 332 1904 396 HERODOTI

509 503 816 594 ἀκάνθης
846 505 1218 594 κοψάμενοι
1261 506 1426 588 ξύλα
1471 501 1632 575 ὅσον
1664 533 1734 575 τε
1765 508 2049 596 διπήχεα
2068 557 2087 593 ,
2128 503 2522 596 πλινθηδὸν
2549 529 2787 577 συντι-

508 620 728 693 θεῖσι,
783 609 1328 698 ναυπηγεύμενοι
1387 608 1641 697 τρόπον
1692 610 1978 680 τοιόνδε.

2086 613 2241 697 περὶ
2285 610 2590 698 γόμφους
2652 638 2784 681 πυ-

510 711 716 793 κνοὺς
755 714 868 781 καὶ
908 710 1206 802 μακροὺς
1235 719 1651 803 περιείρουσι
1679 711 1759 781 τὰ
1786 715 2072 803 διπήχεα
2099 715 2264 795 ξύλα
2283 736 2298 751 ·
2350 712 2558 784 ἐπεὰν
2586 715 2661 783 δὲ
2689 721 2789 807 τῷ

510 815 736 907 τρόπω
761 816 976 908 τούτῳ
1005 815 1578 904 ναυπηγήσωνται
1595 868 1613 899 ,
1646 814 1811 902 ζυγὰ
1840 819 2164 906 ἐπιπολῆς
2188 824 2492 887 τείνουσι
2519 814 2751 887 αὐτῶν
2770 838 2785 852 ·

511 924 790 1006 νομεῦσι
835 918 910 986 δὲ
953 916 1161 988 οὐδὲν
1198 923 1560 1006 χρέωνται,
1608 925 1873 989 ἔσωθεν
1926 921 2001 989 δὲ
2045 918 2162 1001 τὰς
2200 916 2526 1011 ἁρμονίας
2572 923 2648 990 ἐν
2686 912 2790 990 οἷν

509 1021 907 1090 ἐπάκτωσαν
943 1028 1024 1110 τῇ
1054 1021 1322 1115 βύβλῳ·
1393 1021 1728 1109 πηδάλιον
1770 1023 1845 1092 δὲ
1874 1027 1950 1091 ἓν
1973 1030 2362 1109 ποιεῦνται,
2407 1024 2520 1091 καὶ
2559 1030 2885 1093 τοῦτοι47

509 1186 634 1239 eliis
668 1188 970 1239 arboribus.
1037 1189 1192 1239 Haec
1223 1188 1593 1251 Iehlonskius,

509 1257 633 1307 aliis
678 1273 890 1322 quoque
941 1272 1006 1307 ac
1041 1258 1206 1307 Plinii
1253 1259 1595 1323 potissimum

509 1326 836 1376 testimoniis
886 1325 1168 1387 adhibitisg
1219 1329 1392 1391 ipsam
1453 1328 1594 1377 enim

508 1410 698 1445 vocem
736 1394 1008 1459 Aegyptio
1057 1411 1305 1447 sermone
1349 1396 1596 1447 indicere

507 1462 1155 1515 consolidationem'hmidi
1181 1464 1268 1514 vel
1295 1473 1486 1528 guttam
1509 1465 1596 1515 vel

507 1535 764 1583 laer-baum
797 1541 1095 1585 concretam.
1151 1535 1476 1599 Aegyptiam
1503 1550 1596 1585 vo-

509 1603 587 1653 cis
625 1602 888 1667 originem
938 1604 1136 1654 statuit
1184 1619 1397 1670 quoque
1431 1605 1593 1655 Rossi

508 1671 749 1737 Etymol.
784 1671 919 1751 Aeg.
956 1689 1010 1737 p.
1042 1672 1106 1723 91
1144 1689 1272 1751 seq.

580 1736 712 1819 περὶ
759 1732 1020 1806 γόμφους
1055 1733 1314 1797 πυκνοὺς
1347 1735 1442 1789 καὶ
1489 1753 1594 1802 μα-

507 1802 684 1890 κρούς
706 1809 1057 1874 περιείρουσι
1080 1803 1149 1860 τὰ
1164 1804 1409 1875 διπήχεα
1432 1805 1593 1873 ξύλα]

507 1874 722 1945 γόμφοι
759 1879 848 1930 hic
882 1879 1133 1931 videntur
1167 1896 1289 1931 esse
1324 1878 1493 1940 clavi,
1533 1879 1595 1927 ii-

509 1965 615 2014 que
650 1949 812 1999 valde
855 1946 1007 2013 longi
1056 1965 1121 1999 uc
1155 1949 1351 2016 lignei,
1398 1950 1595 2014 quibus

508 2018 665 2084 plura
696 2019 851 2084 ligna
902 2017 1246 2082 (bicubitelia
1289 2017 1477 2082 qualia
1515 2017 1594 2066 di-

508 2092 705 2138 cuntur
729 2089 784 2138 h.
807 2086 878 2150 l.)
905 2089 1387 2149 connectebantur,
1414 2102 1597 2151 quem·

508 2156 796 2207 admodum
858 2157 915 2205 in
968 2157 1176 2206 ratibus
1230 2157 1309 2206 fit.
1407 2157 1597 2219 Neque

508 2227 649 2276 enim
712 2224 929 2275 omnino
985 2240 1152 2275 naves
1209 2225 1300 2275 hic
1361 2224 1597 2288 intelligi

508 2309 671 2360 posse
716 2293 960 2355 credam,
1013 2294 1109 2343 sed
1157 2295 1356 2344 ratium
1404 2308 1594 2358 genus,

508 2364 704 2429 quibus
739 2363 797 2412 in
822 2361 945 2412 Nilo
983 2362 1187 2413 fuerint
1220 2364 1336 2423 usi3
1375 2363 1429 2411 id
1454 2361 1597 2428 quod

509 2433 676 2484 etiam
703 2436 939 2498 arguunt
957 2437 1162 2494 costae,
1184 2447 1324 2495 quae
1348 2432 1594 2482 deerant.

508 2500 664 2553 Conf.
715 2500 1133 2567 Wesselingium
1197 2501 1268 2551 ad
1333 2500 1388 2550 h.
1443 2500 1481 2551 l.
1540 2506 1597 2550 et

509 2570 822 2623 Schneider.
845 2572 899 2620 in
921 2572 1054 2622 Lex.
1071 2570 1163 2623 Gr.
1191 2571 1396 2621 Locum
1420 2572 1598 2634 ipsum

507 2641 633 2691 inde
669 2641 749 2691 sic
782 2640 960 2690 reddit
983 2639 1289 2706 Schweigh.
1325 2641 1382 2691 in
1410 2641 1595 2690 Lexic.

508 2711 710 2762 Herod.
736 2725 780 2763 s.
803 2726 854 2761 v,
880 2708 1212 2774 περιείρεινε
1248 2714 1470 2771 „ciram
1489 2712 1597 2759 cla-

505 2796 595 2831 vos
635 2782 826 2845 ligneos
868 2780 1162 2845 frequentes
1198 2789 1251 2830 et
1292 2782 1600 2843 praelonyos

505 2853 733 2901 inserunt
752 2856 800 2898 et
816 2852 1073 2899 innectunt
1087 2849 1379 2900 bicubitalia
1399 2850 1595 2913 &quast

506 2919 622 2967 Nec
657 2918 817 2967 aliter
843 2917 958 2967 fere
980 2918 1312 2969 Wilkinson.
1336 2918 1596 2967 Munners

508 2991 614 3035 etc.
662 2985 771 3034 111.
823 3001 876 3049 p.
916 2986 1045 3047 188,
1092 2986 1186 3036 ubi
1231 2987 1374 3037 hunc
1418 2990 1595 3037 totum

507 3055 682 3104 locum
731 3052 958 3116 Anglice
1005 3053 1240 3105 reddidit
1279 3060 1445 3120 atque
1489 3056 1598 3104 Ro-

508 3121 689 3175 sellini
729 3123 969 3173 Monum.
1030 3122 1180 3173 civil.
1234 3125 1340 3175 111.
1390 3140 1443 3188 p.
1496 3124 1596 3173 125

507 3208 619 3257 seq.
674 3191 791 3256 (qui
827 3195 1000 3241 totum
1037 3192 1224 3242 Nostri
1267 3192 1444 3242 locum
1481 3193 1596 3241 Itu-

506 3262 612 3313 lice
679 3261 951 3311 redditum
1017 3260 1293 3327 exhibet):
1366 3262 1595 3326 „questi

507 3332 663 3397 pezzi
699 3331 756 3381 di
777 3330 882 3380 due
914 3331 1084 3381 cubiti
1110 3332 1326 3381 intorno
1361 3347 1395 3381 e
1421 3330 1596 3395 spessi

507 3419 536 3453 e
558 3400 747 3467 lunghi
769 3401 1003 3465 caricchi
1038 3401 1407 3452 connettonof
1414 3400 1597 3450 ‘-Cae

507 3478 682 3522 terum
719 3471 935 3521 dubitet
958 3470 1288 3523 Wilkinson.
1327 3470 1366 3521 l.
1389 3469 1456 3529 1.,
1491 3470 1596 3520 hae

507 3546 680 3603 retes,
722 3540 910 3605 quales
939 3540 1188 3591 hocloco
1226 3541 1295 3590 ab
1331 3539 1596 3590 historiae

507 3615 663 3676 patre
698 3608 1105 3671 describuntur,
1143 3624 1271 3658 num
1308 3609 1444 3659 eatis
1480 3609 1597 3658 ido-

506 3695 644 3730 neae
679 3678 880 3729 fuerint
915 3679 988 3729 ad
1024 3679 1281 3741 graviora
1315 3694 1483 3728 onere
1519 3677 1595 3727 fe-

506 3748 702 3799 rende.
741 3749 811 3797 ad
842 3749 979 3799 haec
1002 3747 1112 3798 alia
1138 3749 1361 3810 navigia
1396 3746 1595 3811 ligneis

506 3816 677 3882 tignis
702 3817 954 3867 confecta
975 3817 1149 3868 videri
1177 3812 1442 3877 adhibita,
1468 3830 1598 3879 qua-

505 3886 584 3936 lia
628 3886 684 3933 in
731 3877 961 3948 pietur‘is
1018 3888 1312 3951 superioris
1360 3892 1415 3935 et
1461 3884 1599 3934 infe-

506 3953 665 4005 rioris
714 3953 950 4019 Aegypti
998 3956 1424 4018 conspiciantur.
1512 3954 1597 4003 Ex

506 4023 593 4072 his
630 4022 858 4084 picturis
899 4028 954 4073 et
988 4024 1107 4087 ipse
1140 4024 1470 4073 Wilkinson.
1509 4022 1599 4071 de·

508 4092 589 4141 dit
625 4089 925 4156 descriptas
959 4094 1179 4145 navium
1205 4090 1530 4157 imaginesl.
1555 4091 1595 4140 l.

509 4177 562 4225 p.
603 4157 723 4209 195.
753 4158 871 4209 196.
902 4159 1026 4210 203.
1051 4162 1173 4211 204.
1205 4160 1327 4211 208.
1357 4160 1477 4211 210.
1517 4160 1596 4211 11.

509 4246 563 4294 p.
594 4228 716 4278 440.
773 4226 898 4278 Alia
922 4227 1033 4280 vid.
1070 4229 1211 4291 apud
1244 4229 1597 4280 Rosellinium

510 4298 698 4349 allate.
772 4297 952 4361 Tigna
985 4297 1308 4348 bicubitalia
1327 4289 1598 4362 (διπήχεα

511 4359 675 4432 ξυλα)
714 4378 888 4431 neque
921 4366 1168 4433 longiore
1208 4382 1326 4419 eam
1366 4366 1435 4416 ob
1472 4383 1597 4417 cau-

1699 1205 1814 1239 sem
1850 1191 2100 1241 adhibite
2148 1190 2321 1241 fuisse
2356 1195 2515 1255 putat
2545 1191 2791 1255 Wagner

1698 1257 1902 1323 (Neuer
1926 1260 2229 1310 Teutscher
2249 1260 2487 1311 Merlmr.
2520 1260 2671 1311 1802.
2700 1259 2788 1312 ΙΙ.

1698 1343 1750 1393 p.
1799 1328 1953 1410 296),
2000 1328 2146 1394 quod
2190 1329 2451 1394 Aegyptii
2500 1329 2789 1394 ignorave-

1697 1398 1808 1447 rint
1845 1397 1988 1463 ignis
2025 1415 2129 1481 ope
2151 1399 2306 1480 tigna
2326 1414 2446 1448 eum
2478 1398 2535 1447 in
2568 1398 2791 1449 modum

1698 1467 1946 1525 flectere,
2018 1469 2076 1517 ui
2097 1468 2257 1517 nevis
2283 1467 2438 1545 elveo
2461 1470 2624 1544 aptus
2646 1473 2786 1518 erat.

1768 1529 1943 1586 ἐπεὰν
1976 1484 2041 1586 διε
2086 1552 2163 1601 τῳ
2212 1528 2408 1600 τρόπῳ
2442 1528 2647 1602 τούτῳ]
2706 1553 2787 1597 τῳ

1697 1621 1817 1656 cum
1845 1610 2076 1656 recentt.
2103 1606 2301 1686 recepi.
2370 1604 2592 1670 Vulgo·
2576 1621 2635 1655 ιιι
2659 1588 2827 1658 edd..

1696 1676 1875 1726 abest.
1909 1703 1979 1712 —
2032 1668 2197 1739 ζυγὰ
2238 1679 2367 1725 sunt
2410 1682 2674 1735 transtra,
2722 1681 2790 1725 ut

1697 1746 1834 1795 setis
1891 1748 2131 1795 constet.
2220 1744 2303 1795 Ad
2353 1742 2613 1808 νομεῦσι
2635 1745 2788 1796 conf.

1727 1851 1865 1939 τὰς
1898 1873 2177 1945 ἁρμονίας
2225 1873 2286 1929 ἓν
2323 1894 2407 1928 ων
2451 1868 2791 1929 ἐπάκτωσαν

1694 1949 1765 2016 τῇ
1802 1943 2012 2018 βύβλῳ]
2048 1949 2258 2015 Vulgo.
2303 1948 2538 2000 obtinent
2566 1952 2792 1999 comtis-

1694 2036 1847 2071 suras
1873 2035 2106 2084 papym,
2144 2034 2244 2069 nec
2270 2018 2430 2068 aliter
2453 2017 2789 2069 Schneider-0

1695 2088 1906 2172 placuit
1946 2089 2003 2138 in
2038 2089 2174 2139 Lex.
2214 2089 2309 2140 Gr.
2347 2103 2392 2137 s.
2428 2103 2483 2139 v.
2523 2080 2787 2139 πακτόωε

1694 2160 1769 2208 sie
1800 2158 2089 2220 verstopfen
2122 2157 2206 2207 dte
2248 2157 2425 2220 Fuyen
2470 2157 2627 2206 dur-elz
2681 2159 2789 2207 Pa-

1693 2230 1825 2290 pier.
1902 2227 2060 2277 Conf.
2095 2231 2279 2276 tamen
2305 2224 2534 2276 eundem
2570 2225 2640 2276 ad
2662 2243 2787 2277 voc.

1698 2288 2091 2360 ἕπηγκενίδες,
2131 2299 2186 2346 et
2218 2295 2444 2345 Homer.
2482 2295 2684 2373 Odyss.
2716 2297 2788 2359 V,

1698 2368 1820 2428 254,
1858 2365 1955 2415 ubi
1994 2364 2241 2415 Nitzsch.
2290 2379 2481 2414 vocem
2512 2353 2791 2429 ἁρμονίαι

1697 2441 1847 2485 recte
1904 2432 2193 2498 intelligit.
2241 2433 2323 2483 die
2371 2434 2547 2498 Fuqen
2598 2434 2689 2485 des
2736 2438 2791 2485 in

1697 2504 1945 2555 einander
1956 2512 2233 2568 qepaseten
2262 2502 2480 2563 Holzer,
2516 2502 2626 2553 elia
2653 2519 2791 2569 quo-

1698 2589 1801 2637 que
1848 2571 2099 2623 efferens.
2170 2572 2362 2635 Neque
2406 2570 2567 2622 aliter
2618 2573 2789 2624 etiam

1696 2641 1966 2693 intellexit
1997 2639 2263 2692 Rosellini
2296 2639 2335 2690 l.
2354 2638 2392 2691 l.
2424 2642 2503 2691 sic
2528 2641 2791 2693 reddens:

1701 2712 1790 2774 „le
1804 2725 2166 2761 commessure
2178 2711 2577 2761 internamente
2600 2713 2789 2777 insep-

1700 2796 1842 2844 pano
1880 2780 1936 2829 di
1960 2778 2149 2829 biblo“
2156 2816 2170 2841 ‚
2211 2778 2474 2843 additque
2493 2780 2658 2832 vilius
2693 2782 2791 2847 by-

1649 2860 1655 2865 ·
1700 2849 1779 2900 bli
1814 2865 1859 2899 s.
1900 2849 2093 2913 papyri
2130 2863 2303 2913 genus
2348 2848 2439 2900 hic
2485 2865 2606 2901 esse
2640 2852 2791 2917 cogi-

1699 2918 1944 2979 tandum,
1982 2933 2047 2967 ex
2084 2933 2189 2982 quo
2210 2915 2398 2968 eodem
2434 2919 2577 2980 vela,
2614 2934 2788 2983 erma,

1697 2993 1911 3051 vestes,
1948 2985 2020 3036 ali
2025 3002 2059 3036 a
2093 2991 2413 3050 comparata
2448 2987 2666 3038 fuerint.
2698 2958 2794 3052 ἐμ·

1697 3053 1960 3106 πακτοῦν
2014 3055 2336 3106 inferciendi
2383 3060 2439 3106 et
2494 3057 2790 3107 obtul-andi

1697 3126 1922 3176 notione
1957 3124 2173 3175 obvium
2220 3140 2435 3190 quoque
2480 3125 2625 3207 apud
2669 3126 2791 3204 Ari

1697 3195 1952 3260 stophen.
1990 3194 2155 3258 Vesp.
2191 3194 2318 3253 128,
2362 3194 2456 3244 ubi
2490 3186 2791 3244 κάπακτώ-

1697 3277 1873 3327 σαμεν
1919 3262 2195 3342 explicent
2238 3231 2488 3313 Scholia.
2536 3256 2788 3328 ἐφράξα-

1695 3348 1827 3397 μεν,
1884 3321 2304 3395 ἕπληρωσαμεν.
2398 3332 2557 3382 Conf.
2619 3333 2787 3384 etism

1696 3401 1938 3452 Lobeck.
1976 3400 2046 3451 ad
2087 3400 2343 3465 Sophocl.
2373 3401 2526 3452 Aiec.
2568 3401 2691 3455 579.
2729 3419 2784 3466 p.

1697 3471 1820 3522 287.
1859 3469 2186 3520 Wilkinson.
2224 3470 2263 3520 1.
2300 3470 2338 3521 l.
2376 3470 2480 3520 ΠΙ.
2521 3485 2650 3535 pag.
2684 3472 2787 3523 188

1696 3541 1875 3590 minus
1893 3545 2148 3589 accurate
2164 3538 2427 3589 reddidit:
2452 3539 2585 3601 „the
2610 3538 2789 3591 whole

1694 3611 1742 3659 is
1781 3608 1965 3658 bound
1997 3608 2189 3658 within
2233 3607 2483 3672 bybends
2522 3607 2586 3658 of
2621 3623 2791 3673 pepy-

1695 3677 2217 3739 rus“‚La1-cherum
2262 3678 2495 3728 forsitan
2546 3684 2788 3740 secutus,

1697 3748 1803 3814 qui
1830 3715 1965 3797 haec
1999 3748 2081 3796 its.
2112 3748 2410 3811 expressit·
2444 3749 2513 3797 ils
2538 3748 2792 3811 effervuis-

1696 3824 1811 3867 sent
1847 3833 1907 3867 en
1949 3817 2145 3867 dedans
2192 3824 2271 3866 cet
2313 3817 2624 3881 memblaye
2666 3833 2791 3867 avec

1698 3887 1790 3935 des
1824 3889 1949 3936 licus·
1985 3886 2048 3935 de
2088 3886 2291 3950 byblum,
2333 3901 2453 3935 cum
2491 3885 2659 3936 verbo
2697 3875 2788 3947 ἔμ-

1698 3952 1956 4003 πακτοῦν
1998 3970 2106 4005 ιιοιι
2149 3955 2455 4018 ιἠῙενᾶεηᾰί
2496 3955 2570 4004 sit
2614 3956 2788 4013 notio,

1699 4023 1796 4073 sed
1826 4024 2167 4086 confirmandi,
2203 4025 2570 4088 compinqendt}
2606 4024 2787 4088 prouti

1700 4092 2023 4142 Eustethius
2077 4097 2323 4143 nostrum
2372 4092 2552 4144 locum
2601 4092 2789 4157 citans

1701 4160 1772 4210 ad
1820 4160 2019 4225 Odyss.
2073 4162 2114 4213 1.
2162 4160 2199 4212 1.
2250 4163 2644 4227 interpretatur
2689 4177 2791 4210 τια-

1698 4228 2154 4293 τασφαλίζονται.
2244 4231 2414 4281 Addit
2458 4230 2787 4290 Lat-chorus.

1699 4299 1992 4349 etiamnum
2027 4299 2235 4349 Arabes
2257 4300 2420 4350 simili
2438 4300 2786 4365 navigiorum

1698 4383 1987 4432 parvorum
2021 4384 2218 4433 genere
2248 4369 2360 4432 uti,
2406 4368 2548 4435 quod
2587 4368 2790 4422 erankt's
