3109 5092
406 346 529 408 548

406 528 743 609 γυπτίοισι
788 526 926 590 αἰεί
956 548 1106 592 κοτε
1140 518 1220 592 τὰ
1260 517 1603 610 οὐνόματά
1639 524 1780 590 ἐστι
1822 515 1899 589 ἐν
1929 524 2012 609 τῇ
2043 521 2249 608 χώρῃ.

1263 346 1804 410 ΗΕΒΟΒΟΤΙ

2346 519 2518 606 λέγω
2555 515 2677 608 δὴ,

404 623 486 693 τὰ
519 627 788 711 λέγουσι
812 621 1004 696 αὐτοὶ
1027 625 1410 712 Αἰγύπτιοι.
1488 630 1629 694 τῶν
1669 624 1744 694 δὲ
1783 619 1866 691 οὔ
1901 642 2068 710 φασι
2094 626 2283 692 θεῶν
2315 620 2678 708 γινώσκειν

403 725 485 797 τὰ
524 725 897 817 οὐνόματα,
940 718 1125 799 οὗτοι
1173 731 1256 799 δέ
1283 756 1394 817 μοι
1439 729 1751 798 δοκέουσι
1788 721 1922 795 ὑπὸ
1964 730 2340 812 Πελασγῶν
2382 722 2672 814 οὔνομα-

402 836 686 920 σθῆναι,
739 830 917 920 πλὴν
969 836 1448 912 Ποσειδέωνος.
1531 836 1774 900 τοῦτον
1827 829 1902 899 δὲ
1943 827 2075 900 τὸν
2107 827 2279 899 θεὸν
2320 826 2503 919 παρὰ
2548 837 2668 898 Λι-

401 933 593 1022 βύων
620 931 977 1006 ἐπύθοντο.
1050 932 1335 1024 οὐδαμοὶ
1363 932 1494 1023 γὰρ
1520 931 1636 1004 ἀπ’
1683 931 1888 1022 ἀρχῆς
1919 934 2385 1011 Ποσειδέωνος
2419 929 2673 1019 οὔνομα

404 1043 746 1126 ἔκτηνται,
796 1044 860 1106 εἰ
904 1037 994 1127 μὴ
1040 1047 1324 1127 Λίβυες·
1374 1039 1486 1107 καὶ
1532 1040 1806 1126 τιμέωσι
1850 1034 1970 1106 τὸν
2015 1033 2186 1107 θεὸν
2229 1039 2475 1105 τοῦτον
2517 1040 2670 1103 αἰεί.

310 1148 382 1207 51
405 1148 746 1230 νομίζουσι
786 1138 853 1209 δ’
888 1132 985 1212 ὦν
1017 1141 1379 1229 Αἰγύπτιοι
1415 1137 1565 1210 οὐδ’
1605 1137 1817 1230 ἥρωσι
1846 1136 2071 1210 οὐδέν.
2143 1143 2367 1208 Ταῦτα
2397 1140 2674 1226 μέννυν

402 1343 561 1405 posui
581 1342 638 1390 in
662 1339 879 1392 Annall.
913 1340 1297 1407 Heidelbergg.
1331 1341 1483 1392 1821.

401 1426 484 1460 nr.
521 1410 604 1460 60.
645 1425 698 1475 p.
733 1409 855 1471 947,
888 1410 944 1459 in
981 1411 1176 1475 quibus
1212 1426 1355 1461 nuno
1393 1426 1484 1460 ac-

439 1480 681 1529 uiescere
741 1478 943 1530 malim.
994 1507 1064 1515 —
1113 1479 1198 1529 Ad
1255 1479 1482 1530 formam

453 1545 626 1612 ἐμιος,
651 1563 790 1615 ‘luae
817 1547 934 1598 sola
961 1553 1045 1598 est
1067 1548 1396 1612 Herodotea‚
1421 1553 1483 1599 ut

400 1618 447 1680 1,
482 1617 583 1668 207
623 1610 935 1681 Τομύριος,
973 1620 1118 1669 conf.
1154 1618 1390 1671 Bredov,
1467 1656 1481 1669 .

401 1686 522 1739 268.
586 1687 767 1737 Verba
791 1684 904 1736 τῶν
932 1678 1117 1736 ἄλλων
1141 1685 1301 1737 θεῶν
1327 1719 1399 1728 --
1449 1704 1482 1737 ν

397 1753 470 1822 τῇ
509 1747 665 1822 χαίρῃ
715 1756 929 1807 valent:
979 1755 1309 1823 reliquorum
1359 1758 1482 1808 deo·

401 1840 517 1874 rum
554 1825 775 1877 nomina
809 1826 878 1877 ab
913 1827 1056 1876 omni
1093 1828 1208 1877 sere
1244 1833 1484 1893 tempore

397 1896 684 1961 Aegyptiis
716 1895 775 1945 in
798 1901 944 1946 terra
973 1897 1245 1947 exsistunt
1275 1895 1341 1961 (s.
1381 1898 1484 1947 Ae-

399 1966 711 2029 gyptiorum
758 1966 812 2014 in
869 1971 1018 2016 terra
1062 1967 1388 2018 exstiterunt
1436 1981 1481 2017 s.

399 2034 791 2097 obtinuerunt).

470 2091 632 2151 οὗτοι
678 2099 752 2151 δέ
797 2117 894 2166 μοι
930 2100 1196 2153 δοκέουσι
1232 2119 1284 2153 κ.
1323 2119 1370 2153 τ.
1409 2103 1483 2169 1.]

399 2170 685 2235 Repetitur
721 2164 784 2220 δὲ
820 2187 887 2221 ee
921 2173 1161 2235 ratione,
1201 2188 1362 2239 quam
1397 2188 1484 2223 su-

400 2255 500 2304 pra
516 2238 587 2290 ad
609 2239 684 2302 ΙΙ,
710 2241 778 2289 42
797 2240 1174 2292 indicavimus.
1244 2242 1311 2292 In
1329 2257 1479 2308 seqq.

401 2309 527 2358 dedi
553 2324 676 2359 cum
693 2315 921 2360 recentt.
955 2309 1076 2360 edd.
1100 2325 1130 2359 o
1146 2300 1481 2375 ὀνομασθῆ-

399 2393 494 2427 ναι
529 2394 624 2443 pro
662 2371 1082 2443 ὀνομασθῆναι.

469 2440 618 2511 πλὴν
657 2444 1048 2507 Ποσειδέωνος
1084 2463 1135 2499 κ.
1171 2465 1222 2503 τ.
1258 2447 1332 2515 L]
1376 2450 1479 2500 Ne-

396 2523 626 2583 ptunum
674 2518 975 2584 Aegyptios
1023 2525 1311 2570 veneratos
1359 2535 1481 2569 esee

397 2587 617 2637 minime
651 2586 934 2653 probabile
980 2595 1094 2652 est,
1145 2605 1266 2640 cum
1310 2604 1476 2651 mare,

399 2661 461 2706 ut
490 2656 852 2722 Typhonium‚
884 2658 1114 2711 oderint.
1175 2659 1341 2709 Cuius
1368 2658 1480 2709 odii

397 2742 594 2776 causas
647 2727 979 2793 investigare
1025 2728 1183 2779 huius
1229 2728 1334 2779 loci
1370 2744 1480 2779 non

397 2801 500 2846 est.
575 2796 683 2846 Sed
729 2796 950 2848 accolae
989 2802 1179 2862 gentes
1217 2798 1477 2862 Libycae,

397 2861 620 2913 multum
661 2880 757 2929 per
792 2868 965 2916 maria
998 2867 1272 2931 palantes,
1319 2867 1479 2918 deum

397 2933 561 2982 maris
619 2933 852 2984 coluisse
915 2935 1260 3001 eiusdemque
1319 2952 1477 2986 sacra

394 3000 464 3050 ad
498 3000 639 3050 alias
663 3001 912 3052 nationes
933 3004 1185 3054 attulisse
1208 3005 1479 3056 videntur.

399 3070 485 3120 Tu
521 3069 633 3120 vid.
671 3069 923 3124 Creuzer.
960 3072 998 3123 l.
1035 3071 1073 3124 1.
1111 3073 1216 3123 ΙΠ.
1263 3090 1315 3138 p.
1353 3073 1387 3125 9
1425 3081 1479 3125 et

396 3139 499 3189 258
542 3154 712 3204 seqq„
762 3141 857 3205 qui
905 3156 1049 3191 nunc
1094 3142 1164 3191 ad
1210 3143 1479 3194 Herodoti

398 3206 575 3258 locum
623 3208 862 3260 conferri
894 3210 1013 3260 vult
1051 3211 1196 3261 infra
1241 3212 1336 3275 IV,
1377 3212 1478 3264 188

398 3276 525 3328 coll.
562 3279 818 3329 Eustath.
855 3279 926 3330 acl
949 3281 1169 3331 Homer.
1199 3280 1399 3346 odyss.
1430 3284 1477 3346 1,

397 3347 482 3398 25.
518 3364 570 3414 p.
615 3347 697 3412 13,
724 3348 795 3400 46
823 3349 910 3402 ed.
929 3351 1057 3400 Bas.
1080 3355 1135 3400 et
1159 3349 1475 3416 Apollodor.

396 3417 503 3480 111,
544 3419 627 3482 15,
655 3421 706 3480 4,
731 3419 825 3470 ubi
849 3419 959 3470 vid.
992 3421 1196 3486 Heynii
1220 3421 1472 3475 obserVV.

394 3502 449 3552 p.
483 3487 605 3539 338.
680 3489 822 3539 Add.
863 3490 1038 3540 Roeth
1082 3491 1119 3542 1.
1156 3490 1194 3542 1.
1232 3496 1370 3543 nott.
1418 3509 1474 3557 p.

395 3557 497 3608 202
533 3563 590 3608 et
613 3573 751 3623 quae
788 3559 855 3609 de
880 3560 1129 3625 Neptuno
1152 3559 1322 3612 tradit
1343 3562 1476 3612 Ger-

392 3625 547 3680 hard:
563 3628 778 3679 Griech.
795 3629 1099 3696 Mytholog.
1117 3630 1168 3693 ξ.
1186 3630 1283 3682 231
1302 3646 1474 3697 seqq„

393 3710 567 3778 rio-noe
600 3698 795 3762 Libya,
832 3699 927 3749 sed
959 3715 989 3750 e
1014 3699 1176 3751 Caria
1208 3699 1297 3751 dei
1318 3700 1477 3751 huius

388 3779 667 3898 3¹:335&
697 3773 1073 3902 ‘38⁰‘13¹3⁸44†
1081 3770 1477 3891 ὥῗηῗῗὲἓέ

391 3916 425 3950 a
471 3902 753 3954 Dindorfio
796 3912 1061 3959 mutatum
1100 3909 1157 3959 in
1228 3903 1471 3973 κτέαται,

391 3983 531 4035 quae
577 3972 753 4023 forma.
795 3974 919 4025 aliis
966 3992 1098 4028 sane
1146 3977 1281 4030 locis
1327 3979 1472 4028 exhi-

389 4039 547 4089 betur
581 4055 615 4089 α.
649 4042 918 4095 Bredovio
962 4047 1205 4098 collectis
1251 4064 1303 4114 p.
1348 4048 1469 4100 329.

389 4107 511 4157 Hoc
542 4115 724 4160 autem
767 4111 887 4162 loco
934 4114 1215 4181 alteroque
1263 4117 1352 4180 11,
1399 4121 1470 4170 44

387 4190 421 4227 a
444 4176 670 4243 vulg-ata
693 4179 868 4231 forme
894 4197 1004 4232 non
1037 4187 1297 4237 recedunt
1325 4186 1469 4251 libri,

388 4261 549 4311 quam
582 4253 645 4298 ut
685 4255 977 4313 mutarem,
1026 4253 1175 4304 nulla
1215 4257 1469 4321 apparuit

387 4315 533 4366 iusta
556 4333 744 4371 causa.
803 4320 1020 4386 Reliqui
1047 4323 1212 4374 etiem
1236 4325 1292 4374 in
1312 4341 1463 4391 seqq.

371 4382 637 4455 πιμέωσι,
686 4389 840 4440 cuius
877 4389 998 4443 loco
1044 4406 1184 4444 unus
1218 4393 1351 4445 liber
1388 4409 1467 4444 u-

1586 1337 1761 1404 μῶσι,
1810 1355 1845 1389 a
1878 1338 2151 1392 Bredovio
2183 1354 2312 1407 pag.
2349 1337 2476 1402 386,
2518 1354 2674 1405 quem

1589 1409 1834 1475 sequitur
1879 1408 2133 1474 Dindorf‚
2177 1412 2447 1459 mutatum
2491 1409 2550 1458 in
2593 1422 2673 1456 τι-

1585 1475 1811 1544 μέουσις
1855 1478 1997 1528 hanc
2042 1479 2184 1529 enim
2231 1478 2457 1528 formem
2500 1477 2673 1529 solam

1586 1547 1952 1598 Herodoteem
1983 1562 2103 1599 esse
2139 1547 2351 1599 volunt.

1658 1615 1949 1680 νομίζουσι
1981 1608 2039 1665 δ’
2086 1605 2169 1667 ὦν
2204 1609 2502 1681 Αἰγύπτιοι
2538 1605 2669 1665 οὐδ’

1582 1675 1765 1750 ἥρωσι
1800 1677 1996 1751 οὐδέν]
2036 1688 2075 1738 i.
2098 1702 2146 1738 e.
2178 1703 2344 1752 porro
2367 1701 2459 1736 nec
2487 1686 2672 1736 heroas

1584 1757 1687 1805 ullo
1716 1757 1852 1806 cultu
1876 1764 2250 1821 prosequuntur
2271 1756 2527 1822 Aeqypcii.
2582 1755 2671 1804 lta

1588 1824 1887 1876 Creuzerus
1930 1826 1987 1874 in
2027 1826 2327 1876 Comment.
2372 1825 2576 1877 Herod.
2613 1839 2667 1889 p.

1587 1895 1708 1956 205,
1743 1895 1838 1945 ubi
1872 1894 1977 1944 hoc
2023 1896 2205 1945 addit:
2254 1910 2401 1960 „quo
2447 1893 2514 1943 de
2548 1894 2668 1944 loco

1588 1963 1718 2029 quid
1751 1963 1849 2013 alii
1882 1964 2203 2028 iudicarint,
2242 1969 2305 2014 ut
2341 1963 2667 2014 Meinersius

1585 2032 1645 2082 in
1681 2032 1820 2084 libro
1855 2048 2073 2085 vernae.
2120 2033 2312 2086 histor.
2353 2034 2474 2083 crit.
2523 2048 2666 2083 omn.

1586 2102 1782 2169 religg.
1823 2102 1868 2165 1,
1906 2120 1958 2168 p.
1992 2103 2113 2166 327,
2151 2101 2398 2154 consulto
2433 2108 2673 2167 praeter-

1588 2172 1763 2224 mitto.
1835 2170 1979 2222 Illud
2021 2173 2267 2238 inprimis
2312 2173 2487 2222 teneri
2522 2171 2667 2233 volo,

1589 2241 1732 2305 quod
1779 2242 1886 2306 ipsi
1922 2243 2236 2293 sacerdotes
2284 2241 2542 2292 historico
2593 2240 2671 2289 di·

1584 2316 1730 2361 serte
1766 2310 2074 2375 declarant,
2112 2328 2169 2362 se
2204 2302 2397 2376 ἥρωας
2433 2312 2551 2360 sive
2586 2325 2669 2360 se·

1583 2381 1770 2431 mideos
1802 2382 1853 2430 in
1894 2384 2001 2432 suis
2033 2384 2201 2431 saeris
2242 2397 2340 2430 ηοπ
2371 2393 2667 2446 agnoscere.

1582 2450 1793 2515 Zoegs,
1832 2450 1924 2514 qui
1957 2450 2125 2515 probe
2173 2450 2427 2513 sentiret,
2478 2465 2667 2515 parum

1583 2519 1768 2569 favere
1788 2520 1891 2570 hoc
1912 2520 2277 2570 testimonium
2291 2535 2424 2571 suae
2444 2520 2663 2580 rationi,

1580 2589 1663 2638 ita
1697 2590 1864 2639 vertit
1911 2588 2008 2656 (de
2054 2589 2307 2640 obelisco.
2342 2605 2469 2654 pag.
2509 2588 2663 2653 302):

1582 2658 1846 2724 ,‚,‚Neque
1891 2659 2126 2709 heroibus
2173 2660 2512 2723 defunctis
2557 2658 2663 2708 Ae-

1575 2730 1741 2794 qyptii
1764 2729 1958 2794 aliquid
1971 2729 2162 2793 offerre
2187 2729 2612 2779 consueverant-⁴⁴
2626 2730 2659 2754 “

1582 2797 1817 2859 (Statuit
1839 2798 1982 2848 enim
2014 2799 2100 2848 vir
2123 2798 2332 2860 doctus,
2363 2798 2661 2863 Aegyptios

1579 2868 1760 2931 prisco
1793 2882 1932 2917 aevo
1958 2867 2103 2918 haud
2137 2867 2296 2918 aliter
2329 2882 2397 2917 ac
2425 2866 2662 2931 reliquas

1582 2937 1697 2986 sere
1734 2942 1923 3002 gentes
1952 2937 2166 2988 inferiis
2190 2942 2508 3002 prosecutos
2544 2950 2664 2986 esse

1581 3005 1871 3058 defunctos
1885 3007 2372 3072 documentumque
2382 3005 2540 3056 huius
2555 3020 2666 3055 mo-

1581 3075 1656 3124 ris
1695 3077 1894 3141 repetit
1942 3091 2008 3126 ex
2044 3075 2260 3128 Osiridis
2293 3075 2662 3140 religionibus,

1582 3159 1743 3209 quem
1774 3161 1940 3212 regem
1964 3146 2215 3210 primitus
2240 3145 2521 3196 Philemem
2538 3150 2664 3209 post

1582 3220 1809 3265 mortem
1858 3220 2018 3281 grata
2072 3215 2345 3266 hominum
2404 3215 2664 3265 memoria

1581 3284 1653 3334 ad
1690 3284 1819 3336 deos
1865 3290 2112 3336 evectum
2157 3301 2276 3336 esse
2312 3283 2517 3350 putat.)
2555 3284 2663 3334 He·

1577 3352 1803 3404 rodotus
1838 3359 2020 3405 autem
2069 3355 2137 3405 de
2170 3358 2372 3405 mortuis
2416 3353 2470 3405 h.
2509 3354 2546 3405 l.
2584 3352 2662 3402 nil

1578 3420 1844 3489 loquitur,
1885 3423 1980 3475 sed
2015 3429 2366 3491 posteaquam
2402 3422 2531 3473 deos
2567 3437 2660 3487 po·

1576 3493 1711 3556 suit,
1762 3508 1898 3558 quos
1933 3493 2127 3545 Graeci
2172 3493 2263 3544 vel
2306 3508 2374 3545 ex
2408 3495 2657 3559 Aegypto

1576 3561 1666 3612 vel
1692 3562 1912 3613 aliunde
1948 3564 2310 3627 adsciverint,
2345 3562 2658 3626 simpliciter

1577 3631 1768 3682 adiicit
1821 3632 1940 3682 illa:
2006 3633 2299 3696 „Her-vibus
2355 3632 2479 3681 nihil
2519 3633 2661 3682 sacri

1576 3703 1736 3752 culum
1772 3702 1996 3754 tribuunt
2026 3700 2326 3768 Aeqyptii,“
2359 3701 2659 3767 respiciens

1576 3770 1649 3820 ad
1699 3771 1964 3833 Graecos,
2023 3787 2057 3822 a
2102 3772 2297 3838 quibus
2351 3770 2454 3821 hac
2498 3771 2555 3820 in
2599 3785 2659 3820 re

1575 3840 1807 3890 maxime
1865 3840 2118 3891 differant
2175 3840 2451 3907 Aegyptii.
2542 3841 2657 3891 Nec

1573 3907 1740 3961 aliam
1768 3924 1902 3961 sane
1926 3910 2425 3976 interpretationem
2442 3910 2659 3974 permit·

1574 3982 1697 4029 tunt
1723 3980 1932 4030 Graeca
1964 3980 2246 4045 scriptoris
2272 3980 2447 4029 nostri
2468 3980 2654 4042 verbe,

1572 4049 1629 4097 in
1650 4049 1845 4113 quibus
1859 4049 2103 4100 dativum
2123 4050 2472 4101 observamus
2491 4049 2657 4099 verbo

1575 4117 1823 4181 νομίζειν
1858 4118 2131 4181 additum,
2175 4125 2239 4170 ut
2273 4133 2440 4183 supra
2474 4118 2551 4180 ΙΙ,
2587 4120 2655 4170 42

1572 4192 1628 4236 et
1654 4187 1799 4253 apud
1826 4188 2126 4253 Thucydid.
2167 4188 2241 4251 11,
2281 4187 2365 4250 38,
2402 4188 2497 4238 ubi
2531 4203 2656 4238 con·

1570 4255 1674 4308 sul.
1713 4257 2020 4321 interprett.
2069 4262 2124 4308 et
2166 4258 2353 4323 Vigor.
2400 4255 2468 4306 de
2517 4257 2655 4306 idio-

1570 4326 1712 4375 tism.
1736 4342 1861 4391 pag.
1895 4327 2017 4378 267.
2087 4328 2171 4376 De
2203 4330 2521 4392 argumento
2549 4325 2657 4376 loci

1567 4395 1715 4446 conf.
1765 4396 1930 4446 etism
1968 4395 2219 4448 Creuzer.
2266 4394 2509 4461 Symbol.
2543 4395 2652 4452 ΙΙΙ.
