3109 5092
450 351 575 414 372

1309 352 1850 415 HERODOTI

449 528 817 615 βασιλέων,
862 520 1034 605 ὅκως
1070 552 1170 605 τις
1201 527 1427 596 ἐθέλοι
1458 529 1531 595 ἐκ
1572 531 1693 595 τοῦ
1724 527 1955 614 ἑτέρου
1987 522 2277 614 φάρσεος
2307 526 2374 604 ἐς
2401 518 2724 612 τοῦτερον

451 634 800 718 διαβῆναι,
856 635 1025 720 χρῆν
1072 636 1282 722 πλοίῳ
1336 636 1736 719 διαβαίνειν.
1827 629 1940 696 καὶ
1990 619 2110 716 ἦν,
2167 623 2257 708 ὥς
2303 623 2437 714 ἐγώ
2482 631 2719 712 δοκέω,

449 728 737 820 ὀχληρὸν
760 738 976 803 τοῦτο.
1031 730 1200 821 αὕτη
1233 733 1307 802 δὲ
1335 735 1449 802 καὶ
1477 738 1675 802 τοῦτο
1704 737 1976 820 προεῖδε
1998 753 2012 768 ·
2063 733 2209 800 ἐπεί
2239 758 2311 800 τε
2337 729 2468 820 γὰρ
2497 728 2720 819 ὤρυσ-

450 858 526 904 σε
555 833 631 903 τὸ
659 840 941 926 ἔλυτρον
970 842 1051 926 τῇ
1078 842 1279 925 λίμνῃ
1296 888 1314 921 ,
1361 836 1798 926 μνημόσυνον
1833 834 1987 904 τόδε
2015 830 2177 904 ἄλλο
2204 831 2335 904 άπὸ
2361 839 2482 904 τοῦ
2512 830 2723 904 αὐτοῦ

451 944 654 1026 ἔργου
681 941 965 1009 ἐλίπετο.
1037 938 1353 1028 ἐτάμνετο
1382 947 1623 1020 λίθους
1654 928 2090 1028 περιμήκεας·
2147 931 2236 1017 ὥς
2265 940 2347 1006 δέ
2367 942 2433 1007 οἱ
2460 928 2633 1025 ἦσαν
2660 940 2730 1005 os

451 1048 635 1111 λίθοι
668 1042 949 1131 ἑτοῖμοι,
985 1044 1098 1112 καὶ
1140 1040 1214 1111 τὸ
1260 1050 1509 1132 χωρίον
1534 1040 1916 1131 ὀρώρυκτο,
1962 1044 2337 1129 ἐκτρέψασα
2366 1046 2489 1110 τοῦ
2515 1066 2720 1109 ποτα-

450 1149 582 1233 μοῦ
618 1141 693 1211 τὸ
733 1148 1022 1236 ῥέεθρον
1058 1151 1230 1230 πᾶν,
1278 1149 1344 1227 ἐς
1381 1144 1456 1214 τὰ
1500 1143 1764 1235 ὤρυσσε
1806 1151 2087 1233 χωρίον,
2128 1146 2204 1214 ἐν
2246 1133 2299 1237 ᾧ
2348 1145 2724 1232 ἐπίμπλατο

451 1253 685 1331 τοῦτο,
727 1251 803 1318 ἐν
840 1247 1056 1341 τούτω
1095 1246 1644 1338 ἀπεξηρασμένου
1687 1253 1808 1318 τοῦ
1835 1244 2118 1335 άρχαίου
2154 1249 2484 1337 ῥεέθρου,
2524 1251 2723 1315 τοῦτο

451 1351 579 1439 μὲν
610 1349 690 1419 τὰ
716 1358 940 1438 χείλεα
964 1357 1085 1421 τοῦ
1113 1357 1412 1442 ποταμοῦ
1439 1350 1608 1422 κατὰ
1635 1349 1761 1442 τὴν
1789 1351 1988 1422 πόλιν
2015 1352 2126 1420 καὶ
2152 1348 2267 1430 τὰς
2294 1348 2720 1438 καταβάσιας,

449 1452 567 1533 τὰς
606 1455 679 1522 ἐκ
720 1460 858 1523 τῶν
897 1461 1209 1525 πυλίδων
1248 1459 1317 1536 ἐς
1350 1454 1469 1526 τὸν
1497 1453 1794 1544 ποταμὸν
1821 1453 2193 1544 φερούσας,
2236 1450 2722 1542 ἀνοικοδόμησε

454 1562 804 1627 πλίνθοισι
845 1554 1085 1648 ὀπτῇσι
1124 1557 1292 1628 κατά
1327 1557 1445 1629 τὸν
1492 1556 1702 1628 αὐτὸν
1738 1558 1941 1645 λόγον
1979 1562 2073 1652 τῷ
2114 1564 2350 1645 τείχεϊ·
2405 1562 2604 1633 τοῦτο
2646 1557 2721 1626 δὲ

452 1658 620 1729 κατὰ
645 1663 856 1749 μέσην
881 1689 1007 1731 κου
1037 1661 1321 1750 μάλιστα
1348 1660 1470 1751 τὴν
1498 1662 1698 1732 πόλιν
1722 1677 1893 1732 τοῖσι
1922 1668 2201 1747 λίθοισι,
2220 1658 2377 1741 τούς
2403 1657 2724 1749 ὠρύξατο,

452 1764 797 1853 οἰκοδόμεε
826 1767 1157 1857 γέφυραν,
1175 1769 1417 1836 δέουσα
1442 1765 1600 1846 τοὺς
1618 1772 1856 1845 λίθους
1884 1762 2139 1857 σιδήρῳ
2162 1791 2235 1833 τε
2263 1766 2374 1832 καὶ
2401 1770 2720 1856 μολίβδῳ.
2741 1778 2813 1831 88

455 1869 867 1938 ἐπιτείνεσκε
898 1868 973 1937 δὲ
1001 1866 1111 1938 ἐπ’
1146 1866 1392 1960 αὐτὴν,
1439 1865 1612 1949 ὅκως
1652 1868 1779 1957 μὲν
1826 1863 2036 1958 ἡμέρη
2065 1870 2361 1954 γένοιτο,
2407 1866 2572 1950 ξύλα
2613 1894 2720 1935 τε-

452 1970 800 2059 τράγωνα,
840 1968 937 2041 ἐπ’
970 1962 1069 2041 ὦν
1107 1971 1232 2062 τὴν
1274 1957 1598 2061 διάβασιιῖ
1619 1974 1968 2042 ἐποιεῦντο
1994 1975 2063 2040 οῖ
2087 1970 2549 2059 Βαβυλώνιοι·
2612 1967 2729 2050 τὰς

456 2184 575 2228 tur:
621 2185 742 2240 post
778 2194 841 2227 ea
877 2179 1069 2244 (opera
1112 2179 1230 2230 scil.
1252 2217 1265 2242 ,
1315 2196 1454 2246 quae
1488 2181 1536 2243 Ι,

458 2249 560 2298 185
604 2246 891 2311 retulerat)
940 2250 1190 2311 perfecta.
1273 2250 1539 2315 Equidem

457 2316 657 2367 malim:
675 2318 841 2366 statim
854 2326 975 2380 pose
990 2320 1083 2368 illa
1096 2319 1351 2382 perfecta.
1377 2319 1536 2370 Cous.

459 2387 526 2436 de
560 2386 963 2450 praepositione
1014 2378 1072 2436 ἐκ
1121 2387 1166 2450 Ι,
1204 2389 1292 2438 86.
1340 2379 1540 2453 πρότε-

460 2469 567 2520 ρον
624 2471 654 2504 ο
702 2454 1015 2506 melioribus
1071 2456 1223 2508 libris
1286 2457 1541 2507 revocavi

457 2540 553 2589 pro
588 2521 907 2590 προτέρων,
948 2525 1090 2592 quod
1127 2542 1192 2576 ex
1215 2526 1412 2577 Aldina
1445 2527 1540 2576 flu-

458 2596 564 2655 xitt,
604 2594 677 2645 ef.
717 2594 790 2656 ΙΙ,
840 2594 958 2646 141.
995 2623 1066 2632 -
1100 2597 1164 2646 In
1204 2613 1355 2662 seqq.
1397 2588 1540 2658 ὀρώ-

459 2677 631 2746 ρυκτο
675 2663 820 2714 conf.
877 2670 1017 2716 nott.
1075 2666 1145 2716 ad
1191 2667 1239 2730 Ι,
1294 2665 1424 2724 185,·
1470 2665 1540 2715 ad

457 2733 865 2811 ετοῐμοςροιιΐ.
901 2736 949 2796 Ι,
979 2736 1072 2813 ’10.
1117 2792 1142 2812 u
1302 2794 1316 2814 ,
1375 2794 1388 2812 ἱ
1518 2799 1541 2811 ..

458 2801 1542 2938 ...ξὲἔέμὲἕὲἔὲἬὲἒέωἶλλῧῧῗοέιῗεῖ

459 2932 575 2989 ἀπὸ
608 2938 711 2989 τοῦ
748 2933 926 2991 αὐτοῦ
962 2937 1131 3006 ἔργου
1168 2957 1266 3005 pro
1306 2941 1541 3006 simplici

460 3009 704 3074 genitivo
728 3012 966 3074 positum
990 3011 1287 3076 explicare:
1327 3012 1543 3061 eiusdem

460 3081 631 3142 operis
653 3088 1019 3130 monumentum,
1075 3079 1293 3141 Malim,
1328 3079 1398 3128 ad
1424 3095 1543 3144 pro·

464 3149 637 3213 priam
673 3163 739 3198 ac
775 3150 1019 3199 nativam
1064 3148 1225 3198 huius
1267 3149 1543 3213 praeposi-

459 3217 627 3266 tionis
647 3217 756 3266 vim
775 3219 1099 3283 respiciens:
1125 3235 1195 3268 ex
1216 3219 1367 3268 simili
1383 3233 1545 3281 opera

456 3287 757 3352 mercem,
795 3289 1044 3353 effectum,-
1076 3287 1218 3353 quod
1241 3287 1452 3337 scilieet
1476 3288 1546 3337 si-

462 3356 577 3405 mili
637 3372 802 3421 opera
865 3358 1173 3408 confectum
1237 3362 1322 3406 est
1381 3361 1545 3422 atque

461 3425 627 3488 illud,
664 3428 810 3491 quod
847 3428 995 3478 circa
1038 3428 1217 3477 lacum
1256 3426 1421 3475 istum
1458 3444 1546 3477 ex-

462 3500 732 3546 structum
762 3502 880 3548 erat
916 3497 985 3548 ab
1021 3497 1207 3547 eadem
1243 3497 1448 3562 regina,
1486 3501 1549 3546 ut

463 3582 585 3631 cap.
621 3567 967 3618 antecedenti
1013 3572 1384 3617 enarraverat.
1458 3567 1546 3618 cf.

498 3675 512 3701 ⁹
532 3695 594 3753 ἐν
629 3691 673 3772 ᾦ
700 3696 1040 3769 ἐπίμπλατο]
1070 3705 1273 3769 Recepi
1299 3690 1362 3772 ᾧ,
1402 3704 1546 3769 quod

462 3774 682 3838 plurimi
739 3780 795 3824 et
853 3775 1043 3840 optimi
1100 3775 1351 3825 ferebant
1400 3773 1545 3837 libri,

465 3848 765 3894 commotus
830 3845 995 3893 etiam
1060 3844 1127 3893 iis
1186 3843 1349 3905 locis,
1413 3858 1547 3909 quos

466 3913 664 3963 struve
704 3911 916 3976 attulit,
962 3912 1217 3963 laudatus
1267 3928 1433 3976 supra
1479 3913 1550 3963 ad

466 3981 511 4046 Ι,
561 3981 678 4043 104,
734 3982 828 4031 ubi
875 3981 986 4031 vid.
1032 3981 1211 4048 Vulgo
1260 3986 1442 4032 exstat
1489 3973 1549 4031 ἐν

465 4047 545 4117 τῷ
603 4051 749 4114 quod
784 4050 1128 4101 Gaisfordius
1165 4052 1408 4103 retinuit.

536 4084 596 4168 ἐν
641 4110 824 4184 τούτῳ
872 4110 1360 4184 ἀπεξηρασμένου]
1411 4112 1546 4171 άπε-

466 4183 841 4252 ξηρασμένου,
878 4188 1021 4251 quod
1057 4203 1178 4238 cum
1202 4190 1471 4240 Bredovio
1492 4207 1545 4255 p.

468 4258 571 4308 360
618 4257 779 4306 unice
822 4271 1007 4306 verum
1063 4256 1346 4322 habemus,
1404 4275 1549 4310 nunc

463 4326 581 4376 bini
615 4326 878 4391 praebent
910 4325 1054 4378 libri.
1125 4326 1302 4392 Vulgo
1338 4318 1547 4393 ἀπεξη-

467 4393 738 4461 ραμένου,
786 4391 1035 4460 neglecta
1069 4394 1231 4448 litera
1266 4397 1328 4461 ’3,
1363 4395 1419 4446 in
1462 4397 1547 4447 his

1643 2179 1774 2231 addi
1808 2178 1969 2229 solita
1998 2179 2173 2244 (conf.
2205 2180 2250 2242 Ι,
2282 2178 2425 2242 130),
2462 2184 2561 2230 aut
2586 2169 2728 2228 άπο-

1643 2246 1996 2315 ξηραμένου,
2045 2249 2190 2314 quod
2236 2250 2331 2314 qui
2371 2249 2597 2299 Ionismi
2644 2263 2727 2297 ra-

1641 2320 1792 2369 tione
1817 2319 1959 2369 tueri
1981 2318 2231 2380 voluerit,
2266 2320 2462 2368 merito
2493 2319 2549 2368 in
2575 2320 2732 2368 Butt-

1642 2389 1826 2438 manni
1890 2390 2053 2438 cadet
2133 2387 2600 2452 reprehensionem
2671 2388 2728 2435 in

1646 2458 1882 2509 Gramm.
1946 2458 2041 2509 Gr.
2090 2457 2286 2508 maiori
2343 2459 2387 2509 Ι.
2447 2472 2571 2522 pag.
2625 2456 2729 2506 325

1645 2533 1786 2577 nott.
1803 2526 1887 2579 **.
1982 2526 2140 2577 Conf.
2189 2525 2314 2590 VII,
2371 2526 2487 2577 109.
2539 2553 2605 2562 -—
2661 2526 2728 2576 In

1647 2612 1799 2663 seqq.
1824 2587 2232 2714 άνὲικοδομείν
2250 2597 2355 2646 erit
2381 2594 2726 2714 simplicith:

1641 2683 1826 2716 mur-um
1860 2682 1889 2715 e
1927 2681 2073 2716 acere
2087 2702 2101 2723 ‚
2149 2674 2442 2728 emm-uere,
2494 2680 2603 2715 non
2707 2691 2730 2699 -

1641 2743 1845 2786 seruere
1882 2736 2214 2797 aedificando.
2254 2739 2318 2785 ut
2341 2735 2479 2785 bene
2522 2734 2733 2784 monuit

1641 2805 1968 2870 wesseling.
2040 2804 2429 2869 Intelliguntur
2448 2805 2590 2855 enim
2610 2818 2734 2867 ope·

1643 2889 1730 2936 ra,
1782 2873 1942 2939 puae'
1975 2879 2164 2923 nostra
2218 2879 2403 2924 aetate
2450 2875 2730 2924 dicuntur:

1643 2944 1820 3004 Quai's
1878 2959 1921 2991 s.
1981 2943 2184 2993 Μοίοέ.
2278 2943 2439 2995 Conf.
2493 2945 2729 2993 Heeren.

1644 3013 1812 3063 Ideen
1852 3012 1898 3074 Ι,
1939 3014 1990 3061 2.
2029 3024 2153 3077 pag.
2182 3012 2299 3063 140.
2375 3014 2459 3063 De
2481 3012 2730 3077 neglecto

1643 3086 1934 3146 augmento
1981 3082 2038 3130 in
2078 3081 2263 3131 verbis
2312 3073 2733 3146 ἀνοικοδόμησε

1645 3155 1701 3201 et
1737 3141 2034 3214 οἰκοδόμεε
2065 3151 2209 3201 conf.
2245 3151 2480 3202 Bredov.
2514 3168 2569 3216 p.
2607 3150 2730 3200 311.

1644 3251 1716 3260 —-
1748 3220 1879 3270 Mox
1925 3220 2123 3270 retinui
2161 3217 2464 3288 μολίβδῳ,
2515 3236 2549 3269 a
2595 3219 2734 3270 Bek-

1646 3291 1797 3352 kero‚
1829 3305 1987 3356 quem
2004 3290 2250 3354 sequitur
2267 3290 2491 3340 Dietscli
2507 3327 2521 3352 ,
2549 3295 2736 3339 aucto-

1646 3360 1813 3409 ritate
1848 3358 2228 3408 nonnullorum
2265 3359 2423 3409 codd.
2464 3363 2733 3409 mutatum

1650 3430 1706 3478 in
1741 3420 2062 3494 μολῦβδῳς
2112 3428 2224 3478 vid.
2278 3428 2383 3492 ΙΙΙ,
2433 3428 2500 3478 56
2548 3428 2734 3492 ibique

1651 3501 1792 3549 nott.
1845 3497 2021 3548 Ideler
2079 3498 2150 3547 ad
2194 3497 2477 3549 Aristotel.
2527 3498 2736 3547 Meteo-

1649 3567 1825 3632 rolog.
1851 3567 1945 3628 IV,
1976 3565 2027 3616 8.
2069 3567 2151 3617 10.
2184 3583 2238 3631 p.
2260 3567 2363 3619 500
2386 3566 2509 3617 coll.
2538 3567 2732 3631 2526.

1718 3627 2013 3685 ἐποιεῦντο
2050 3629 2122 3684 οἷ
2154 3627 2525 3702 Βαβυλώνιοι]
2553 3634 2733 3700 Vulgo

1650 3705 1818 3756 edunt
1852 3700 1959 3768 τοὶ,
2001 3704 2146 3770 quod
2190 3704 2294 3755 hoc
2339 3705 2457 3770 ipso
2508 3720 2574 3755 ex
2611 3704 2734 3755 loco

1652 3775 1841 3825 laudat
1892 3774 2093 3826 Matth.
2140 3774 2234 3825 Gr.
2285 3775 2380 3826 Gr.
2428 3790 2555 3840 pag.
2611 3774 2731 3825 139.

1652 3845 1785 3894 Cum
1836 3859 1966 3894 vero
2018 3858 2202 3894 omnes
2257 3843 2384 3894 libri
2439 3843 2737 3909 praebeant

1651 3906 1711 3962 οἰ
1752 3913 2136 3979 insolitamque
2183 3913 2463 3965 Herodoto
2507 3914 2737 3963 sormam

1651 3988 1936 4049 respuant,
1974 3998 2095 4033 cum
2131 3987 2363 4033 recentt.
2402 3982 2558 4033 editt.
2582 3998 2737 4047 repo-

1651 4053 1859 4102 suimus
1906 4046 1981 4101 οἰ.
2063 4053 2190 4103 Vid.
2241 4052 2450 4102 Struvii
2497 4052 2732 4117 Specim.

1653 4123 1878 4184 Quaest.
1936 4121 2138 4173 Herod.
2199 4122 2247 4172 1.
2302 4137 2430 4186 pag.
2491 4123 2557 4173 10
2618 4126 2734 4172 not.

1654 4192 1737 4242 12.
1800 4221 1865 4232 —-
1921 4192 1987 4241 In
2054 4206 2207 4257 seqq.
2278 4189 2404 4244 libri
2479 4191 2736 4241 exhibent

1647 4251 2029 4324 ἀπαίρεσκον,
2076 4277 2112 4311 a
2150 4260 2513 4325 Wesselingio
2559 4265 2736 4310 muta-

1648 4334 1764 4380 tum
1819 4331 1876 4378 in
1925 4321 2331 4392 άπαιρέεσκον,
2382 4345 2416 4379 a
2461 4329 2736 4379 Bredovio

1647 4400 1728 4464 (p.
1770 4398 1870 4451 193
1904 4397 2028 4449 coll.
2068 4398 2193 4465 286)
2232 4398 2289 4448 in
2335 4388 2734 4464 άπαείρεσκον,
