<?xml version="1.0" encoding="UTF-8"?>
<!DOCTYPE html PUBLIC "-//W3C//DTD XHTML 1.0 Transitional//EN"
    "http://www.w3.org/TR/xhtml1/DTD/xhtml1-transitional.dtd">
<html xmlns="http://www.w3.org/1999/xhtml" xml:lang="en" lang="en">
 <head>
  <title>
</title>
<meta http-equiv="Content-Type" content="text/html;charset=utf-8" />
  <meta name='ocr-system' content='tesseract 3.04.00' />
  <meta name='ocr-capabilities' content='ocr_page ocr_carea ocr_par ocr_line ocrx_word'/>
</head>
<body>
  <div class='ocr_page' id='page_1' title='image "./herodotihalicar02unkngoog_0750.png"; bbox 0 0 3109 5092; ppageno 0'>
   <div class='ocr_carea' id='block_1_1' title="bbox 472 235 595 297">
    <p class='ocr_par' dir='ltr' id='par_1_1' title="bbox 472 235 595 297">
     <span class='ocr_line' id='line_1_1' title="bbox 472 235 595 297; baseline 0.008 -1"><span class='ocrx_word' id='word_1_1' title='bbox 472 235 595 297; x_wconf 88' lang='grc'><strong>730</strong></span> 
     </span>
    </p>
   </div>
   <div class='ocr_carea' id='block_1_2' title="bbox 467 408 1783 501">
    <p class='ocr_par' dir='ltr' id='par_1_2' title="bbox 467 408 1783 501">
     <span class='ocr_line' id='line_1_2' title="bbox 467 408 1783 501; baseline -0.002 -20"><span class='ocrx_word' id='word_1_2' title='bbox 467 414 580 482; x_wconf 82' lang='grc' dir='ltr'><strong><em>καὶ</em></strong></span> <span class='ocrx_word' id='word_1_3' title='bbox 628 409 756 499; x_wconf 85' lang='grc' dir='ltr'><strong>τὴν</strong></span> <span class='ocrx_word' id='word_1_4' title='bbox 799 417 972 499; x_wconf 83' lang='grc' dir='ltr'>βοῦν</span> <span class='ocrx_word' id='word_1_5' title='bbox 1002 413 1362 499; x_wconf 78' lang='grc' dir='ltr'><strong><em>ἐκφέρουσι</em></strong></span> <span class='ocrx_word' id='word_1_6' title='bbox 1407 414 1472 491; x_wconf 83' lang='grc' dir='ltr'><strong>ές</strong></span> <span class='ocrx_word' id='word_1_7' title='bbox 1503 408 1578 480; x_wconf 82' lang='grc' dir='ltr'><strong>τὸ</strong></span> <span class='ocrx_word' id='word_1_8' title='bbox 1618 417 1783 501; x_wconf 75' lang='grc' dir='ltr'><strong><em>φῶς.</em></strong></span> 
     </span>
    </p>
   </div>
   <div class='ocr_carea' id='block_1_3' title="bbox 1323 235 1863 298">
    <p class='ocr_par' dir='ltr' id='par_1_3' title="bbox 1323 235 1863 298">
     <span class='ocr_line' id='line_1_3' title="bbox 1323 235 1863 298; baseline -0.002 -1"><span class='ocrx_word' id='word_1_9' title='bbox 1323 235 1863 298; x_wconf 79' lang='lat' dir='ltr'><strong>HERODOTI</strong></span> 
     </span>
    </p>
   </div>
   <div class='ocr_carea' id='block_1_4' title="bbox 1867 408 2755 502">
    <p class='ocr_par' dir='ltr' id='par_1_4' title="bbox 1867 408 2755 502">
     <span class='ocr_line' id='line_1_4' title="bbox 1867 408 2755 502; baseline 0.006 -23"><span class='ocrx_word' id='word_1_10' title='bbox 1867 413 2033 499; x_wconf 81' lang='grc' dir='ltr'><strong><em>φασὶ</em></strong></span> <span class='ocrx_word' id='word_1_11' title='bbox 2073 408 2201 501; x_wconf 74' lang='grc' dir='ltr'><strong><em>γὰρ</em></strong></span> <span class='ocrx_word' id='word_1_12' title='bbox 2231 409 2315 501; x_wconf 77' lang='grc' dir='ltr'><strong><em>δὴ</em></strong></span> <span class='ocrx_word' id='word_1_13' title='bbox 2343 411 2563 502; x_wconf 79' lang='grc' dir='ltr'><strong><em>αὐτὴν</em></strong></span> <span class='ocrx_word' id='word_1_14' title='bbox 2588 421 2755 500; x_wconf 85' lang='grc' dir='ltr'><strong><em>δεη-</em></strong></span> 
     </span>
    </p>
   </div>
   <div class='ocr_carea' id='block_1_5' title="bbox 468 512 2759 609">
    <p class='ocr_par' dir='ltr' id='par_1_5' title="bbox 468 512 2759 609">
     <span class='ocr_line' id='line_1_5' title="bbox 468 512 2759 609; baseline 0 -23"><span class='ocrx_word' id='word_1_15' title='bbox 468 522 678 604; x_wconf 82' lang='grc' dir='ltr'><strong><em>θῆναι</em></strong></span> <span class='ocrx_word' id='word_1_16' title='bbox 712 521 833 582; x_wconf 87' lang='grc' dir='ltr'><strong>τοῦ</strong></span> <span class='ocrx_word' id='word_1_17' title='bbox 860 512 1109 603; x_wconf 78' lang='grc' dir='ltr'><strong><em>πατρὸς</em></strong></span> <span class='ocrx_word' id='word_1_18' title='bbox 1141 523 1545 603; x_wconf 79' lang='grc' dir='ltr'><strong><em>Μυκερίνου</em></strong></span> <span class='ocrx_word' id='word_1_19' title='bbox 1572 512 2181 603; x_wconf 78' lang='grc' dir='ltr'><strong><em>ἀποθνήσκουσαν,</em></strong></span> <span class='ocrx_word' id='word_1_20' title='bbox 2226 520 2303 585; x_wconf 82' lang='grc' dir='ltr'><strong>έν</strong></span> <span class='ocrx_word' id='word_1_21' title='bbox 2329 523 2422 609; x_wconf 78' lang='grc' dir='ltr'><strong>τῷ</strong></span> <span class='ocrx_word' id='word_1_22' title='bbox 2456 521 2759 607; x_wconf 76' lang='grc' dir='ltr'><strong><em>ἐνιαυτῷ</em></strong></span> 
     </span>
    </p>
   </div>
   <div class='ocr_carea' id='block_1_6' title="bbox 337 615 1544 707">
    <p class='ocr_par' dir='ltr' id='par_1_6' title="bbox 337 615 1544 707">
     <span class='ocr_line' id='line_1_6' title="bbox 337 615 1544 707; baseline -0.005 -15"><span class='ocrx_word' id='word_1_23' title='bbox 337 630 453 692; x_wconf 88' lang='grc'><strong>133</strong></span> <span class='ocrx_word' id='word_1_24' title='bbox 469 616 641 701; x_wconf 75' lang='grc' dir='ltr'><strong><em>ἅπαξ</em></strong></span> <span class='ocrx_word' id='word_1_25' title='bbox 686 647 806 707; x_wconf 87' lang='grc' dir='ltr'><strong>μιν</strong></span> <span class='ocrx_word' id='word_1_26' title='bbox 843 617 962 688; x_wconf 84' lang='grc' dir='ltr'><strong>τὸν</strong></span> <span class='ocrx_word' id='word_1_27' title='bbox 991 615 1184 707; x_wconf 78' lang='grc' dir='ltr'><strong><em>ἥλιον</em></strong></span> <span class='ocrx_word' id='word_1_28' title='bbox 1222 624 1544 688; x_wconf 82' lang='grc' dir='ltr'><strong><em>κατιδεῖν.</em></strong></span> 
     </span>
    </p>
   </div>
   <div class='ocr_carea' id='block_1_7' title="bbox 1638 615 2754 709">
    <p class='ocr_par' dir='ltr' id='par_1_7' title="bbox 1638 615 2754 709">
     <span class='ocr_line' id='line_1_7' title="bbox 1638 615 2754 709; baseline 0.003 -23"><span class='ocrx_word' id='word_1_29' title='bbox 1638 617 1837 687; x_wconf 69' lang='grc' dir='ltr'><strong><em>,Μετὰ</em></strong></span> <span class='ocrx_word' id='word_1_30' title='bbox 1888 618 1964 687; x_wconf 74' lang='grc' dir='ltr'><strong><em>δὲ</em></strong></span> <span class='ocrx_word' id='word_1_31' title='bbox 1991 615 2106 706; x_wconf 88' lang='grc' dir='ltr'><strong>τὴς</strong></span> <span class='ocrx_word' id='word_1_32' title='bbox 2136 619 2479 709; x_wconf 81' lang='grc' dir='ltr'><strong><em>θυγατρὸς</em></strong></span> <span class='ocrx_word' id='word_1_33' title='bbox 2507 618 2583 689; x_wconf 85' lang='grc' dir='ltr'><strong><em>τό</em></strong></span> <span class='ocrx_word' id='word_1_34' title='bbox 2616 621 2754 691; x_wconf 79' lang='grc' dir='ltr'><strong>πά-</strong></span> 
     </span>
    </p>
   </div>
   <div class='ocr_carea' id='block_1_8' title="bbox 461 720 2840 1948">
    <p class='ocr_par' dir='ltr' id='par_1_8' title="bbox 461 720 2840 1948">
     <span class='ocr_line' id='line_1_8' title="bbox 464 720 2840 815; baseline -0.003 -22"><span class='ocrx_word' id='word_1_35' title='bbox 464 735 590 802; x_wconf 88' lang='grc' dir='ltr'><strong>θος</strong></span> <span class='ocrx_word' id='word_1_36' title='bbox 619 723 902 810; x_wconf 84' lang='grc' dir='ltr'><strong><em>δεύτερα</em></strong></span> <span class='ocrx_word' id='word_1_37' title='bbox 928 722 1144 815; x_wconf 75' lang='grc' dir='ltr'><strong><em>τούτῳ</em></strong></span> <span class='ocrx_word' id='word_1_38' title='bbox 1183 728 1277 815; x_wconf 79' lang='grc' dir='ltr'><strong>τῷ</strong></span> <span class='ocrx_word' id='word_1_39' title='bbox 1304 725 1573 809; x_wconf 84' lang='grc' dir='ltr'><strong><em>βασιλέι·</em></strong></span> <span class='ocrx_word' id='word_1_40' title='bbox 1594 720 1753 791; x_wconf 78' lang='grc' dir='ltr'><strong><em>τάδε</em></strong></span> <span class='ocrx_word' id='word_1_41' title='bbox 1792 723 2111 810; x_wconf 75' lang='grc' dir='ltr'><strong><em>γενέσθαι</em></strong></span> <span class='ocrx_word' id='word_1_42' title='bbox 2131 744 2146 756; x_wconf 93' lang='grc'><em>·</em></span> <span class='ocrx_word' id='word_1_43' title='bbox 2192 726 2425 793; x_wconf 78' lang='grc' dir='ltr'><strong><em>ἐλθεῖν</em></strong></span> <span class='ocrx_word' id='word_1_44' title='bbox 2450 731 2516 793; x_wconf 75' lang='grc' dir='ltr'><strong>οἱ</strong></span> <span class='ocrx_word' id='word_1_45' title='bbox 2539 754 2719 813; x_wconf 69' lang='grc' dir='ltr'><strong><em>μαν·</em></strong></span> <span class='ocrx_word' id='word_1_46' title='bbox 2742 735 2840 790; x_wconf 85' lang='grc'><strong>167</strong></span> 
     </span>
     <span class='ocr_line' id='line_1_9' title="bbox 464 821 2756 920; baseline 0 -24"><span class='ocrx_word' id='word_1_47' title='bbox 464 827 656 916; x_wconf 78' lang='grc' dir='ltr'><strong><em>τήῖον</em></strong></span> <span class='ocrx_word' id='word_1_48' title='bbox 695 829 767 895; x_wconf 80' lang='grc' dir='ltr'><strong>ἐκ</strong></span> <span class='ocrx_word' id='word_1_49' title='bbox 794 830 1092 904; x_wconf 78' lang='grc' dir='ltr'><strong><em>Βουτοῦς</em></strong></span> <span class='ocrx_word' id='word_1_50' title='bbox 1120 826 1386 910; x_wconf 84' lang='grc' dir='ltr'><strong><em>πόλιος,</em></strong></span> <span class='ocrx_word' id='word_1_51' title='bbox 1436 821 1524 905; x_wconf 75' lang='grc' dir='ltr'><strong>ὥς</strong></span> <span class='ocrx_word' id='word_1_52' title='bbox 1552 828 1781 913; x_wconf 80' lang='grc' dir='ltr'><strong><em>μέλλοι</em></strong></span> <span class='ocrx_word' id='word_1_53' title='bbox 1827 829 1894 908; x_wconf 81' lang='grc' dir='ltr'><strong>ἓξ</strong></span> <span class='ocrx_word' id='word_1_54' title='bbox 1940 831 2090 894; x_wconf 84' lang='grc' dir='ltr'><strong><em>ἔτεα</em></strong></span> <span class='ocrx_word' id='word_1_55' title='bbox 2132 832 2389 914; x_wconf 85' lang='grc' dir='ltr'><strong><em>μοῦνον</em></strong></span> <span class='ocrx_word' id='word_1_56' title='bbox 2414 825 2611 915; x_wconf 75' lang='grc' dir='ltr'><strong><em>βιοὺς</em></strong></span> <span class='ocrx_word' id='word_1_57' title='bbox 2654 833 2756 920; x_wconf 78' lang='grc' dir='ltr'><strong>τῷ</strong></span> 
     </span>
     <span class='ocr_line' id='line_1_10' title="bbox 469 925 2755 1023; baseline -0 -22"><span class='ocrx_word' id='word_1_58' title='bbox 469 929 734 1023; x_wconf 74' lang='grc' dir='ltr'><strong><em>ἑβδόμῳ</em></strong></span> <span class='ocrx_word' id='word_1_59' title='bbox 761 929 1207 1017; x_wconf 83' lang='grc' dir='ltr'><strong><em>τελευτήσειν.</em></strong></span> <span class='ocrx_word' id='word_1_60' title='bbox 1279 925 1399 998; x_wconf 83' lang='grc' dir='ltr'><strong>τὸν</strong></span> <span class='ocrx_word' id='word_1_61' title='bbox 1427 929 1538 1012; x_wconf 75' lang='grc' dir='ltr'><strong>δὲ,</strong></span> <span class='ocrx_word' id='word_1_62' title='bbox 1583 927 1815 998; x_wconf 85' lang='grc' dir='ltr'><strong><em>δεινὸν</em></strong></span> <span class='ocrx_word' id='word_1_63' title='bbox 1842 927 2332 1016; x_wconf 76' lang='grc' dir='ltr'><strong><em>ποιησάμενον,</em></strong></span> <span class='ocrx_word' id='word_1_64' title='bbox 2372 934 2631 1018; x_wconf 81' lang='grc' dir='ltr'><strong><em>πέμψαι</em></strong></span> <span class='ocrx_word' id='word_1_65' title='bbox 2683 934 2755 1010; x_wconf 81' lang='grc' dir='ltr'><strong>ἐς</strong></span> 
     </span>
     <span class='ocr_line' id='line_1_11' title="bbox 466 1029 2749 1124; baseline -0 -21"><span class='ocrx_word' id='word_1_66' title='bbox 466 1033 540 1103; x_wconf 85' lang='grc' dir='ltr'><strong>τὸ</strong></span> <span class='ocrx_word' id='word_1_67' title='bbox 568 1032 893 1122; x_wconf 74' lang='grc' dir='ltr'><strong><em>μαντήϊον</em></strong></span> <span class='ocrx_word' id='word_1_68' title='bbox 916 1037 1012 1124; x_wconf 74' lang='grc' dir='ltr'><strong>τῷ</strong></span> <span class='ocrx_word' id='word_1_69' title='bbox 1035 1038 1179 1124; x_wconf 80' lang='grc' dir='ltr'><strong>θεῷ</strong></span> <span class='ocrx_word' id='word_1_70' title='bbox 1199 1029 1552 1120; x_wconf 78' lang='grc' dir='ltr'><strong><em>ὀνείδισμα</em></strong></span> <span class='ocrx_word' id='word_1_71' title='bbox 1574 1085 1591 1117; x_wconf 92' lang='grc'><strong><em>,</em></strong></span> <span class='ocrx_word' id='word_1_72' title='bbox 1620 1029 2240 1121; x_wconf 78' lang='grc' dir='ltr'><strong><em>ἀντιμεμφόμενον,</em></strong></span> <span class='ocrx_word' id='word_1_73' title='bbox 2265 1029 2365 1101; x_wconf 76' lang='grc' dir='ltr'><strong>ὅτι</strong></span> <span class='ocrx_word' id='word_1_74' title='bbox 2397 1029 2433 1103; x_wconf 85' lang='grc' dir='ltr'>ὁ</span> <span class='ocrx_word' id='word_1_75' title='bbox 2461 1035 2589 1122; x_wconf 74' lang='grc' dir='ltr'><strong>μὲν</strong></span> <span class='ocrx_word' id='word_1_76' title='bbox 2618 1031 2749 1102; x_wconf 82' lang='grc' dir='ltr'><strong><em>αὐ-</em></strong></span> 
     </span>
     <span class='ocr_line' id='line_1_12' title="bbox 467 1132 2749 1226; baseline 0 -19"><span class='ocrx_word' id='word_1_77' title='bbox 467 1143 590 1207; x_wconf 82' lang='grc' dir='ltr'><strong>τοῦ</strong></span> <span class='ocrx_word' id='word_1_78' title='bbox 618 1134 835 1226; x_wconf 82' lang='grc' dir='ltr'><strong><em>πατὴρ</em></strong></span> <span class='ocrx_word' id='word_1_79' title='bbox 864 1137 976 1203; x_wconf 81' lang='grc' dir='ltr'><strong><em>καὶ</em></strong></span> <span class='ocrx_word' id='word_1_80' title='bbox 1010 1134 1310 1222; x_wconf 78' lang='grc' dir='ltr'><strong><em>πάτρως,</em></strong></span> <span class='ocrx_word' id='word_1_81' title='bbox 1339 1133 1868 1223; x_wconf 83' lang='grc' dir='ltr'><strong><em>ἆποκληΐσαντες</em></strong></span> <span class='ocrx_word' id='word_1_82' title='bbox 1899 1132 1979 1204; x_wconf 77' lang='grc' dir='ltr'><strong>τὰ</strong></span> <span class='ocrx_word' id='word_1_83' title='bbox 2009 1133 2121 1225; x_wconf 77' lang='grc' dir='ltr'><strong><em>ίρᾶ</em></strong></span> <span class='ocrx_word' id='word_1_84' title='bbox 2148 1138 2260 1205; x_wconf 78' lang='grc' dir='ltr'><strong><em>καὶ</em></strong></span> <span class='ocrx_word' id='word_1_85' title='bbox 2286 1143 2479 1207; x_wconf 74' lang='grc' dir='ltr'><strong><em>θεῶν</em></strong></span> <span class='ocrx_word' id='word_1_86' title='bbox 2505 1136 2589 1207; x_wconf 81' lang='grc' dir='ltr'><strong>οὐ</strong></span> <span class='ocrx_word' id='word_1_87' title='bbox 2623 1164 2749 1226; x_wconf 80' lang='grc' dir='ltr'><strong>με·</strong></span> 
     </span>
     <span class='ocr_line' id='line_1_13' title="bbox 468 1235 2747 1329; baseline 0 -21"><span class='ocrx_word' id='word_1_88' title='bbox 468 1241 815 1328; x_wconf 86' lang='grc' dir='ltr'><strong><em>μνημένοι,</em></strong></span> <span class='ocrx_word' id='word_1_89' title='bbox 845 1235 1015 1306; x_wconf 77' lang='grc' dir='ltr'><strong><em>ἀλλὰ</em></strong></span> <span class='ocrx_word' id='word_1_90' title='bbox 1041 1240 1152 1306; x_wconf 83' lang='grc' dir='ltr'><strong><em>καὶ</em></strong></span> <span class='ocrx_word' id='word_1_91' title='bbox 1182 1236 1337 1318; x_wconf 83' lang='grc' dir='ltr'><strong>τούς</strong></span> <span class='ocrx_word' id='word_1_92' title='bbox 1368 1235 1779 1324; x_wconf 73' lang='grc' dir='ltr'><strong><em>ἀνθρώπους</em></strong></span> <span class='ocrx_word' id='word_1_93' title='bbox 1800 1246 2225 1329; x_wconf 83' lang='grc' dir='ltr'><strong><em>φθείροντες,</em></strong></span> <span class='ocrx_word' id='word_1_94' title='bbox 2259 1243 2554 1328; x_wconf 75' lang='grc' dir='ltr'><strong><em>ἐβίωσαν</em></strong></span> <span class='ocrx_word' id='word_1_95' title='bbox 2582 1241 2747 1329; x_wconf 82' lang='grc' dir='ltr'><strong><em>χρό-</em></strong></span> 
     </span>
     <span class='ocr_line' id='line_1_14' title="bbox 467 1337 2751 1431; baseline 0 -18"><span class='ocrx_word' id='word_1_96' title='bbox 467 1371 591 1413; x_wconf 89' lang='grc' dir='ltr'><strong>νον</strong></span> <span class='ocrx_word' id='word_1_97' title='bbox 635 1343 743 1410; x_wconf 80' lang='grc' dir='ltr'><strong>ἐπὶ</strong></span> <span class='ocrx_word' id='word_1_98' title='bbox 782 1338 1068 1424; x_wconf 74' lang='grc' dir='ltr'><strong><em>πολλὸν,</em></strong></span> <span class='ocrx_word' id='word_1_99' title='bbox 1110 1337 1312 1419; x_wconf 81' lang='grc' dir='ltr'><strong><em>αὐτὸς</em></strong></span> <span class='ocrx_word' id='word_1_100' title='bbox 1356 1339 1417 1408; x_wconf 92' lang='grc' dir='ltr'><strong><em>δ’</em></strong></span> <span class='ocrx_word' id='word_1_101' title='bbox 1466 1337 1750 1430; x_wconf 83' lang='grc' dir='ltr'><strong><em>εὐσεβὴς</em></strong></span> <span class='ocrx_word' id='word_1_102' title='bbox 1794 1339 1959 1426; x_wconf 74' lang='grc' dir='ltr'><strong>έών,</strong></span> <span class='ocrx_word' id='word_1_103' title='bbox 2004 1346 2233 1430; x_wconf 78' lang='grc' dir='ltr'><strong><em>μέλλοι</em></strong></span> <span class='ocrx_word' id='word_1_104' title='bbox 2273 1347 2523 1431; x_wconf 84' lang='grc' dir='ltr'><strong><em>ταχέως</em></strong></span> <span class='ocrx_word' id='word_1_105' title='bbox 2565 1340 2751 1413; x_wconf 77' lang='grc' dir='ltr'><strong><em>οὕτω</em></strong></span> 
     </span>
     <span class='ocr_line' id='line_1_15' title="bbox 468 1440 2745 1537; baseline 0.001 -22"><span class='ocrx_word' id='word_1_106' title='bbox 468 1444 912 1532; x_wconf 83' lang='grc' dir='ltr'><strong><em>τελευτήσειν.</em></strong></span> <span class='ocrx_word' id='word_1_107' title='bbox 985 1440 1092 1511; x_wconf 87' lang='grc' dir='ltr'><strong>Ἐκ</strong></span> <span class='ocrx_word' id='word_1_108' title='bbox 1122 1444 1197 1512; x_wconf 74' lang='grc' dir='ltr'><strong><em>δὲ</em></strong></span> <span class='ocrx_word' id='word_1_109' title='bbox 1236 1450 1358 1512; x_wconf 84' lang='grc' dir='ltr'><strong>τοῦ</strong></span> <span class='ocrx_word' id='word_1_110' title='bbox 1385 1452 1792 1533; x_wconf 83' lang='grc' dir='ltr'><strong><em>χρηστηρίου</em></strong></span> <span class='ocrx_word' id='word_1_111' title='bbox 1828 1443 2015 1537; x_wconf 77' lang='grc' dir='ltr'><strong><em>αὐτῷ</em></strong></span> <span class='ocrx_word' id='word_1_112' title='bbox 2042 1447 2327 1535; x_wconf 84' lang='grc' dir='ltr'><strong><em>δεύτερα</em></strong></span> <span class='ocrx_word' id='word_1_113' title='bbox 2356 1450 2591 1517; x_wconf 78' lang='grc' dir='ltr'><strong><em>ἐλθεῖν</em></strong></span> <span class='ocrx_word' id='word_1_114' title='bbox 2631 1451 2745 1517; x_wconf 84' lang='grc' dir='ltr'><strong><em>λε’-</em></strong></span> 
     </span>
     <span class='ocr_line' id='line_1_16' title="bbox 466 1545 2749 1641; baseline 0.001 -23"><span class='ocrx_word' id='word_1_115' title='bbox 466 1575 672 1638; x_wconf 81' lang='grc' dir='ltr'><strong><em>γοντα</em></strong></span> <span class='ocrx_word' id='word_1_116' title='bbox 694 1598 712 1632; x_wconf 93' lang='grc'><strong><em>,</em></strong></span> <span class='ocrx_word' id='word_1_117' title='bbox 742 1547 1002 1617; x_wconf 83' lang='grc' dir='ltr'><strong><em>τούτων</em></strong></span> <span class='ocrx_word' id='word_1_118' title='bbox 1032 1551 1259 1616; x_wconf 82' lang='grc' dir='ltr'><strong><em>εἵνεκα</em></strong></span> <span class='ocrx_word' id='word_1_119' title='bbox 1285 1549 1397 1615; x_wconf 83' lang='grc' dir='ltr'><strong><em>καὶ</em></strong></span> <span class='ocrx_word' id='word_1_120' title='bbox 1428 1547 1881 1635; x_wconf 82' lang='grc' dir='ltr'><strong><em>συνταχύνειν</em></strong></span> <span class='ocrx_word' id='word_1_121' title='bbox 1908 1545 2092 1641; x_wconf 76' lang='grc' dir='ltr'><strong><em>αὐτῷ</em></strong></span> <span class='ocrx_word' id='word_1_122' title='bbox 2116 1546 2236 1618; x_wconf 81' lang='grc' dir='ltr'><strong>τὸν</strong></span> <span class='ocrx_word' id='word_1_123' title='bbox 2266 1556 2441 1637; x_wconf 88' lang='grc' dir='ltr'><strong><em>βίον.</em></strong></span> <span class='ocrx_word' id='word_1_124' title='bbox 2502 1547 2586 1620; x_wconf 82' lang='grc' dir='ltr'><strong>οὐ</strong></span> <span class='ocrx_word' id='word_1_125' title='bbox 2613 1549 2749 1639; x_wconf 77' lang='grc' dir='ltr'><strong><em>γὰρ</em></strong></span> 
     </span>
     <span class='ocr_line' id='line_1_17' title="bbox 466 1641 2742 1740; baseline 0 -18"><span class='ocrx_word' id='word_1_126' title='bbox 466 1658 747 1740; x_wconf 84' lang='grc' dir='ltr'><strong><em>ποιῆσαί</em></strong></span> <span class='ocrx_word' id='word_1_127' title='bbox 766 1679 919 1739; x_wconf 90' lang='grc' dir='ltr'><strong><em>μιν,</em></strong></span> <span class='ocrx_word' id='word_1_128' title='bbox 948 1647 1023 1718; x_wconf 82' lang='grc' dir='ltr'><strong>τὸ</strong></span> <span class='ocrx_word' id='word_1_129' title='bbox 1052 1648 1271 1737; x_wconf 70' lang='grc' dir='ltr'><strong><em>χρεῶν</em></strong></span> <span class='ocrx_word' id='word_1_130' title='bbox 1295 1641 1382 1737; x_wconf 83' lang='grc' dir='ltr'><strong>ἦν</strong></span> <span class='ocrx_word' id='word_1_131' title='bbox 1411 1654 1667 1719; x_wconf 80' lang='grc' dir='ltr'><strong><em>ποιέειν</em></strong></span> <span class='ocrx_word' id='word_1_132' title='bbox 1686 1672 1700 1686; x_wconf 91' lang='grc'>·</span> <span class='ocrx_word' id='word_1_133' title='bbox 1759 1657 1907 1719; x_wconf 82' lang='grc' dir='ltr'><strong><em>δεῖν</em></strong></span> <span class='ocrx_word' id='word_1_134' title='bbox 1951 1649 2078 1740; x_wconf 77' lang='grc' dir='ltr'><strong><em>γὰρ</em></strong></span> <span class='ocrx_word' id='word_1_135' title='bbox 2111 1663 2460 1739; x_wconf 75' lang='grc' dir='ltr'><strong><em>Αἴγυπτον</em></strong></span> <span class='ocrx_word' id='word_1_136' title='bbox 2489 1659 2742 1722; x_wconf 83' lang='grc' dir='ltr'><strong><em>κακοῦ-</em></strong></span> 
     </span>
     <span class='ocr_line' id='line_1_18' title="bbox 461 1750 2746 1843; baseline -0 -17"><span class='ocrx_word' id='word_1_137' title='bbox 461 1768 628 1827; x_wconf 87' lang='grc' dir='ltr'><strong><em>σθαι</em></strong></span> <span class='ocrx_word' id='word_1_138' title='bbox 662 1751 768 1823; x_wconf 80' lang='grc' dir='ltr'><strong>ἐπ’</strong></span> <span class='ocrx_word' id='word_1_139' title='bbox 814 1761 963 1822; x_wconf 78' lang='grc' dir='ltr'><strong><em>ἔτεα</em></strong></span> <span class='ocrx_word' id='word_1_140' title='bbox 992 1752 1409 1840; x_wconf 76' lang='grc' dir='ltr'><strong><em>πεντήκοντά</em></strong></span> <span class='ocrx_word' id='word_1_141' title='bbox 1431 1780 1501 1822; x_wconf 89' lang='grc' dir='ltr'><strong>τε</strong></span> <span class='ocrx_word' id='word_1_142' title='bbox 1532 1756 1643 1821; x_wconf 83' lang='grc' dir='ltr'><strong><em>καὶ</em></strong></span> <span class='ocrx_word' id='word_1_143' title='bbox 1674 1750 1934 1838; x_wconf 79' lang='grc' dir='ltr'><strong><em>ἑκατὸν,</em></strong></span> <span class='ocrx_word' id='word_1_144' title='bbox 1959 1756 2071 1823; x_wconf 82' lang='grc' dir='ltr'><strong><em>καὶ</em></strong></span> <span class='ocrx_word' id='word_1_145' title='bbox 2099 1753 2257 1834; x_wconf 82' lang='grc' dir='ltr'><strong>τούς</strong></span> <span class='ocrx_word' id='word_1_146' title='bbox 2280 1755 2407 1843; x_wconf 72' lang='grc' dir='ltr'><strong>μὲν</strong></span> <span class='ocrx_word' id='word_1_147' title='bbox 2433 1756 2559 1824; x_wconf 83' lang='grc' dir='ltr'><strong><em>δύο</em></strong></span> <span class='ocrx_word' id='word_1_148' title='bbox 2583 1755 2746 1836; x_wconf 74' lang='grc' dir='ltr'><strong><em>τοὺς</em></strong></span> 
     </span>
     <span class='ocr_line' id='line_1_19' title="bbox 464 1857 2741 1948; baseline -0 -19"><span class='ocrx_word' id='word_1_149' title='bbox 464 1857 593 1948; x_wconf 82' lang='grc' dir='ltr'><strong><em>πρὸ</em></strong></span> <span class='ocrx_word' id='word_1_150' title='bbox 647 1862 914 1928; x_wconf 79' lang='grc' dir='ltr'><strong><em>ἐκείνου</em></strong></span> <span class='ocrx_word' id='word_1_151' title='bbox 958 1858 1364 1945; x_wconf 80' lang='grc' dir='ltr'><strong><em>γενομένους</em></strong></span> <span class='ocrx_word' id='word_1_152' title='bbox 1412 1860 1726 1946; x_wconf 81' lang='grc' dir='ltr'><strong><em>βασιλέας</em></strong></span> <span class='ocrx_word' id='word_1_153' title='bbox 1767 1868 2019 1945; x_wconf 83' lang='grc' dir='ltr'><strong><em>μαθεῖν</em></strong></span> <span class='ocrx_word' id='word_1_154' title='bbox 2067 1864 2265 1927; x_wconf 88' lang='grc' dir='ltr'><strong><em>τοῦτο</em></strong></span> <span class='ocrx_word' id='word_1_155' title='bbox 2283 1910 2300 1942; x_wconf 91' lang='grc'><strong><em>,</em></strong></span> <span class='ocrx_word' id='word_1_156' title='bbox 2349 1862 2613 1928; x_wconf 79' lang='grc' dir='ltr'><strong><em>ἐκεῖνον</em></strong></span> <span class='ocrx_word' id='word_1_157' title='bbox 2664 1860 2741 1928; x_wconf 71' lang='grc' dir='ltr'><strong><em>δὲ</em></strong></span> 
     </span>
    </p>
   </div>
   <div class='ocr_carea' id='block_1_9' title="bbox 458 2067 1547 2760">
    <p class='ocr_par' dir='ltr' id='par_1_9' title="bbox 459 2067 1547 2547">
     <span class='ocr_line' id='line_1_20' title="bbox 461 2067 1545 2134; baseline -0.003 -15"><span class='ocrx_word' id='word_1_158' title='bbox 461 2069 554 2134; x_wconf 87' lang='lat' dir='ltr'><strong>qui</strong></span> <span class='ocrx_word' id='word_1_159' title='bbox 583 2069 746 2118; x_wconf 85' lang='lat' dir='ltr'><strong>etiam</strong></span> <span class='ocrx_word' id='word_1_160' title='bbox 772 2071 1035 2132; x_wconf 80' lang='lat' dir='ltr'><strong>provocat</strong></span> <span class='ocrx_word' id='word_1_161' title='bbox 1063 2067 1133 2117; x_wconf 86' lang='lat' dir='ltr'><strong>ad</strong></span> <span class='ocrx_word' id='word_1_162' title='bbox 1167 2067 1298 2118; x_wconf 87' lang='lat' dir='ltr'><strong>illud</strong></span> <span class='ocrx_word' id='word_1_163' title='bbox 1326 2068 1545 2124; x_wconf 84' lang='lat' dir='ltr'><strong>festum</strong></span> 
     </span>
     <span class='ocr_line' id='line_1_21' title="bbox 462 2136 1547 2201; baseline -0.004 -13"><span class='ocrx_word' id='word_1_164' title='bbox 462 2139 530 2188; x_wconf 87' lang='lat' dir='ltr'><strong>de</strong></span> <span class='ocrx_word' id='word_1_165' title='bbox 578 2153 684 2201; x_wconf 88' lang='lat' dir='ltr'><strong>quo</strong></span> <span class='ocrx_word' id='word_1_166' title='bbox 731 2152 897 2200; x_wconf 86' lang='lat' dir='ltr'><strong>supra</strong></span> <span class='ocrx_word' id='word_1_167' title='bbox 939 2136 1076 2185; x_wconf 78' lang='lat' dir='ltr'><strong>dixit</strong></span> <span class='ocrx_word' id='word_1_168' title='bbox 1111 2138 1313 2186; x_wconf 77' lang='lat' dir='ltr'><strong>Noster</strong></span> <span class='ocrx_word' id='word_1_169' title='bbox 1355 2136 1440 2197; x_wconf 90' lang='grc' dir='ltr'><strong>ΙΙ,</strong></span> <span class='ocrx_word' id='word_1_170' title='bbox 1479 2136 1547 2184; x_wconf 84' lang='grc'><strong>50</strong></span> 
     </span>
     <span class='ocr_line' id='line_1_22' title="bbox 461 2205 1547 2337; baseline -0.005 -11"><span class='ocrx_word' id='word_1_171' title='bbox 461 2222 593 2326; x_wconf 61' lang='lat' dir='ltr'><strong>:eqq</strong></span> <span class='ocrx_word' id='word_1_172' title='bbox 601 2206 1144 2325; x_wconf 48' lang='lat' dir='ltr'><strong>fuiffsthagegzitilm</strong></span> <span class='ocrx_word' id='word_1_173' title='bbox 1158 2205 1547 2337; x_wconf 44' lang='grc' dir='ltr'><strong>Ῠῖοθῗῃῦὶδεξῖ</strong></span> 
     </span>
     <span class='ocr_line' id='line_1_23' title="bbox 461 2291 1547 2408; baseline -0.004 -13"><span class='ocrx_word' id='word_1_174' title='bbox 461 2292 792 2396; x_wconf 54' lang='grc' dir='ltr'><strong><em>αιιιιιὲιῑοιίῐειιο</em></strong></span> <span class='ocrx_word' id='word_1_175' title='bbox 825 2291 1173 2408; x_wconf 59' lang='grc' dir='ltr'><strong><em>Ρῖοὶιαῐιιι,</em></strong></span> <span class='ocrx_word' id='word_1_176' title='bbox 1149 2359 1307 2408; x_wconf 88' lang='lat' dir='ltr'><strong>quem</strong></span> <span class='ocrx_word' id='word_1_177' title='bbox 1344 2291 1547 2393; x_wconf 40' lang='lat' dir='ltr'><strong>excitat</strong></span> 
     </span>
     <span class='ocr_line' id='line_1_24' title="bbox 459 2403 1545 2492; baseline -0.006 -27"><span class='ocrx_word' id='word_1_178' title='bbox 459 2414 769 2478; x_wconf 80' lang='lat' dir='ltr'><strong>Hesychius</strong></span> <span class='ocrx_word' id='word_1_179' title='bbox 803 2414 878 2465; x_wconf 93' lang='lat'><strong>11.</strong></span> <span class='ocrx_word' id='word_1_180' title='bbox 905 2429 960 2478; x_wconf 84' lang='lat' dir='ltr'><strong>p.</strong></span> <span class='ocrx_word' id='word_1_181' title='bbox 990 2412 1094 2463; x_wconf 80' lang='lat'><strong>629</strong></span> <span class='ocrx_word' id='word_1_182' title='bbox 1102 2411 1466 2492; x_wconf 80' lang='grc' dir='ltr'><strong><em>Μυκερίνα</em></strong></span> <span class='ocrx_word' id='word_1_183' title='bbox 1509 2403 1545 2490; x_wconf 74' lang='grc' dir='ltr'><strong><em>ᾗ</em></strong></span> 
     </span>
     <span class='ocr_line' id='line_1_25' title="bbox 460 2473 1538 2563; baseline -0.003 -30"><span class='ocrx_word' id='word_1_184' title='bbox 460 2480 723 2549; x_wconf 77' lang='grc' dir='ltr'><strong><em>Μέμφις,</em></strong></span> <span class='ocrx_word' id='word_1_185' title='bbox 763 2480 1022 2547; x_wconf 82' lang='grc' dir='ltr'><strong><em>Δίδυμος</em></strong></span> <span class='ocrx_word' id='word_1_186' title='bbox 1054 2475 1161 2563; x_wconf 86' lang='grc' dir='ltr'><strong>τὴν</strong></span> <span class='ocrx_word' id='word_1_187' title='bbox 1198 2473 1374 2532; x_wconf 76' lang='grc' dir='ltr'><strong><em>Σάϊν·</em></strong></span> <span class='ocrx_word' id='word_1_188' title='bbox 1417 2498 1538 2530; x_wconf 74' lang='grc' dir='ltr'><strong><em>ταυ-</em></strong></span> 
     </span>
    </p>

    <p class='ocr_par' dir='ltr' id='par_1_10' title="bbox 458 2499 1547 2757">
     <span class='ocr_line' id='line_1_26' title="bbox 459 2499 1547 2686; baseline -0.005 -12"><span class='ocrx_word' id='word_1_189' title='bbox 459 2569 561 2619; x_wconf 56' lang='grc' dir='ltr'><strong>ἠς</strong></span> <span class='ocrx_word' id='word_1_190' title='bbox 557 2499 934 2686; x_wconf 54' lang='grc' dir='ltr'><strong>ἦῖἷὲῗέξὲ,</strong></span> <span class='ocrx_word' id='word_1_191' title='bbox 949 2551 1039 2673; x_wconf 63' lang='lat' dir='ltr'><strong>&#39;5ss</strong></span> <span class='ocrx_word' id='word_1_192' title='bbox 1045 2544 1547 2673; x_wconf 59' lang='lat'><strong>‘’333‘1’3„32‘⁶55;2’‘</strong></span> 
     </span>
     <span class='ocr_line' id='line_1_27' title="bbox 458 2637 1391 2760; baseline -0.005 -16"><span class='ocrx_word' id='word_1_193' title='bbox 458 2637 623 2751; x_wconf 54' lang='grc' dir='ltr'><strong><em>ἴτυόλις</em></strong></span> <span class='ocrx_word' id='word_1_194' title='bbox 660 2687 719 2743; x_wconf 73' lang='grc' dir='ltr'><strong>ἐν</strong></span> <span class='ocrx_word' id='word_1_195' title='bbox 746 2639 1008 2760; x_wconf 59' lang='grc' dir='ltr'><strong><em>Ξίγύπτῳ</em></strong></span> <span class='ocrx_word' id='word_1_196' title='bbox 1025 2639 1111 2757; x_wconf 69' lang='grc' dir='ltr'><strong><em>,ᾳὴ</em></strong></span> <span class='ocrx_word' id='word_1_197' title='bbox 1147 2684 1291 2748; x_wconf 83' lang='grc' dir='ltr'><strong><em>Σαϊς</em></strong></span> <span class='ocrx_word' id='word_1_198' title='bbox 1360 2638 1391 2687; x_wconf 73' lang='lat' dir='ltr'><em>Q</em></span> 
     </span>
    </p>
   </div>
   <div class='ocr_carea' id='block_1_10' title="bbox 761 2913 1242 2964">
    <p class='ocr_par' dir='ltr' id='par_1_11' title="bbox 761 2913 1242 2964">
     <span class='ocr_line' id='line_1_28' title="bbox 761 2913 1242 2964; baseline 0 -1"><span class='ocrx_word' id='word_1_199' title='bbox 761 2914 893 2963; x_wconf 70' lang='lat' dir='ltr'><strong>cn.</strong></span> <span class='ocrx_word' id='word_1_200' title='bbox 934 2913 1242 2964; x_wconf 83' lang='lat' dir='ltr'>CXXXIII.</span> 
     </span>
    </p>
   </div>
   <div class='ocr_carea' id='block_1_11' title="bbox 447 3022 1544 4338">
    <p class='ocr_par' dir='ltr' id='par_1_12' title="bbox 447 3022 1544 4337">
     <span class='ocr_line' id='line_1_29' title="bbox 528 3022 1544 3097; baseline 0 -15"><span class='ocrx_word' id='word_1_201' title='bbox 528 3031 749 3096; x_wconf 79' lang='grc' dir='ltr'><strong><em>πέμψαι</em></strong></span> <span class='ocrx_word' id='word_1_202' title='bbox 802 3022 856 3087; x_wconf 75' lang='grc' dir='ltr'><strong>ἔς</strong></span> <span class='ocrx_word' id='word_1_203' title='bbox 890 3024 954 3081; x_wconf 85' lang='grc' dir='ltr'><strong>τὸ</strong></span> <span class='ocrx_word' id='word_1_204' title='bbox 987 3023 1270 3096; x_wconf 81' lang='grc' dir='ltr'><strong><em>μαντήϊον</em></strong></span> <span class='ocrx_word' id='word_1_205' title='bbox 1301 3030 1380 3095; x_wconf 75' lang='grc' dir='ltr'><strong>τῷ</strong></span> <span class='ocrx_word' id='word_1_206' title='bbox 1421 3031 1544 3097; x_wconf 81' lang='grc' dir='ltr'><strong>θεῷ</strong></span> 
     </span>
     <span class='ocr_line' id='line_1_30' title="bbox 457 3093 1542 3168; baseline 0 -16"><span class='ocrx_word' id='word_1_207' title='bbox 457 3093 776 3167; x_wconf 80' lang='grc' dir='ltr'><strong><em>ὀνείδισμα]</em></strong></span> <span class='ocrx_word' id='word_1_208' title='bbox 813 3101 1041 3152; x_wconf 77' lang='lat' dir='ltr'>Sensum</span> <span class='ocrx_word' id='word_1_209' title='bbox 1060 3106 1208 3152; x_wconf 83' lang='lat' dir='ltr'><strong>reete</strong></span> <span class='ocrx_word' id='word_1_210' title='bbox 1242 3103 1436 3168; x_wconf 85' lang='lat' dir='ltr'>opinor</span> <span class='ocrx_word' id='word_1_211' title='bbox 1463 3104 1542 3153; x_wconf 85' lang='lat' dir='ltr'><strong>sic</strong></span> 
     </span>
     <span class='ocr_line' id='line_1_31' title="bbox 456 3170 1542 3236; baseline -0.001 -13"><span class='ocrx_word' id='word_1_212' title='bbox 456 3170 692 3223; x_wconf 81' lang='lat' dir='ltr'><strong>reddidit</strong></span> <span class='ocrx_word' id='word_1_213' title='bbox 711 3171 1044 3236; x_wconf 53' lang='lat' dir='ltr'><strong>Schweigha</strong></span> <span class='ocrx_word' id='word_1_214' title='bbox 1085 3175 1312 3234; x_wconf 69' lang='lat' dir='ltr'><strong>„misisse</strong></span> <span class='ocrx_word' id='word_1_215' title='bbox 1334 3174 1407 3223; x_wconf 84' lang='lat' dir='ltr'><strong>ad</strong></span> <span class='ocrx_word' id='word_1_216' title='bbox 1421 3188 1542 3224; x_wconf 82' lang='lat' dir='ltr'><strong>ora-</strong></span> 
     </span>
     <span class='ocr_line' id='line_1_32' title="bbox 453 3209 1543 3305; baseline 0 -13"><span class='ocrx_word' id='word_1_217' title='bbox 453 3244 634 3294; x_wconf 78' lang='lat' dir='ltr'><strong>culum.</strong></span> <span class='ocrx_word' id='word_1_218' title='bbox 690 3246 777 3305; x_wconf 79' lang='lat' dir='ltr'><strong>qui</strong></span> <span class='ocrx_word' id='word_1_219' title='bbox 822 3209 1184 3292; x_wconf 71' lang='grc' dir='ltr'><strong><em>οοπιιαηειίόεἰε</em></strong></span> <span class='ocrx_word' id='word_1_220' title='bbox 1233 3242 1403 3292; x_wconf 68' lang='lat' dir='ltr'><strong>verbis</strong></span> <span class='ocrx_word' id='word_1_221' title='bbox 1448 3244 1543 3293; x_wconf 83' lang='lat' dir='ltr'><strong>deo</strong></span> 
     </span>
     <span class='ocr_line' id='line_1_33' title="bbox 453 3310 1541 3376; baseline -0.001 -14"><span class='ocrx_word' id='word_1_222' title='bbox 453 3310 888 3376; x_wconf 47' lang='lat' dir='ltr'><strong>exprobrarencss</strong></span> <span class='ocrx_word' id='word_1_223' title='bbox 927 3310 1238 3368; x_wconf 79' lang='lat' dir='ltr'><strong>Immerito</strong></span> <span class='ocrx_word' id='word_1_224' title='bbox 1225 3327 1280 3361; x_wconf 98' lang='grc' dir='ltr'><strong>ιιι</strong></span> <span class='ocrx_word' id='word_1_225' title='bbox 1310 3311 1396 3361; x_wconf 79' lang='lat' dir='ltr'><strong>his</strong></span> <span class='ocrx_word' id='word_1_226' title='bbox 1423 3328 1541 3362; x_wconf 81' lang='lat' dir='ltr'><strong>ver-</strong></span> 
     </span>
     <span class='ocr_line' id='line_1_34' title="bbox 452 3378 1539 3462; baseline -0.001 -30"><span class='ocrx_word' id='word_1_227' title='bbox 452 3383 538 3432; x_wconf 87' lang='lat' dir='ltr'><strong>bis</strong></span> <span class='ocrx_word' id='word_1_228' title='bbox 581 3380 763 3431; x_wconf 76' lang='lat' dir='ltr'><strong>haesit</strong></span> <span class='ocrx_word' id='word_1_229' title='bbox 798 3378 1221 3443; x_wconf 75' lang='lat' dir='ltr'><strong>Valckenarius,</strong></span> <span class='ocrx_word' id='word_1_230' title='bbox 1280 3397 1418 3462; x_wconf 89' lang='lat' dir='ltr'><strong>quae</strong></span> <span class='ocrx_word' id='word_1_231' title='bbox 1459 3382 1539 3432; x_wconf 84' lang='lat' dir='ltr'><strong>sic</strong></span> 
     </span>
     <span class='ocr_line' id='line_1_35' title="bbox 451 3443 1539 3530; baseline -0.004 -28"><span class='ocrx_word' id='word_1_232' title='bbox 451 3450 766 3530; x_wconf 80' lang='lat' dir='ltr'><strong>reflngenda</strong></span> <span class='ocrx_word' id='word_1_233' title='bbox 802 3465 921 3499; x_wconf 84' lang='lat' dir='ltr'><strong>esse</strong></span> <span class='ocrx_word' id='word_1_234' title='bbox 967 3454 1178 3500; x_wconf 87' lang='lat' dir='ltr'><strong>censet.</strong></span> <span class='ocrx_word' id='word_1_235' title='bbox 1222 3445 1463 3529; x_wconf 80' lang='grc' dir='ltr'><strong><em>πέμψαι</em></strong></span> <span class='ocrx_word' id='word_1_236' title='bbox 1484 3443 1539 3506; x_wconf 81' lang='grc' dir='ltr'><strong>ἐς</strong></span> 
     </span>
     <span class='ocr_line' id='line_1_36' title="bbox 451 3509 1536 3598; baseline -0.001 -30"><span class='ocrx_word' id='word_1_237' title='bbox 451 3512 514 3569; x_wconf 88' lang='grc' dir='ltr'><strong><em>τό</em></strong></span> <span class='ocrx_word' id='word_1_238' title='bbox 577 3511 860 3598; x_wconf 81' lang='grc' dir='ltr'><strong><em>μαντήϊον</em></strong></span> <span class='ocrx_word' id='word_1_239' title='bbox 907 3515 976 3582; x_wconf 82' lang='grc' dir='ltr'><strong>τῇ</strong></span> <span class='ocrx_word' id='word_1_240' title='bbox 1031 3515 1156 3583; x_wconf 74' lang='grc' dir='ltr'><strong>θεῷ</strong></span> <span class='ocrx_word' id='word_1_241' title='bbox 1208 3509 1536 3582; x_wconf 82' lang='grc' dir='ltr'><strong><em>ὀνειδισασῃ</em></strong></span> 
     </span>
     <span class='ocr_line' id='line_1_37' title="bbox 448 3581 1537 3652; baseline -0.002 -14"><span class='ocrx_word' id='word_1_242' title='bbox 448 3581 842 3652; x_wconf 78' lang='grc' dir='ltr'><strong><em>μεμφόμενον,</em></strong></span> <span class='ocrx_word' id='word_1_243' title='bbox 893 3587 987 3637; x_wconf 88' lang='lat' dir='ltr'><strong>ubi</strong></span> <span class='ocrx_word' id='word_1_244' title='bbox 1027 3587 1094 3638; x_wconf 91' lang='lat' dir='ltr'><strong>de</strong></span> <span class='ocrx_word' id='word_1_245' title='bbox 1132 3588 1380 3638; x_wconf 86' lang='lat' dir='ltr'><strong>Latonae</strong></span> <span class='ocrx_word' id='word_1_246' title='bbox 1419 3602 1537 3637; x_wconf 79' lang='lat' dir='ltr'><strong>ora-</strong></span> 
     </span>
     <span class='ocr_line' id='line_1_38' title="bbox 450 3656 1536 3721; baseline -0.004 -12"><span class='ocrx_word' id='word_1_247' title='bbox 450 3658 571 3709; x_wconf 86' lang='lat' dir='ltr'><strong>culo</strong></span> <span class='ocrx_word' id='word_1_248' title='bbox 610 3658 668 3706; x_wconf 86' lang='lat' dir='ltr'><strong>in</strong></span> <span class='ocrx_word' id='word_1_249' title='bbox 689 3657 824 3708; x_wconf 86' lang='lat' dir='ltr'><strong>urbe</strong></span> <span class='ocrx_word' id='word_1_250' title='bbox 848 3657 990 3706; x_wconf 89' lang='lat' dir='ltr'><strong>Buto</strong></span> <span class='ocrx_word' id='word_1_251' title='bbox 1022 3657 1253 3721; x_wconf 77' lang='lat' dir='ltr'><strong>cogitari</strong></span> <span class='ocrx_word' id='word_1_252' title='bbox 1282 3656 1427 3718; x_wconf 81' lang='lat' dir='ltr'><strong>vult,</strong></span> <span class='ocrx_word' id='word_1_253' title='bbox 1467 3657 1536 3707; x_wconf 89' lang='lat' dir='ltr'><strong>de</strong></span> 
     </span>
     <span class='ocr_line' id='line_1_39' title="bbox 450 3725 1536 3791; baseline -0.001 -16"><span class='ocrx_word' id='word_1_254' title='bbox 450 3742 557 3791; x_wconf 90' lang='lat' dir='ltr'><strong>quo</strong></span> <span class='ocrx_word' id='word_1_255' title='bbox 592 3726 668 3787; x_wconf 90' lang='lat'><strong>11,</strong></span> <span class='ocrx_word' id='word_1_256' title='bbox 706 3725 795 3775; x_wconf 84' lang='lat'><strong>83.</strong></span> <span class='ocrx_word' id='word_1_257' title='bbox 835 3725 935 3776; x_wconf 80' lang='lat'><strong>152</strong></span> <span class='ocrx_word' id='word_1_258' title='bbox 972 3730 1028 3775; x_wconf 85' lang='lat' dir='ltr'><strong>et</strong></span> <span class='ocrx_word' id='word_1_259' title='bbox 1065 3727 1185 3776; x_wconf 83' lang='lat'>155.</span> <span class='ocrx_word' id='word_1_260' title='bbox 1258 3726 1394 3776; x_wconf 90' lang='lat' dir='ltr'><strong>Inde</strong></span> <span class='ocrx_word' id='word_1_261' title='bbox 1432 3726 1536 3774; x_wconf 86' lang='lat' dir='ltr'><strong>Ne-</strong></span> 
     </span>
     <span class='ocr_line' id='line_1_40' title="bbox 450 3792 1536 3860; baseline 0.002 -18"><span class='ocrx_word' id='word_1_262' title='bbox 450 3795 564 3860; x_wconf 81' lang='lat' dir='ltr'><strong>gris</strong></span> <span class='ocrx_word' id='word_1_263' title='bbox 600 3809 816 3858; x_wconf 89' lang='lat' dir='ltr'><strong>quoque</strong></span> <span class='ocrx_word' id='word_1_264' title='bbox 849 3793 1019 3844; x_wconf 80' lang='lat' dir='ltr'><strong>edidit</strong></span> <span class='ocrx_word' id='word_1_265' title='bbox 1054 3792 1126 3859; x_wconf 83' lang='grc' dir='ltr'><strong>τῇ</strong></span> <span class='ocrx_word' id='word_1_266' title='bbox 1150 3792 1302 3859; x_wconf 78' lang='grc' dir='ltr'><strong>θεῷς</strong></span> <span class='ocrx_word' id='word_1_267' title='bbox 1341 3793 1536 3858; x_wconf 81' lang='lat' dir='ltr'><strong>reliqui</strong></span> 
     </span>
     <span class='ocr_line' id='line_1_41' title="bbox 447 3862 1536 3928; baseline 0 -16"><span class='ocrx_word' id='word_1_268' title='bbox 447 3862 728 3927; x_wconf 80' lang='lat' dir='ltr'><strong>vulgatam</strong></span> <span class='ocrx_word' id='word_1_269' title='bbox 757 3863 1116 3924; x_wconf 85' lang='lat' dir='ltr'><strong>retinuerunt,</strong></span> <span class='ocrx_word' id='word_1_270' title='bbox 1154 3878 1316 3928; x_wconf 86' lang='lat' dir='ltr'><strong>quam</strong></span> <span class='ocrx_word' id='word_1_271' title='bbox 1344 3869 1398 3913; x_wconf 90' lang='lat' dir='ltr'><strong>et</strong></span> <span class='ocrx_word' id='word_1_272' title='bbox 1419 3864 1536 3927; x_wconf 86' lang='lat' dir='ltr'><strong>ipse</strong></span> 
     </span>
     <span class='ocr_line' id='line_1_42' title="bbox 449 3929 1537 3998; baseline 0 -17"><span class='ocrx_word' id='word_1_273' title='bbox 449 3930 788 3983; x_wconf 78' lang='lat' dir='ltr'><strong>retinendam</strong></span> <span class='ocrx_word' id='word_1_274' title='bbox 831 3931 1043 3993; x_wconf 84' lang='lat' dir='ltr'><strong>censui,</strong></span> <span class='ocrx_word' id='word_1_275' title='bbox 1093 3931 1253 3981; x_wconf 89' lang='lat' dir='ltr'><strong>modo</strong></span> <span class='ocrx_word' id='word_1_276' title='bbox 1300 3929 1380 3996; x_wconf 77' lang='grc' dir='ltr'><strong>τῷ</strong></span> <span class='ocrx_word' id='word_1_277' title='bbox 1413 3929 1537 3998; x_wconf 76' lang='grc' dir='ltr'><strong>θεῷ</strong></span> 
     </span>
     <span class='ocr_line' id='line_1_43' title="bbox 450 3998 1536 4065; baseline 0.001 -15"><span class='ocrx_word' id='word_1_278' title='bbox 450 4001 507 4050; x_wconf 83' lang='grc' dir='ltr'><strong>ἱιι</strong></span> <span class='ocrx_word' id='word_1_279' title='bbox 553 3998 863 4048; x_wconf 84' lang='lat' dir='ltr'><strong>universum</strong></span> <span class='ocrx_word' id='word_1_280' title='bbox 912 3999 979 4049; x_wconf 87' lang='lat' dir='ltr'><strong>de</strong></span> <span class='ocrx_word' id='word_1_281' title='bbox 1020 4001 1239 4049; x_wconf 87' lang='lat' dir='ltr'><strong>numine</strong></span> <span class='ocrx_word' id='word_1_282' title='bbox 1286 4015 1536 4065; x_wconf 88' lang='lat' dir='ltr'><strong>supremo</strong></span> 
     </span>
     <span class='ocr_line' id='line_1_44' title="bbox 451 4067 1540 4134; baseline 0.002 -16"><span class='ocrx_word' id='word_1_283' title='bbox 451 4068 674 4119; x_wconf 83' lang='lat' dir='ltr'><strong>oracula</strong></span> <span class='ocrx_word' id='word_1_284' title='bbox 707 4067 902 4117; x_wconf 81' lang='lat' dir='ltr'><strong>edente</strong></span> <span class='ocrx_word' id='word_1_285' title='bbox 945 4067 1219 4132; x_wconf 79' lang='lat' dir='ltr'><strong>intelligas</strong></span> <span class='ocrx_word' id='word_1_286' title='bbox 1260 4084 1435 4134; x_wconf 86' lang='lat' dir='ltr'><strong>neque</strong></span> <span class='ocrx_word' id='word_1_287' title='bbox 1471 4069 1540 4120; x_wconf 89' lang='lat' dir='ltr'><strong>de</strong></span> 
     </span>
     <span class='ocr_line' id='line_1_45' title="bbox 451 4136 1541 4215; baseline 0.001 -27"><span class='ocrx_word' id='word_1_288' title='bbox 451 4137 570 4188; x_wconf 81' lang='lat' dir='ltr'><strong>sola</strong></span> <span class='ocrx_word' id='word_1_289' title='bbox 595 4137 836 4196; x_wconf 83' lang='lat' dir='ltr'><strong>Latona,</strong></span> <span class='ocrx_word' id='word_1_290' title='bbox 878 4136 1032 4186; x_wconf 84' lang='lat' dir='ltr'><strong>cuius</strong></span> <span class='ocrx_word' id='word_1_291' title='bbox 1067 4137 1256 4215; x_wconf 73' lang='lat' dir='ltr'><strong>utique</strong></span> <span class='ocrx_word' id='word_1_292' title='bbox 1289 4138 1395 4188; x_wconf 89' lang='lat' dir='ltr'><strong>hoc</strong></span> <span class='ocrx_word' id='word_1_293' title='bbox 1432 4139 1541 4189; x_wconf 83' lang='lat' dir='ltr'><strong>fuit</strong></span> 
     </span>
     <span class='ocr_line' id='line_1_46' title="bbox 451 4204 1538 4272; baseline -0.001 -14"><span class='ocrx_word' id='word_1_294' title='bbox 451 4205 750 4258; x_wconf 81' lang='lat' dir='ltr'><strong>oraculum.</strong></span> <span class='ocrx_word' id='word_1_295' title='bbox 822 4205 1082 4256; x_wconf 81' lang='lat' dir='ltr'><strong>Dativum</strong></span> <span class='ocrx_word' id='word_1_296' title='bbox 1116 4220 1192 4272; x_wconf 79' lang='grc' dir='ltr'><strong>τῳ</strong></span> <span class='ocrx_word' id='word_1_297' title='bbox 1222 4204 1347 4264; x_wconf 81' lang='grc' dir='ltr'><strong>θεῳ</strong></span> <span class='ocrx_word' id='word_1_298' title='bbox 1382 4208 1431 4257; x_wconf 88' lang='lat' dir='ltr'><strong>si</strong></span> <span class='ocrx_word' id='word_1_299' title='bbox 1466 4208 1538 4257; x_wconf 81' lang='lat' dir='ltr'><strong>ad</strong></span> 
     </span>
     <span class='ocr_line' id='line_1_47' title="bbox 448 4267 1539 4338; baseline 0 -13"><span class='ocrx_word' id='word_1_300' title='bbox 448 4267 748 4337; x_wconf 81' lang='grc' dir='ltr'><strong><em>ὀνείδισμα</em></strong></span> <span class='ocrx_word' id='word_1_301' title='bbox 769 4274 972 4324; x_wconf 86' lang='lat' dir='ltr'><strong>referre</strong></span> <span class='ocrx_word' id='word_1_302' title='bbox 990 4274 1154 4338; x_wconf 78' lang='lat' dir='ltr'><strong>velis,</strong></span> <span class='ocrx_word' id='word_1_303' title='bbox 1180 4274 1325 4326; x_wconf 85' lang='lat' dir='ltr'><strong>haud</strong></span> <span class='ocrx_word' id='word_1_304' title='bbox 1352 4276 1539 4326; x_wconf 84' lang='lat' dir='ltr'><strong>obstat</strong></span> 
     </span>
    </p>
   </div>
   <div class='ocr_carea' id='block_1_12' title="bbox 1638 2056 2841 4338">
    <p class='ocr_par' dir='ltr' id='par_1_13' title="bbox 1648 2056 2743 2325">
     <span class='ocr_line' id='line_1_48' title="bbox 1649 2056 2743 2131; baseline 0.001 -17"><span class='ocrx_word' id='word_1_305' title='bbox 1649 2065 1870 2131; x_wconf 83' lang='lat' dir='ltr'><strong>ling-uae</strong></span> <span class='ocrx_word' id='word_1_306' title='bbox 1914 2080 2046 2115; x_wconf 85' lang='lat' dir='ltr'><strong>usus</strong></span> <span class='ocrx_word' id='word_1_307' title='bbox 2090 2081 2190 2114; x_wconf 88' lang='lat' dir='ltr'><strong>nec</strong></span> <span class='ocrx_word' id='word_1_308' title='bbox 2237 2066 2392 2116; x_wconf 85' lang='lat' dir='ltr'><strong>verbi</strong></span> <span class='ocrx_word' id='word_1_309' title='bbox 2441 2056 2743 2126; x_wconf 82' lang='grc' dir='ltr'><strong><em>ὀνειδίζειν</em></strong></span> 
     </span>
     <span class='ocr_line' id='line_1_49' title="bbox 1652 2134 2739 2198; baseline 0.002 -14"><span class='ocrx_word' id='word_1_310' title='bbox 1652 2139 1929 2185; x_wconf 77' lang='lat' dir='ltr'><strong>structura</strong></span> <span class='ocrx_word' id='word_1_311' title='bbox 1986 2151 2108 2185; x_wconf 88' lang='lat' dir='ltr'><strong>cum</strong></span> <span class='ocrx_word' id='word_1_312' title='bbox 2155 2134 2371 2198; x_wconf 84' lang='lat' dir='ltr'><strong>dativo,</strong></span> <span class='ocrx_word' id='word_1_313' title='bbox 2425 2139 2488 2184; x_wconf 86' lang='lat' dir='ltr'><strong>ut</strong></span> <span class='ocrx_word' id='word_1_314' title='bbox 2535 2136 2592 2198; x_wconf 91' lang='grc' dir='ltr'><strong><em>Ι,</em></strong></span> <span class='ocrx_word' id='word_1_315' title='bbox 2641 2137 2739 2186; x_wconf 61' lang='grc'><strong>903</strong></span> 
     </span>
     <span class='ocr_line' id='line_1_50' title="bbox 1649 2195 2742 2270; baseline 0.001 -18"><span class='ocrx_word' id='word_1_316' title='bbox 1649 2203 1726 2270; x_wconf 76' lang='grc' dir='ltr'><strong>τῷ</strong></span> <span class='ocrx_word' id='word_1_317' title='bbox 1778 2201 1902 2270; x_wconf 74' lang='grc' dir='ltr'><strong>θεῷ</strong></span> <span class='ocrx_word' id='word_1_318' title='bbox 1956 2195 2255 2254; x_wconf 83' lang='grc' dir='ltr'><strong><em>ὀνειδίσαι.</em></strong></span> <span class='ocrx_word' id='word_1_319' title='bbox 2304 2230 2376 2241; x_wconf 89' lang='grc'><strong>-</strong></span> <span class='ocrx_word' id='word_1_320' title='bbox 2440 2205 2525 2254; x_wconf 79' lang='lat' dir='ltr'><strong>Ad</strong></span> <span class='ocrx_word' id='word_1_321' title='bbox 2581 2221 2742 2270; x_wconf 78' lang='lat' dir='ltr'><strong>argu-</strong></span> 
     </span>
     <span class='ocr_line' id='line_1_51' title="bbox 1648 2273 2737 2325; baseline 0.001 -2"><span class='ocrx_word' id='word_1_322' title='bbox 1648 2278 1889 2323; x_wconf 87' lang='lat' dir='ltr'><strong>mentum</strong></span> <span class='ocrx_word' id='word_1_323' title='bbox 1922 2273 2152 2324; x_wconf 87' lang='lat' dir='ltr'><strong>laudant</strong></span> <span class='ocrx_word' id='word_1_324' title='bbox 2187 2273 2400 2325; x_wconf 81' lang='lat' dir='ltr'><strong>Aelian.</strong></span> <span class='ocrx_word' id='word_1_325' title='bbox 2435 2274 2566 2324; x_wconf 84' lang='lat' dir='ltr'><strong>Var.</strong></span> <span class='ocrx_word' id='word_1_326' title='bbox 2586 2275 2737 2325; x_wconf 83' lang='lat' dir='ltr'><strong>Hist.</strong></span> 
     </span>
    </p>

    <p class='ocr_par' dir='ltr' id='par_1_14' title="bbox 1638 2378 2841 4338">
     <span class='ocr_line' id='line_1_52' title="bbox 1709 2378 2741 2476; baseline 0.002 -16.02"><span class='ocrx_word' id='word_1_327' title='bbox 1709 2381 1778 2460; x_wconf 74' lang='grc' dir='ltr'><strong>ἐκ</strong></span> <span class='ocrx_word' id='word_1_328' title='bbox 1815 2378 1877 2460; x_wconf 66' lang='grc' dir='ltr'><strong><em>δὲ</em></strong></span> <span class='ocrx_word' id='word_1_329' title='bbox 1910 2406 2017 2459; x_wconf 79' lang='grc' dir='ltr'><strong>τοῦ</strong></span> <span class='ocrx_word' id='word_1_330' title='bbox 2049 2409 2421 2476; x_wconf 76' lang='grc' dir='ltr'><strong><em>χρηστηρίου]</em></strong></span> <span class='ocrx_word' id='word_1_331' title='bbox 2458 2412 2497 2461; x_wconf 89' lang='lat' dir='ltr'><strong>i.</strong></span> <span class='ocrx_word' id='word_1_332' title='bbox 2537 2426 2585 2462; x_wconf 88' lang='lat' dir='ltr'><strong>e.</strong></span> <span class='ocrx_word' id='word_1_333' title='bbox 2617 2419 2741 2476; x_wconf 74' lang='lat' dir='ltr'><strong>pose</strong></span> 
     </span>
     <span class='ocr_line' id='line_1_53' title="bbox 1651 2480 2739 2543; baseline 0.001 -12"><span class='ocrx_word' id='word_1_334' title='bbox 1651 2483 1777 2531; x_wconf 77' lang='lat' dir='ltr'><strong>illud</strong></span> <span class='ocrx_word' id='word_1_335' title='bbox 1814 2483 1959 2543; x_wconf 75' lang='lat' dir='ltr'><strong>prius</strong></span> <span class='ocrx_word' id='word_1_336' title='bbox 2004 2482 2274 2529; x_wconf 83' lang='lat' dir='ltr'><strong>oraculum.</strong></span> <span class='ocrx_word' id='word_1_337' title='bbox 2357 2480 2515 2531; x_wconf 82' lang='lat' dir='ltr'><strong>Conf.</strong></span> <span class='ocrx_word' id='word_1_338' title='bbox 2555 2482 2609 2543; x_wconf 91' lang='lat'><strong>1,</strong></span> <span class='ocrx_word' id='word_1_339' title='bbox 2645 2480 2739 2532; x_wconf 82' lang='lat'><strong>86.</strong></span> 
     </span>
     <span class='ocr_line' id='line_1_54' title="bbox 1650 2549 2737 2614; baseline 0 -15"><span class='ocrx_word' id='word_1_340' title='bbox 1650 2552 1736 2601; x_wconf 87' lang='lat'><strong>50.</strong></span> <span class='ocrx_word' id='word_1_341' title='bbox 1792 2552 1897 2600; x_wconf 90' lang='lat' dir='ltr'><strong>Pro</strong></span> <span class='ocrx_word' id='word_1_342' title='bbox 1928 2562 2302 2611; x_wconf 79' lang='grc' dir='ltr'><strong><em>συνταχυνειν</em></strong></span> <span class='ocrx_word' id='word_1_343' title='bbox 2321 2549 2533 2613; x_wconf 84' lang='lat' dir='ltr'><strong>Steger.</strong></span> <span class='ocrx_word' id='word_1_344' title='bbox 2558 2551 2737 2614; x_wconf 84' lang='lat' dir='ltr'><strong>praef.</strong></span> 
     </span>
     <span class='ocr_line' id='line_1_55' title="bbox 1647 2618 2737 2681; baseline 0.001 -13"><span class='ocrx_word' id='word_1_345' title='bbox 1647 2621 1720 2670; x_wconf 90' lang='lat' dir='ltr'><strong>ad</strong></span> <span class='ocrx_word' id='word_1_346' title='bbox 1767 2618 1973 2670; x_wconf 86' lang='lat' dir='ltr'><strong>Herod.</strong></span> <span class='ocrx_word' id='word_1_347' title='bbox 2017 2633 2071 2681; x_wconf 87' lang='lat' dir='ltr'><strong>p.</strong></span> <span class='ocrx_word' id='word_1_348' title='bbox 2122 2619 2230 2667; x_wconf 86' lang='lat' dir='ltr'><strong>XII</strong></span> <span class='ocrx_word' id='word_1_349' title='bbox 2282 2618 2489 2668; x_wconf 83' lang='lat' dir='ltr'><strong>mavult</strong></span> <span class='ocrx_word' id='word_1_350' title='bbox 2535 2632 2737 2669; x_wconf 86' lang='grc' dir='ltr'><strong><em>συντα-</em></strong></span> 
     </span>
     <span class='ocr_line' id='line_1_56' title="bbox 1682 2688 2738 2752; baseline 0.001 -16"><span class='ocrx_word' id='word_1_351' title='bbox 1682 2703 1861 2738; x_wconf 89' lang='grc' dir='ltr'><strong><em>υνειν.</em></strong></span> <span class='ocrx_word' id='word_1_352' title='bbox 1888 2714 1953 2725; x_wconf 93' lang='grc'>-</span> <span class='ocrx_word' id='word_1_353' title='bbox 1984 2688 2051 2736; x_wconf 92' lang='lat' dir='ltr'><strong>In</strong></span> <span class='ocrx_word' id='word_1_354' title='bbox 2075 2703 2227 2752; x_wconf 89' lang='lat' dir='ltr'><strong>seqq.</strong></span> <span class='ocrx_word' id='word_1_355' title='bbox 2249 2701 2347 2750; x_wconf 87' lang='lat' dir='ltr'><strong>pro</strong></span> <span class='ocrx_word' id='word_1_356' title='bbox 2369 2690 2563 2737; x_wconf 80' lang='grc' dir='ltr'><strong><em>κεῖνον</em></strong></span> <span class='ocrx_word' id='word_1_357' title='bbox 2590 2688 2738 2739; x_wconf 80' lang='lat' dir='ltr'><strong>edidi</strong></span> 
     </span>
     <span class='ocr_line' id='line_1_57' title="bbox 1646 2691 2737 2836; baseline -0.001 -28"><span class='ocrx_word' id='word_1_358' title='bbox 1646 2691 1896 2814; x_wconf 64' lang='grc' dir='ltr'><strong><em>Ξιιεινονς</em></strong></span> <span class='ocrx_word' id='word_1_359' title='bbox 1935 2756 2045 2806; x_wconf 83' lang='lat' dir='ltr'><strong>vid.</strong></span> <span class='ocrx_word' id='word_1_360' title='bbox 2083 2756 2129 2817; x_wconf 87' lang='lat'><strong>1,</strong></span> <span class='ocrx_word' id='word_1_361' title='bbox 2169 2756 2292 2808; x_wconf 77' lang='lat'><strong>209.</strong></span> <span class='ocrx_word' id='word_1_362' title='bbox 2331 2757 2407 2819; x_wconf 89' lang='lat'><strong>11,</strong></span> <span class='ocrx_word' id='word_1_363' title='bbox 2444 2756 2512 2808; x_wconf 83' lang='lat'><strong>39</strong></span> <span class='ocrx_word' id='word_1_364' title='bbox 2547 2758 2737 2836; x_wconf 85' lang='lat' dir='ltr'><strong>ibique</strong></span> 
     </span>
     <span class='ocr_line' id='line_1_58' title="bbox 1645 2815 2738 2909; baseline -0.003 -32"><span class='ocrx_word' id='word_1_365' title='bbox 1645 2832 1788 2877; x_wconf 90' lang='lat' dir='ltr'><strong>nott.</strong></span> <span class='ocrx_word' id='word_1_366' title='bbox 1879 2827 2061 2876; x_wconf 86' lang='lat' dir='ltr'><strong>Verba</strong></span> <span class='ocrx_word' id='word_1_367' title='bbox 2118 2815 2194 2882; x_wconf 77' lang='grc' dir='ltr'><strong>ὡς</strong></span> <span class='ocrx_word' id='word_1_368' title='bbox 2240 2819 2738 2909; x_wconf 78' lang='grc' dir='ltr'><strong><em>κατακεκριμένων</em></strong></span> 
     </span>
     <span class='ocr_line' id='line_1_59' title="bbox 1644 2886 2739 2962; baseline 0.003 -18"><span class='ocrx_word' id='word_1_369' title='bbox 1644 2887 1760 2962; x_wconf 85' lang='grc' dir='ltr'><strong><em>ἤδη</em></strong></span> <span class='ocrx_word' id='word_1_370' title='bbox 1811 2888 1872 2944; x_wconf 82' lang='grc' dir='ltr'><strong>οἴ</strong></span> <span class='ocrx_word' id='word_1_371' title='bbox 1911 2886 2132 2944; x_wconf 79' lang='grc' dir='ltr'><strong><em>τούτων</em></strong></span> <span class='ocrx_word' id='word_1_372' title='bbox 2174 2910 2227 2944; x_wconf 77' lang='grc' dir='ltr'><strong>κ.</strong></span> <span class='ocrx_word' id='word_1_373' title='bbox 2270 2909 2317 2943; x_wconf 90' lang='grc' dir='ltr'><strong>τ.</strong></span> <span class='ocrx_word' id='word_1_374' title='bbox 2363 2894 2411 2943; x_wconf 85' lang='grc' dir='ltr'><strong>λ.</strong></span> <span class='ocrx_word' id='word_1_375' title='bbox 2465 2898 2544 2946; x_wconf 84' lang='lat' dir='ltr'><strong>sic</strong></span> <span class='ocrx_word' id='word_1_376' title='bbox 2593 2897 2739 2946; x_wconf 84' lang='lat' dir='ltr'><strong>acci-</strong></span> 
     </span>
     <span class='ocr_line' id='line_1_60' title="bbox 1644 2964 2735 3030; baseline -0.001 -15"><span class='ocrx_word' id='word_1_377' title='bbox 1644 2966 1845 3030; x_wconf 87' lang='lat' dir='ltr'><strong>pienda</strong></span> <span class='ocrx_word' id='word_1_378' title='bbox 1884 2968 2037 3015; x_wconf 87' lang='lat' dir='ltr'><strong>sunt·</strong></span> <span class='ocrx_word' id='word_1_379' title='bbox 2090 2964 2496 3028; x_wconf 81' lang='lat' dir='ltr'><strong>„Mycerinum‚</strong></span> <span class='ocrx_word' id='word_1_380' title='bbox 2536 2967 2735 3030; x_wconf 89' lang='lat' dir='ltr'><strong>quippe</strong></span> 
     </span>
     <span class='ocr_line' id='line_1_61' title="bbox 1646 3034 2735 3100; baseline -0.001 -16"><span class='ocrx_word' id='word_1_381' title='bbox 1646 3035 1741 3100; x_wconf 91' lang='lat' dir='ltr'><strong>qui</strong></span> <span class='ocrx_word' id='word_1_382' title='bbox 1786 3034 1922 3084; x_wconf 88' lang='lat' dir='ltr'><strong>haec</strong></span> <span class='ocrx_word' id='word_1_383' title='bbox 1954 3034 2063 3083; x_wconf 87' lang='lat' dir='ltr'><strong>iam</strong></span> <span class='ocrx_word' id='word_1_384' title='bbox 2114 3037 2305 3083; x_wconf 84' lang='lat' dir='ltr'><strong>contra</strong></span> <span class='ocrx_word' id='word_1_385' title='bbox 2342 3049 2402 3083; x_wconf 87' lang='lat' dir='ltr'><strong>se</strong></span> <span class='ocrx_word' id='word_1_386' title='bbox 2442 3034 2588 3099; x_wconf 87' lang='lat' dir='ltr'><strong>ipum</strong></span> <span class='ocrx_word' id='word_1_387' title='bbox 2638 3035 2735 3085; x_wconf 88' lang='lat' dir='ltr'><strong>de-</strong></span> 
     </span>
     <span class='ocr_line' id='line_1_62' title="bbox 1647 3103 2736 3169; baseline -0.002 -16"><span class='ocrx_word' id='word_1_388' title='bbox 1647 3110 1799 3154; x_wconf 82' lang='lat' dir='ltr'><strong>creta</strong></span> <span class='ocrx_word' id='word_1_389' title='bbox 1868 3118 1914 3153; x_wconf 88' lang='lat' dir='ltr'><strong>s.</strong></span> <span class='ocrx_word' id='word_1_390' title='bbox 1973 3103 2273 3152; x_wconf 84' lang='lat' dir='ltr'><strong>constituta</strong></span> <span class='ocrx_word' id='word_1_391' title='bbox 2342 3103 2578 3169; x_wconf 85' lang='lat' dir='ltr'><strong>indeque</strong></span> <span class='ocrx_word' id='word_1_392' title='bbox 2636 3104 2736 3152; x_wconf 86' lang='lat' dir='ltr'><strong>im-</strong></span> 
     </span>
     <span class='ocr_line' id='line_1_63' title="bbox 1646 3171 2735 3235; baseline 0.002 -14"><span class='ocrx_word' id='word_1_393' title='bbox 1646 3173 1929 3223; x_wconf 76' lang='lat' dir='ltr'><strong>mutabilia</strong></span> <span class='ocrx_word' id='word_1_394' title='bbox 1967 3187 2089 3223; x_wconf 87' lang='lat' dir='ltr'><strong>esse</strong></span> <span class='ocrx_word' id='word_1_395' title='bbox 2121 3171 2513 3235; x_wconf 77' lang='lat' dir='ltr'><strong>intellexisset,</strong></span> <span class='ocrx_word' id='word_1_396' title='bbox 2559 3174 2735 3223; x_wconf 85' lang='lat' dir='ltr'><strong>lucer·</strong></span> 
     </span>
     <span class='ocr_line' id='line_1_64' title="bbox 1646 3241 2734 3307; baseline -0.001 -16"><span class='ocrx_word' id='word_1_397' title='bbox 1646 3258 1747 3292; x_wconf 80' lang='lat' dir='ltr'><strong>nas</strong></span> <span class='ocrx_word' id='word_1_398' title='bbox 1782 3242 1968 3306; x_wconf 85' lang='lat' dir='ltr'><strong>parari</strong></span> <span class='ocrx_word' id='word_1_399' title='bbox 2000 3242 2231 3305; x_wconf 53' lang='lat' dir='ltr'><strong>iussisse</strong></span> <span class='ocrx_word' id='word_1_400' title='bbox 2264 3241 2493 3300; x_wconf 56' lang='lat' dir='ltr'><strong>multam</strong></span> <span class='ocrx_word' id='word_1_401' title='bbox 2535 3242 2734 3307; x_wconf 81' lang='lat' dir='ltr'><strong>quibus</strong></span> 
     </span>
     <span class='ocr_line' id='line_1_65' title="bbox 1645 3311 2735 3377; baseline 0 -16"><span class='ocrx_word' id='word_1_402' title='bbox 1645 3313 1858 3377; x_wconf 85' lang='lat' dir='ltr'><strong>quoties</strong></span> <span class='ocrx_word' id='word_1_403' title='bbox 1894 3311 2305 3375; x_wconf 80' lang='lat' dir='ltr'><strong>ingrueret-nox</strong></span> <span class='ocrx_word' id='word_1_404' title='bbox 2335 3313 2602 3374; x_wconf 81' lang='lat' dir='ltr'><strong>accensis,</strong></span> <span class='ocrx_word' id='word_1_405' title='bbox 2639 3326 2735 3376; x_wconf 89' lang='lat' dir='ltr'><strong>po-</strong></span> 
     </span>
     <span class='ocr_line' id='line_1_66' title="bbox 1641 3379 2733 3444; baseline 0.001 -16"><span class='ocrx_word' id='word_1_406' title='bbox 1641 3385 1792 3430; x_wconf 85' lang='lat' dir='ltr'><strong>tasse</strong></span> <span class='ocrx_word' id='word_1_407' title='bbox 1836 3380 2322 3444; x_wconf 76' lang='lat' dir='ltr'><strong>voluptatibusque</strong></span> <span class='ocrx_word' id='word_1_408' title='bbox 2375 3379 2733 3431; x_wconf 81' lang='lat' dir='ltr'><strong>indulsisse.“</strong></span> 
     </span>
     <span class='ocr_line' id='line_1_67' title="bbox 1640 3447 2731 3509; baseline 0 -12"><span class='ocrx_word' id='word_1_409' title='bbox 1640 3449 1724 3497; x_wconf 84' lang='lat' dir='ltr'><strong>Ad</strong></span> <span class='ocrx_word' id='word_1_410' title='bbox 1787 3465 1975 3499; x_wconf 84' lang='lat' dir='ltr'><strong>vocem</strong></span> <span class='ocrx_word' id='word_1_411' title='bbox 2033 3447 2528 3509; x_wconf 58' lang='grc' dir='ltr'><strong><em>κατακεκριμένων</em></strong></span> <span class='ocrx_word' id='word_1_412' title='bbox 2584 3451 2731 3500; x_wconf 80' lang='lat' dir='ltr'><strong>conf.</strong></span> 
     </span>
     <span class='ocr_line' id='line_1_68' title="bbox 1640 3517 2731 3580; baseline 0 -13"><span class='ocrx_word' id='word_1_413' title='bbox 1640 3518 1776 3578; x_wconf 86' lang='lat' dir='ltr'>VII,</span> <span class='ocrx_word' id='word_1_414' title='bbox 1817 3518 1935 3570; x_wconf 69' lang='lat'><strong>146.</strong></span> <span class='ocrx_word' id='word_1_415' title='bbox 1972 3518 2083 3580; x_wconf 85' lang='lat' dir='ltr'><strong>IX,</strong></span> <span class='ocrx_word' id='word_1_416' title='bbox 2119 3517 2208 3568; x_wconf 84' lang='lat'><strong>93.</strong></span> <span class='ocrx_word' id='word_1_417' title='bbox 2280 3518 2365 3567; x_wconf 84' lang='lat' dir='ltr'><strong>Ad</strong></span> <span class='ocrx_word' id='word_1_418' title='bbox 2398 3523 2731 3569; x_wconf 81' lang='lat' dir='ltr'><strong>structuram</strong></span> 
     </span>
     <span class='ocr_line' id='line_1_69' title="bbox 1640 3586 2734 3651; baseline 0.003 -16"><span class='ocrx_word' id='word_1_419' title='bbox 1640 3586 1874 3637; x_wconf 84' lang='lat' dir='ltr'><strong>conferri</strong></span> <span class='ocrx_word' id='word_1_420' title='bbox 1898 3591 2174 3651; x_wconf 86' lang='lat' dir='ltr'><strong>poterunt,</strong></span> <span class='ocrx_word' id='word_1_421' title='bbox 2199 3601 2338 3650; x_wconf 86' lang='lat' dir='ltr'><strong>quae</strong></span> <span class='ocrx_word' id='word_1_422' title='bbox 2361 3589 2532 3638; x_wconf 85' lang='lat' dir='ltr'><strong>tradit</strong></span> <span class='ocrx_word' id='word_1_423' title='bbox 2554 3588 2734 3638; x_wconf 72' lang='lat' dir='ltr'><strong>Rueb-</strong></span> 
     </span>
     <span class='ocr_line' id='line_1_70' title="bbox 1639 3655 2734 3718; baseline 0 -15"><span class='ocrx_word' id='word_1_424' title='bbox 1639 3670 1752 3705; x_wconf 93' lang='lat' dir='ltr'><strong>ner.</strong></span> <span class='ocrx_word' id='word_1_425' title='bbox 1805 3657 1899 3707; x_wconf 84' lang='lat' dir='ltr'><strong>Gr.</strong></span> <span class='ocrx_word' id='word_1_426' title='bbox 1948 3656 2042 3706; x_wconf 84' lang='lat' dir='ltr'><strong>Gr.</strong></span> <span class='ocrx_word' id='word_1_427' title='bbox 2104 3659 2157 3718; x_wconf 74' lang='lat'><strong>§.</strong></span> <span class='ocrx_word' id='word_1_428' title='bbox 2199 3655 2299 3706; x_wconf 82' lang='grc'><strong>607</strong></span> <span class='ocrx_word' id='word_1_429' title='bbox 2348 3663 2463 3706; x_wconf 86' lang='lat' dir='ltr'><strong>not.</strong></span> <span class='ocrx_word' id='word_1_430' title='bbox 2538 3656 2734 3706; x_wconf 83' lang='grc' dir='ltr'><strong><em>πίνειν</em></strong></span> 
     </span>
     <span class='ocr_line' id='line_1_71' title="bbox 1638 3724 2730 3809; baseline 0 -36"><span class='ocrx_word' id='word_1_431' title='bbox 1638 3724 1888 3775; x_wconf 88' lang='lat' dir='ltr'><strong>consulto</strong></span> <span class='ocrx_word' id='word_1_432' title='bbox 1922 3726 2126 3775; x_wconf 82' lang='lat' dir='ltr'><strong>Noster</strong></span> <span class='ocrx_word' id='word_1_433' title='bbox 2149 3724 2425 3775; x_wconf 83' lang='lat' dir='ltr'><strong>addidisse</strong></span> <span class='ocrx_word' id='word_1_434' title='bbox 2458 3725 2730 3809; x_wconf 80' lang='lat' dir='ltr'><strong>putandus</strong></span> 
     </span>
     <span class='ocr_line' id='line_1_72' title="bbox 1638 3789 2731 3859; baseline 0 -17"><span class='ocrx_word' id='word_1_435' title='bbox 1638 3798 1752 3855; x_wconf 87' lang='lat' dir='ltr'><strong>est,</strong></span> <span class='ocrx_word' id='word_1_436' title='bbox 1812 3809 1933 3844; x_wconf 89' lang='lat' dir='ltr'><strong>cum</strong></span> <span class='ocrx_word' id='word_1_437' title='bbox 1988 3793 2266 3844; x_wconf 83' lang='lat' dir='ltr'><strong>sufficeret</strong></span> <span class='ocrx_word' id='word_1_438' title='bbox 2311 3794 2502 3859; x_wconf 83' lang='lat' dir='ltr'><strong>utique</strong></span> <span class='ocrx_word' id='word_1_439' title='bbox 2557 3789 2731 3844; x_wconf 68' lang='grc' dir='ltr'><strong><em>ευστα-</em></strong></span> 
     </span>
     <span class='ocr_line' id='line_1_73' title="bbox 1639 3858 2733 3929; baseline 0.003 -19"><span class='ocrx_word' id='word_1_440' title='bbox 1639 3858 1824 3924; x_wconf 81' lang='grc' dir='ltr'><strong><em>θέειν,</em></strong></span> <span class='ocrx_word' id='word_1_441' title='bbox 1872 3863 2185 3929; x_wconf 83' lang='lat' dir='ltr'><strong>superbiam</strong></span> <span class='ocrx_word' id='word_1_442' title='bbox 2220 3862 2364 3926; x_wconf 82' lang='lat' dir='ltr'><strong>regis</strong></span> <span class='ocrx_word' id='word_1_443' title='bbox 2409 3865 2600 3929; x_wconf 88' lang='lat' dir='ltr'><strong>opinor</strong></span> <span class='ocrx_word' id='word_1_444' title='bbox 2642 3863 2733 3912; x_wconf 87' lang='lat' dir='ltr'><strong>de-</strong></span> 
     </span>
     <span class='ocr_line' id='line_1_74' title="bbox 1639 3930 2728 3997; baseline 0 -16"><span class='ocrx_word' id='word_1_445' title='bbox 1639 3930 1972 3994; x_wconf 83' lang='lat' dir='ltr'><strong>claraturus‚</strong></span> <span class='ocrx_word' id='word_1_446' title='bbox 2009 3933 2104 3997; x_wconf 89' lang='lat' dir='ltr'><strong>qui</strong></span> <span class='ocrx_word' id='word_1_447' title='bbox 2136 3935 2330 3981; x_wconf 83' lang='lat' dir='ltr'><strong>contra</strong></span> <span class='ocrx_word' id='word_1_448' title='bbox 2366 3947 2554 3981; x_wconf 78' lang='lat' dir='ltr'><strong>sacras</strong></span> <span class='ocrx_word' id='word_1_449' title='bbox 2578 3932 2728 3997; x_wconf 79' lang='lat' dir='ltr'><strong>leges</strong></span> 
     </span>
     <span class='ocr_line' id='line_1_75' title="bbox 1642 4000 2729 4064; baseline 0.001 -16"><span class='ocrx_word' id='word_1_450' title='bbox 1642 4000 1756 4049; x_wconf 86' lang='lat' dir='ltr'><strong>vini</strong></span> <span class='ocrx_word' id='word_1_451' title='bbox 1789 4002 2007 4051; x_wconf 87' lang='lat' dir='ltr'><strong>modum</strong></span> <span class='ocrx_word' id='word_1_452' title='bbox 2053 4005 2260 4051; x_wconf 85' lang='lat' dir='ltr'><strong>certum</strong></span> <span class='ocrx_word' id='word_1_453' title='bbox 2294 4001 2729 4064; x_wconf 82' lang='lat' dir='ltr'><strong>praescribentes</strong></span> 
     </span>
     <span class='ocr_line' id='line_1_76' title="bbox 1643 4070 2731 4134; baseline 0 -16"><span class='ocrx_word' id='word_1_454' title='bbox 1643 4070 1724 4119; x_wconf 88' lang='lat' dir='ltr'><strong>sic</strong></span> <span class='ocrx_word' id='word_1_455' title='bbox 1763 4085 1860 4134; x_wconf 91' lang='lat' dir='ltr'><strong>per</strong></span> <span class='ocrx_word' id='word_1_456' title='bbox 1894 4075 2067 4120; x_wconf 87' lang='lat' dir='ltr'><strong>totam</strong></span> <span class='ocrx_word' id='word_1_457' title='bbox 2101 4073 2318 4120; x_wconf 83' lang='lat' dir='ltr'><strong>noctem</strong></span> <span class='ocrx_word' id='word_1_458' title='bbox 2354 4070 2541 4120; x_wconf 81' lang='lat' dir='ltr'><strong>vinum</strong></span> <span class='ocrx_word' id='word_1_459' title='bbox 2590 4085 2731 4119; x_wconf 90' lang='lat' dir='ltr'><strong>sum-</strong></span> 
     </span>
     <span class='ocr_line' id='line_1_77' title="bbox 1643 4138 2725 4198; baseline 0 -11"><span class='ocrx_word' id='word_1_460' title='bbox 1643 4138 1801 4187; x_wconf 87' lang='lat' dir='ltr'><strong>serit·</strong></span> <span class='ocrx_word' id='word_1_461' title='bbox 1788 4176 1801 4198; x_wconf 89' lang='lat'>,</span> <span class='ocrx_word' id='word_1_462' title='bbox 1823 4140 1970 4189; x_wconf 83' lang='lat' dir='ltr'><strong>conf.</strong></span> <span class='ocrx_word' id='word_1_463' title='bbox 1990 4138 2321 4188; x_wconf 84' lang='lat' dir='ltr'><strong>Wilkinson.</strong></span> <span class='ocrx_word' id='word_1_464' title='bbox 2342 4139 2600 4188; x_wconf 82' lang='lat' dir='ltr'><strong>Manners</strong></span> <span class='ocrx_word' id='word_1_465' title='bbox 2621 4144 2725 4188; x_wconf 84' lang='lat' dir='ltr'><strong>etc.</strong></span> 
     </span>
     <span class='ocr_line' id='line_1_78' title="bbox 1640 4206 2841 4272; baseline -0.001 -16"><span class='ocrx_word' id='word_1_466' title='bbox 1640 4207 1719 4257; x_wconf 89' lang='lat'><strong>11.</strong></span> <span class='ocrx_word' id='word_1_467' title='bbox 1765 4224 1817 4271; x_wconf 88' lang='lat' dir='ltr'><strong>p.</strong></span> <span class='ocrx_word' id='word_1_468' title='bbox 1864 4208 1957 4259; x_wconf 77' lang='lat'><strong>¹65</strong></span> <span class='ocrx_word' id='word_1_469' title='bbox 2013 4212 2070 4257; x_wconf 88' lang='lat' dir='ltr'><strong>et</strong></span> <span class='ocrx_word' id='word_1_470' title='bbox 2115 4207 2231 4258; x_wconf 81' lang='lat' dir='ltr'><strong>vid.</strong></span> <span class='ocrx_word' id='word_1_471' title='bbox 2269 4223 2437 4272; x_wconf 84' lang='lat' dir='ltr'><strong>supra</strong></span> <span class='ocrx_word' id='word_1_472' title='bbox 2480 4211 2623 4257; x_wconf 88' lang='lat' dir='ltr'><strong>nott.</strong></span> <span class='ocrx_word' id='word_1_473' title='bbox 2661 4206 2730 4256; x_wconf 80' lang='lat' dir='ltr'><strong>ad</strong></span> <span class='ocrx_word' id='word_1_474' title='bbox 2836 4207 2841 4216; x_wconf 88' lang='lat'>&#39;</span> 
     </span>
     <span class='ocr_line' id='line_1_79' title="bbox 1644 4276 1857 4338; baseline 0.005 -12"><span class='ocrx_word' id='word_1_475' title='bbox 1644 4276 1732 4338; x_wconf 87' lang='lat'><strong>11,</strong></span> <span class='ocrx_word' id='word_1_476' title='bbox 1768 4276 1857 4327; x_wconf 84' lang='lat'><strong>37.</strong></span> 
     </span>
    </p>
   </div>
  </div>
 </body>
</html>
