3109 5092
431 235 555 300 716

1295 236 1831 301 HERODOTI

432 418 786 481 τελευταῖα
828 409 902 479 δὲ
944 407 1151 499 αὐτῆς
1194 408 1275 480 τὰ
1315 413 1589 497 ἐπίγαια
1630 411 1743 479 καὶ
1780 408 1862 480 τὰ
1898 379 2259 480 κατωτάτω
2290 413 2733 498 ἐξεποίησαν.

433 512 860 603 Σεσήμανται
921 514 998 584 δὲ
1044 511 1158 583 διὰ
1197 513 1608 604 γραμμάτων
1646 519 2049 600 Αἰγυπτίων
2101 517 2178 583 ἐν
2228 518 2313 600 τῇ
2352 519 2733 602 πυραμίδι,

430 682 617 747 itaque
634 681 934 746 pyramidis
965 681 1262 747 superiora,
1292 687 1406 733 tum
1431 682 1520 732 de-

431 752 754 801 scendentes
799 750 1012 816 reliqua
1055 751 1520 816 perpoliverunt.“

432 821 524 872 Sic
564 825 712 870 recte
757 819 1186 886 Wesselingius,
1235 837 1265 870 e
1317 823 1519 871 Nostro

433 891 612 940 citans
649 889 708 952 1,
747 888 864 940 164.
914 890 1003 952 11,
1052 892 1163 941 175.
1201 891 1280 953 V,
1317 892 1414 953 62,
1454 907 1520 940 ex

432 959 557 1009 aliis
609 958 746 1020 alia,
810 959 1007 1024 quibus
1061 960 1412 1025 perfectionis
1465 965 1521 1009 et

433 1027 795 1079 absolutionis
829 1029 1105 1079 notionem
1137 1029 1242 1080 hoc
1266 1031 1322 1079 in
1353 1030 1519 1080 verbo

433 1099 612 1149 inesse
640 1097 854 1163 probet.
925 1099 1104 1164 Atque
1134 1100 1352 1149 omnino
1382 1100 1519 1149 satis

432 1183 578 1217 nunc
619 1171 754 1217 nota
799 1166 909 1216 ista
953 1167 1038 1216 vis
1096 1169 1519 1233 praepositionis

434 1227 490 1297 ἐξ
528 1238 585 1285 in
618 1236 800 1285 verbis
844 1238 1183 1301 compositis.
1243 1238 1363 1287 Hoc
1397 1237 1519 1288 loco

433 1305 700 1371 perfectio
737 1306 1034 1368 pyramidis
1069 1307 1314 1371 inprimis
1352 1308 1521 1372 perti-

433 1379 529 1425 net
573 1373 644 1423 ad
691 1374 892 1438 politos
928 1375 1065 1425 istos
1109 1376 1346 1441 lapides,
1401 1378 1520 1440 qui-

433 1445 535 1494 bus
585 1443 1019 1507 superstruendis
1069 1449 1189 1495 tota
1223 1446 1520 1510 pyramidis

434 1511 749 1577 superficies
796 1512 971 1563 laevis
1025 1519 1081 1562 et
1129 1515 1295 1579 plana
1339 1514 1518 1576 fieret3

433 1583 529 1633 ubi
559 1582 775 1631 initium
811 1582 1076 1633 facientes
1103 1598 1138 1634 a
1160 1599 1366 1634 summo
1399 1583 1520 1635 loco

436 1652 551 1716 (ubi
588 1649 821 1701 faciliori
857 1667 1024 1716 opera
1067 1653 1170 1703 hoc
1209 1652 1396 1716 perfici
1432 1670 1522 1718 po-

436 1721 609 1780 terat)
657 1719 785 1770 inde
829 1720 901 1771 ad
947 1721 1055 1771 ima
1098 1720 1520 1773 descendebant.

434 1792 626 1855 Neque
664 1790 808 1839 enim
842 1790 950 1841 alio
981 1791 1141 1841 modo
1175 1795 1353 1841 totum
1385 1807 1521 1855 opus

435 1859 624 1926 perfici
670 1860 876 1924 potuit,
929 1866 992 1910 ut
1029 1860 1270 1911 ostendit
1315 1861 1447 1910 Hirt
1481 1860 1519 1911 l.

434 1931 474 1981 l.
503 1947 556 1994 p.
582 1929 649 1979 25
688 1934 742 1978 et
767 1930 1108 1994 potissimum
1145 1930 1349 1980 Wilde:
1387 1931 1522 1980 Nar-

434 2000 613 2050 rative
649 1997 711 2047 of
742 1999 1023 2065 aVoyage
1058 2005 1118 2049 to
1147 1999 1393 2049 Madeira
1415 2004 1519 2050 etc.

437 2066 718 2130 including
745 2082 779 2116 a
802 2068 934 2117 visit
968 2073 1026 2119 to
1055 2070 1242 2133 Egypt
1267 2074 1373 2118 ete.
1412 2070 1524 2119 Du·

438 2137 570 2188 blin.
605 2134 757 2185 1844.
796 2152 851 2200 p.
870 2138 976 2188 270
1007 2152 1146 2202 seq„
1181 2137 1522 2188 Athenaeum

439 2205 594 2258 1843.
651 2220 737 2255 nr.
789 2203 910 2255 829.
959 2222 1085 2270 pag.
1135 2205 1239 2259 829
1295 2205 1410 2269 (ubi
1464 2208 1522 2257 id

438 2276 615 2340 ipsum
671 2273 909 2338 imagine
952 2275 1142 2324 addita
1193 2274 1519 2338 illustratur)

439 2349 495 2394 et
531 2342 685 2393 1844.
707 2358 790 2393 nr.
819 2343 937 2393 160.
959 2360 1015 2408 p.
1037 2343 1161 2396 359.
1220 2346 1358 2396 Add.
1391 2345 1525 2396 Wil-

437 2414 636 2464 kinson
681 2413 761 2462 in:
812 2412 1075 2478 Quaterly
1107 2414 1325 2465 Review
1365 2414 1520 2467 1835.

437 2499 522 2534 nr.
559 2481 670 2532 CV.
709 2497 764 2546 p.
799 2483 918 2543 115,
955 2484 1256 2535 Letronne:
1293 2485 1525 2535 Recher-

438 2552 566 2603 ches
614 2567 707 2602 sur
741 2552 924 2603 Dicuil
959 2569 1015 2618 p.
1060 2554 1161 2604 104
1206 2553 1325 2605 coll.
1365 2556 1527 2606 Jour-

437 2621 530 2674 nal
562 2621 617 2673 d.
657 2622 787 2673 Say.
829 2622 985 2674 1841.
1034 2639 1087 2687 p.
1125 2623 1247 2674 459.
1334 2625 1527 2689 Neque

437 2708 567 2743 vero
614 2692 862 2757 equidem
911 2693 1136 2743 verbum
1188 2684 1524 2757 ἐξεποιήθη,

436 2754 749 2823 ἐξεποίευν,
774 2750 1113 2826 ἐξεποίησαν
1137 2762 1208 2812 ad
1230 2779 1392 2813 unam
1416 2762 1525 2812 lae-

437 2830 663 2894 vigandi
688 2845 933 2893 operam,
981 2830 1184 2881 factam
1221 2831 1371 2882 illam
1410 2832 1525 2896 qui-

440 2899 560 2949 dem
595 2897 869 2962 lapidibus
911 2899 1218 2949 rudioribus
1262 2902 1318 2951 in
1353 2901 1524 2952 altum

442 2966 621 3026 elatis,
657 2966 957 3028 retulerim,
1016 2969 1112 3018 sed
1148 2968 1215 3018 de
1247 2975 1363 3020 toto
1401 2986 1525 3020 con·

439 3034 704 3086 ficiendae
750 3036 1045 3109 pyr-amidis
1091 3039 1312 3100 negotio
1369 3039 1526 3090 iutel-

436 3105 571 3170 ligo,
611 3105 754 3169 quod
778 3120 952 3169 aeque
986 3104 1262 3170 lapidibus
1293 3107 1443 3159 hisce
1467 3109 1524 3158 in

437 3175 607 3226 altum
651 3173 907 3225 tollendis
955 3180 1120 3240 atque
1156 3181 1269 3226 tum
1309 3193 1524 3241 compo·

437 3244 630 3296 nendis
661 3249 717 3295 et
746 3244 1113 3309 laevigandis,
1149 3251 1209 3295 ut
1244 3245 1408 3309 plana
1434 3246 1536 3298 tie-⁴

438 3319 522 3365 ret
542 3318 663 3365 tota
683 3314 1013 3380 superficies,
1040 3316 1308 3367 constitit.
1360 3317 1524 3367 Nam-

438 3400 545 3451 que
605 3384 884 3449 pyramide
938 3384 1044 3435 hoc
1110 3385 1271 3435 modo
1331 3402 1526 3437 conve-

438 3453 653 3505 stienda
690 3455 810 3519 ipsa
843 3455 1021 3518 operis
1053 3455 1317 3518 perfectio
1354 3456 1525 3505 couti-

438 3524 688 3575 nebatur.
761 3524 921 3586 Quod
955 3524 1089 3574 nihil
1125 3524 1378 3588 impedit,
1417 3540 1523 3589 quo

437 3595 615 3643 minus
654 3594 764 3642 iam
802 3598 966 3645 antea
1005 3594 1062 3643 hi
1095 3592 1304 3658 lapides
1340 3593 1523 3659 aliquo

439 3662 599 3713 modo
626 3663 807 3726 parati
841 3662 1086 3729 adeoque
1118 3663 1383 3727 laevigati
1413 3664 1525 3713 fue-

438 3732 573 3792 rint,
610 3731 825 3796 qualem
857 3747 1077 3796 operam
1103 3732 1321 3783 exhibet
1343 3733 1524 3797 imago

439 3799 851 3850 a0Wilkinsono
887 3802 1143 3852 Manners
1180 3807 1285 3855 etc.
1325 3801 1433 3852 111.
1466 3817 1521 3866 p.

439 3869 541 3922 335
578 3867 813 3931 prolata.

508 3928 867 4000 Σεσήμανται
929 3930 993 3986 δὲ
1041 3929 1137 3987 διὰ
1186 3928 1525 4001 γραμμάτων

439 4002 764 4070 Αἰγυπτίων
795 3997 854 4055 ἔν
880 4005 951 4070 τῇ
989 4003 1289 4072 πυραμίδι]
1328 4007 1525 4057 Inscri-

438 4080 534 4142 pta
567 4075 706 4126 haec
747 4075 920 4124 fuisse
952 4074 1227 4138 lapidibus
1266 4074 1380 4126 illis
1415 4075 1526 4127 lae-

436 4144 671 4211 vigatis,
716 4144 913 4208 quibus
950 4147 1068 4193 tota
1102 4145 1343 4209 pyramis
1378 4149 1528 4195 tecta

438 4215 574 4276 fuit,
613 4213 748 4263 satis
786 4215 1241 4274 consentaneum,
1278 4215 1352 4264 cf.
1378 4215 1526 4265 Hirt.

1621 696 1828 746 μανται
1858 681 1970 733 noli
1997 697 2096 747 pro
2121 681 2319 748 plurali
2344 682 2613 748 accipere,
2662 686 2738 731 ut

1623 752 1751 802 olim
1787 752 1922 814 feci,
1986 767 2109 802 cum
2152 751 2446 818 singularis
2498 752 2573 800 sit
2618 767 2737 800 nu-

1621 837 1830 882 merus3
1868 821 2012 872 conf.
2048 821 2283 872 Bredov,
2302 838 2357 887 p.
2377 821 2500 873 360.
2541 812 2735 885 γράμ-

1621 906 1771 955 ματα
1806 883 2086 954 Αἰγύπτια
2119 890 2209 941 hic
2256 891 2323 940 de
2355 889 2575 956 vulgari
2610 889 2735 940 Ae-

1623 961 1935 1026 gyptiorum
1972 961 2268 1025 scriptura,
2305 975 2481 1025 neque
2503 960 2573 1010 de
2594 959 2735 1009 hie-

1622 1030 1954 1095 roglyphicis
1993 1029 2170 1079 literis
2207 1030 2385 1093 accipi
2423 1028 2545 1079 vult
2580 1030 2733 1079 Lar-

1624 1099 1848 1161 cherus,
1888 1115 2008 1149 cum
2046 1098 2223 1148 adhuc
2256 1098 2410 1149 nulla
2442 1098 2735 1163 hieroglyss

1620 1168 1900 1234 phicorum
1953 1168 2190 1233 vestigia
2235 1168 2291 1217 in
2337 1168 2735 1232 pyramidibus

1623 1239 2046 1303 conspiciantur.
2129 1237 2282 1287 Idem
2326 1237 2511 1302 placet
2547 1236 2735 1287 Dalil-

1622 1323 1823 1357 manno
1869 1306 2024 1371 (Her.
2064 1324 2120 1373 p.
2157 1305 2280 1371 65),
2336 1322 2461 1356 cum
2507 1306 2737 1371 alioqui

1622 1392 1961 1441 supervacua
2013 1381 2159 1428 esset
2212 1391 2317 1426 vox
2363 1371 2730 1439 Αἰγυπτίων,

1621 1446 1905 1511 ipsumque
1953 1447 2089 1497 adeo
2128 1445 2503 1509 inscriptionis
2552 1460 2732 1510 argu-

1622 1521 1863 1566 mentum
1907 1515 2280 1581 hieroglyphis
2320 1515 2567 1580 profecto
2615 1515 2731 1563 mi-

1622 1601 1725 1635 nus
1779 1586 2001 1650 dignum
2054 1585 2283 1635 fuisset.-
2352 1585 2535 1648 Atque
2588 1597 2729 1633 cum

1624 1659 1747 1717 post
1764 1654 2078 1706 Herodotus
2100 1655 2451 1717 interpretem
2476 1652 2731 1718 appellet

1626 1711 1945 1786 (ἑρμηνέα),
2000 1723 2096 1787 qui
2137 1723 2244 1787 ipsi
2284 1721 2420 1772 haec
2460 1722 2728 1783 edixerit,

1624 1790 1868 1855 vulgaris
1899 1792 2169 1842 hominem
2193 1790 2523 1841 conditionis
2553 1795 2730 1854 putat

1627 1859 1797 1910 fuisse
1834 1860 2207 1911 Graecanicae
2251 1860 2487 1910 fortasse
2520 1860 2726 1921 faecis,

1624 1943 1766 1994 quae
1808 1929 1935 1980 inde
1982 1945 2015 1979 a
2052 1929 2426 1980 Psammitichi
2472 1935 2726 1993 tempore

1623 1998 2576 2132 mus?
2603 1999 2727 2118 ξεῖ

1624 2141 1765 2196 ster,
1803 2153 1912 2203 qua
1928 2137 2035 2188 fide
2057 2143 2176 2189 erat
2195 2138 2252 2187 in
2277 2139 2527 2188 omnibus
2557 2152 2727 2187 enar-

1624 2207 1838 2267 randis,
1876 2206 1931 2260 h.
1961 2206 1997 2256 l.
2022 2199 2128 2256 τὸν
2154 2199 2397 2271 ἑρμηνέα
2431 2211 2631 2258 testem
2660 2210 2727 2256 et

1624 2281 1899 2326 auctorem
1924 2275 2177 2326 attulisse
2200 2276 2434 2338 videtur,
2471 2292 2541 2327 ne
2560 2276 2723 2337 haec,

1627 2350 1690 2395 nt
1722 2345 1862 2407 alia,
1900 2361 2043 2410 quae
2078 2345 2261 2407 affert,
2301 2361 2331 2396 e
2366 2346 2724 2396 sacerdotum

1628 2430 1721 2465 ore
1770 2414 1994 2466 fluxisse
2042 2420 2389 2479 putarentur,
2452 2414 2522 2465 ad
2579 2430 2724 2479 quos

1627 2487 1879 2534 auctores
1896 2499 2196 2548 provocare
2220 2484 2359 2534 solet
2382 2486 2439 2533 in
2463 2485 2550 2545 iis,
2575 2499 2726 2548 quae

1628 2552 1699 2603 ad
1732 2552 2017 2603 historiam
2050 2559 2147 2604 aut
2171 2555 2240 2604 ad
2263 2569 2351 2603 res
2386 2568 2574 2603 sacras
2598 2569 2725 2617 per-

1627 2623 1834 2682 tinent3
1877 2624 1948 2673 ad
1982 2639 2117 2688 quos
2144 2623 2361 2674 eosdem
2392 2622 2517 2672 inde
2550 2623 2722 2672 etiam

1628 2691 1805 2742 refero
1840 2692 1975 2742 illud
2015 2687 2225 2756 ἔλεγον,
2264 2691 2408 2756 quod
2437 2707 2563 2742 mox
2587 2705 2719 2756 cap.

1629 2760 1732 2811 126
1768 2766 1823 2810 et
1867 2763 1964 2811 127
1996 2761 2217 2826 legitur.
2292 2761 2400 2811 Sed
2446 2760 2517 2811 ad
2555 2776 2725 2826 pyra-

1628 2830 1787 2880 midis
1822 2831 2230 2897 inscriptionem
2265 2830 2407 2880 hanc
2448 2830 2721 2894 interpre·
2808 2884 2815 2887 ,

1627 2899 1847 2949 tandam
1896 2901 1977 2950 uti
2027 2904 2245 2964 poterat
2287 2899 2531 2964 vulgaris
2583 2914 2721 2949 con-

1629 2968 1854 3018 ditionis
1890 2968 2136 3032 homine,
2186 2984 2293 3033 quo
2323 2969 2460 3019 duce
2496 2968 2719 3018 omnino

1628 3053 1723 3103 per
1748 3038 2056 3104 Aegyptum
2090 3038 2366 3100 utebatur,
2404 3038 2497 3103 qui
2526 3038 2723 3102 vulg-a-

1626 3108 1704 3158 ris
1751 3109 2051 3173 scripturae
2090 3113 2146 3159 et
2180 3107 2402 3173 linguae
2450 3108 2587 3158 satis
2624 3122 2723 3172 pe-

1627 3178 1765 3226 ritus
1811 3178 2223 3242 inscriptionem
2272 3168 2412 3237 „oui
2459 3168 2719 3240 γραμμά-

1624 3260 1740 3295 των
1774 3240 2137 3310 Αἰγυπτίων*
2184 3247 2390 3296 factam
2442 3245 2719 3311 explicare

1626 3315 1824 3379 potuit.
1863 3316 2011 3377 Quas
2029 3316 2219 3366 literas
2243 3314 2387 3380 quod
2413 3314 2718 3380 Aegyptias

1623 3385 1825 3435 Noster
1860 3384 2022 3446 dicit,
2054 3400 2229 3449 neque
2264 3378 2453 3446 ἱερὰς,
2490 3384 2545 3434 id
2580 3382 2719 3433 mihi

1624 3454 1828 3503 indicio
1865 3468 1986 3504 esse
2020 3454 2265 3516 videtur,
2303 3454 2559 3517 vulgares
2593 3452 2718 3503 lite-

1625 3537 1745 3582 ras,
1799 3538 1933 3588 quas
1983 3524 2282 3574 demoticas
2316 3538 2482 3588 supra
2516 3523 2603 3585 11,
2643 3520 2715 3574 36

1627 3592 1788 3652 dixit,
1837 3592 1892 3642 h.
1927 3591 1966 3642 1.
2006 3592 2391 3657 intelligendas
2427 3607 2577 3650 esse,
2622 3607 2719 3640 ne-

1626 3675 1730 3726 que
1754 3665 1915 3712 notas
1949 3660 2415 3727 hieroglyphicas,
2445 3660 2633 3726 quales
2656 3660 2716 3710 h.

1624 3729 1660 3781 l.
1698 3729 1967 3781 intellexit
2016 3732 2292 3781 Letronne
2340 3732 2426 3780 in:
2482 3729 2717 3781 Journal

1627 3799 1827 3850 &Sam
1848 3800 1975 3851 1841
1990 3841 2001 3852 .
2017 3800 2204 3864 p.397.
2236 3800 2355 3860 Quo
2378 3800 2581 3849 rectius
2600 3798 2719 3862 opi-

1627 3884 1726 3919 nor
1756 3868 2093 3920 Wilkinson:
2133 3869 2347 3920 Thebes
2381 3870 2490 3919 and
2508 3870 2714 3933 Egypt.

1627 3954 1681 4003 p.
1710 3936 1814 3988 335
1850 3938 1917 3989 de
1947 3937 2317 4004 hieroglyphis
2353 3938 2446 3988 hic
2481 3937 2718 4001 cog-itari

1625 4021 1788 4072 posse
1820 4011 2007 4072 negat.
2077 4009 2152 4058 At
2185 4022 2317 4058 vero
2344 4006 2449 4057 hoc
2487 4006 2720 4070 scriptu-

1626 4091 1722 4127 rae
1752 4091 1924 4141 genus
1947 4077 2294 4137 demoticum,
2331 4074 2474 4140 quod
2496 4080 2719 4138 vocant,

1629 4161 1694 4196 eo
1727 4149 1986 4210 tempore,
2025 4161 2133 4210 quo
2165 4144 2476 4210 pyramides
2510 4152 2722 4194 exstru-

1630 4219 1753 4265 ctae
1788 4214 2037 4275 fuerunt,
2077 4215 2316 4264 nondum
2352 4213 2634 4263 exstitisse
2670 4214 2720 4262 si

437 4285 478 4338 l.
523 4284 562 4335 1.
611 4299 665 4351 p.
723 4281 786 4334 13
838 4297 990 4348 seqq.
1076 4282 1314 4333 Verbum
1368 4274 1528 4349 σεσή-
1553 4287 1589 4324 ⁸
1631 4283 1946 4346 contendas,
1982 4284 2165 4352 potuit
2196 4284 2387 4350 utique
2421 4282 2723 4348 posteriore
