<?xml version="1.0" encoding="UTF-8"?>
<!DOCTYPE html PUBLIC "-//W3C//DTD XHTML 1.0 Transitional//EN"
    "http://www.w3.org/TR/xhtml1/DTD/xhtml1-transitional.dtd">
<html xmlns="http://www.w3.org/1999/xhtml" xml:lang="en" lang="en">
 <head>
  <title>
</title>
<meta http-equiv="Content-Type" content="text/html;charset=utf-8" />
  <meta name='ocr-system' content='tesseract 3.04.00' />
  <meta name='ocr-capabilities' content='ocr_page ocr_carea ocr_par ocr_line ocrx_word'/>
</head>
<body>
  <div class='ocr_page' id='page_1' title='image "./herodotihalicar02unkngoog_0637.png"; bbox 0 0 3109 5092; ppageno 0'>
   <div class='ocr_carea' id='block_1_1' title="bbox 1126 342 1889 406">
    <p class='ocr_par' dir='ltr' id='par_1_1' title="bbox 1126 342 1889 406">
     <span class='ocr_line' id='line_1_1' title="bbox 1126 342 1889 406; baseline 0.004 -6"><span class='ocrx_word' id='word_1_1' title='bbox 1126 342 1629 404; x_wconf 78' lang='lat' dir='ltr'><strong>EUTERPE.</strong></span> <span class='ocrx_word' id='word_1_2' title='bbox 1674 344 1760 404; x_wconf 89' lang='lat' dir='ltr'><strong>H.</strong></span> <span class='ocrx_word' id='word_1_3' title='bbox 1798 351 1889 406; x_wconf 86' lang='grc'><strong>86.</strong></span> 
     </span>
    </p>
   </div>
   <div class='ocr_carea' id='block_1_2' title="bbox 2518 339 2644 403">
    <p class='ocr_par' dir='ltr' id='par_1_2' title="bbox 2518 339 2644 403">
     <span class='ocr_line' id='line_1_2' title="bbox 2518 339 2644 403; baseline 0.008 -1"><span class='ocrx_word' id='word_1_4' title='bbox 2518 339 2644 403; x_wconf 89' lang='grc'><strong>617</strong></span> 
     </span>
    </p>
   </div>
   <div class='ocr_carea' id='block_1_3' title="bbox 364 513 2642 710">
    <p class='ocr_par' dir='ltr' id='par_1_3' title="bbox 364 513 2642 710">
     <span class='ocr_line' id='line_1_3' title="bbox 364 513 2642 606; baseline -0 -20"><span class='ocrx_word' id='word_1_5' title='bbox 364 513 571 586; x_wconf 77' lang='grc' dir='ltr'><strong><em>ἐπεὰν</em></strong></span> <span class='ocrx_word' id='word_1_6' title='bbox 606 516 682 585; x_wconf 75' lang='grc' dir='ltr'><strong>δὲ</strong></span> <span class='ocrx_word' id='word_1_7' title='bbox 718 517 1110 604; x_wconf 81' lang='grc' dir='ltr'><strong><em>παρέλθωσι</em></strong></span> <span class='ocrx_word' id='word_1_8' title='bbox 1143 518 1219 583; x_wconf 82' lang='grc' dir='ltr'><strong>αἰ</strong></span> <span class='ocrx_word' id='word_1_9' title='bbox 1243 515 1738 606; x_wconf 74' lang='grc' dir='ltr'><strong><em>ἑβδομήκοντα,</em></strong></span> <span class='ocrx_word' id='word_1_10' title='bbox 1790 516 2153 597; x_wconf 79' lang='grc' dir='ltr'><strong><em>λούσαντες</em></strong></span> <span class='ocrx_word' id='word_1_11' title='bbox 2209 513 2330 584; x_wconf 80' lang='grc' dir='ltr'><strong><em>τὸν</em></strong></span> <span class='ocrx_word' id='word_1_12' title='bbox 2374 513 2642 605; x_wconf 77' lang='grc' dir='ltr'><strong><em>νεκρὸν,</em></strong></span> 
     </span>
     <span class='ocr_line' id='line_1_4' title="bbox 367 614 2639 710; baseline -0 -21"><span class='ocrx_word' id='word_1_13' title='bbox 367 626 864 702; x_wconf 67' lang='grc' dir='ltr'><strong><em>κατειλίσσουσι</em></strong></span> <span class='ocrx_word' id='word_1_14' title='bbox 913 622 1051 687; x_wconf 80' lang='grc' dir='ltr'><strong><em>πᾶν</em></strong></span> <span class='ocrx_word' id='word_1_15' title='bbox 1091 614 1303 688; x_wconf 81' lang='grc' dir='ltr'><strong><em>αὐτοῦ</em></strong></span> <span class='ocrx_word' id='word_1_16' title='bbox 1355 619 1429 688; x_wconf 86' lang='grc' dir='ltr'><strong>τὸ</strong></span> <span class='ocrx_word' id='word_1_17' title='bbox 1467 625 1659 710; x_wconf 75' lang='grc' dir='ltr'><strong><em>σῶμα</em></strong></span> <span class='ocrx_word' id='word_1_18' title='bbox 1720 619 2031 700; x_wconf 80' lang='grc' dir='ltr'><strong><em>σινδόνος</em></strong></span> <span class='ocrx_word' id='word_1_19' title='bbox 2079 627 2406 708; x_wconf 82' lang='grc' dir='ltr'><strong><em>βυσσίνης</em></strong></span> <span class='ocrx_word' id='word_1_20' title='bbox 2446 628 2639 689; x_wconf 77' lang='grc' dir='ltr'><strong><em>τελα-</em></strong></span> 
     </span>
    </p>
   </div>
   <div class='ocr_carea' id='block_1_4' title="bbox 367 787 1452 922">
    <p class='ocr_par' dir='ltr' id='par_1_4' title="bbox 367 787 1452 922">
     <span class='ocr_line' id='line_1_5' title="bbox 367 787 1450 851; baseline -0.001 -12"><span class='ocrx_word' id='word_1_21' title='bbox 367 790 434 839; x_wconf 89' lang='lat' dir='ltr'><strong>de</strong></span> <span class='ocrx_word' id='word_1_22' title='bbox 470 788 526 836; x_wconf 81' lang='lat' dir='ltr'><strong>vi</strong></span> <span class='ocrx_word' id='word_1_23' title='bbox 564 787 816 849; x_wconf 80' lang='lat' dir='ltr'><strong>siccandi,</strong></span> <span class='ocrx_word' id='word_1_24' title='bbox 855 802 994 851; x_wconf 82' lang='lat' dir='ltr'><strong>quae</strong></span> <span class='ocrx_word' id='word_1_25' title='bbox 1029 787 1084 836; x_wconf 91' lang='lat' dir='ltr'><strong>in</strong></span> <span class='ocrx_word' id='word_1_26' title='bbox 1110 790 1269 837; x_wconf 88' lang='lat' dir='ltr'><strong>natro</strong></span> <span class='ocrx_word' id='word_1_27' title='bbox 1291 787 1450 839; x_wconf 84' lang='lat' dir='ltr'><strong>inest.</strong></span> 
     </span>
     <span class='ocr_line' id='line_1_6' title="bbox 370 855 1452 922; baseline 0.002 -16"><span class='ocrx_word' id='word_1_28' title='bbox 370 858 489 919; x_wconf 82' lang='lat' dir='ltr'><strong>Quo</strong></span> <span class='ocrx_word' id='word_1_29' title='bbox 524 857 644 922; x_wconf 88' lang='lat' dir='ltr'><strong>ipso</strong></span> <span class='ocrx_word' id='word_1_30' title='bbox 682 856 858 906; x_wconf 89' lang='lat' dir='ltr'><strong>omnis</strong></span> <span class='ocrx_word' id='word_1_31' title='bbox 894 855 1103 906; x_wconf 83' lang='lat' dir='ltr'><strong>tollitur</strong></span> <span class='ocrx_word' id='word_1_32' title='bbox 1136 856 1452 908; x_wconf 86' lang='lat' dir='ltr'><strong>difficultas.</strong></span> 
     </span>
    </p>
   </div>
   <div class='ocr_carea' id='block_1_5' title="bbox 270 916 1456 992">
    <p class='ocr_par' dir='ltr' id='par_1_5' title="bbox 270 916 1456 992">
     <span class='ocr_line' id='line_1_7' title="bbox 270 916 1456 992; baseline 0.001 -15"><span class='ocrx_word' id='word_1_33' title='bbox 270 916 284 931; x_wconf 79' lang='lat'><strong><em>‘</em></strong></span> <span class='ocrx_word' id='word_1_34' title='bbox 367 929 556 992; x_wconf 81' lang='lat' dir='ltr'>Neque</span> <span class='ocrx_word' id='word_1_35' title='bbox 577 926 665 975; x_wconf 89' lang='lat' dir='ltr'><strong>hic</strong></span> <span class='ocrx_word' id='word_1_36' title='bbox 685 939 896 991; x_wconf 89' lang='lat' dir='ltr'><strong>quoque</strong></span> <span class='ocrx_word' id='word_1_37' title='bbox 908 924 1310 990; x_wconf 89' lang='lat' dir='ltr'><strong>negligendum,</strong></span> <span class='ocrx_word' id='word_1_38' title='bbox 1331 943 1456 992; x_wconf 87' lang='lat' dir='ltr'><strong>ope-</strong></span> 
     </span>
    </p>
   </div>
   <div class='ocr_carea' id='block_1_6' title="bbox 366 995 1457 1187">
    <p class='ocr_par' dir='ltr' id='par_1_6' title="bbox 366 995 1457 1186">
     <span class='ocr_line' id='line_1_8' title="bbox 369 995 1453 1060; baseline 0 -13"><span class='ocrx_word' id='word_1_39' title='bbox 369 997 706 1047; x_wconf 89' lang='lat' dir='ltr'><strong>rosissimam</strong></span> <span class='ocrx_word' id='word_1_40' title='bbox 744 1000 799 1045; x_wconf 90' lang='lat' dir='ltr'><strong>et</strong></span> <span class='ocrx_word' id='word_1_41' title='bbox 835 995 1358 1060; x_wconf 83' lang='lat' dir='ltr'><strong>praestantissimam</strong></span> <span class='ocrx_word' id='word_1_42' title='bbox 1401 997 1453 1047; x_wconf 88' lang='lat' dir='ltr'><strong>h.</strong></span> 
     </span>
     <span class='ocr_line' id='line_1_9' title="bbox 366 1065 1457 1117; baseline 0.001 -2"><span class='ocrx_word' id='word_1_43' title='bbox 366 1065 401 1117; x_wconf 92' lang='lat' dir='ltr'><strong>l.</strong></span> <span class='ocrx_word' id='word_1_44' title='bbox 444 1065 786 1116; x_wconf 76' lang='lat' dir='ltr'><strong>condituram</strong></span> <span class='ocrx_word' id='word_1_45' title='bbox 824 1080 858 1114; x_wconf 91' lang='lat' dir='ltr'><strong>a</strong></span> <span class='ocrx_word' id='word_1_46' title='bbox 900 1065 1103 1115; x_wconf 83' lang='lat' dir='ltr'><strong>Nostro</strong></span> <span class='ocrx_word' id='word_1_47' title='bbox 1134 1080 1457 1117; x_wconf 87' lang='lat' dir='ltr'><strong>commemo-</strong></span> 
     </span>
     <span class='ocr_line' id='line_1_10' title="bbox 366 1136 495 1187; baseline -0.019 -1"><span class='ocrx_word' id='word_1_48' title='bbox 366 1136 495 1187; x_wconf 84' lang='lat' dir='ltr'><strong>rari.</strong></span> 
     </span>
    </p>
   </div>
   <div class='ocr_carea' id='block_1_7' title="bbox 365 1244 1457 1687">
    <p class='ocr_par' dir='ltr' id='par_1_7' title="bbox 365 1244 1457 1687">
     <span class='ocr_line' id='line_1_11' title="bbox 436 1244 1455 1320; baseline -0.002 -14"><span class='ocrx_word' id='word_1_49' title='bbox 436 1254 852 1306; x_wconf 79' lang='grc' dir='ltr'><strong><em>κατειλίσσουσι</em></strong></span> <span class='ocrx_word' id='word_1_50' title='bbox 866 1251 985 1304; x_wconf 80' lang='grc' dir='ltr'><strong><em>πᾶν</em></strong></span> <span class='ocrx_word' id='word_1_51' title='bbox 1003 1244 1186 1304; x_wconf 78' lang='grc' dir='ltr'><strong><em>αὐτοῦ</em></strong></span> <span class='ocrx_word' id='word_1_52' title='bbox 1205 1246 1268 1304; x_wconf 83' lang='grc' dir='ltr'><strong>τὸ</strong></span> <span class='ocrx_word' id='word_1_53' title='bbox 1297 1253 1455 1320; x_wconf 76' lang='grc' dir='ltr'><strong><em>σῶμα</em></strong></span> 
     </span>
     <span class='ocr_line' id='line_1_12' title="bbox 370 1317 1456 1391; baseline -0.003 -15"><span class='ocrx_word' id='word_1_54' title='bbox 370 1317 638 1381; x_wconf 81' lang='grc' dir='ltr'><strong><em>σινδόνος</em></strong></span> <span class='ocrx_word' id='word_1_55' title='bbox 674 1321 946 1391; x_wconf 79' lang='grc' dir='ltr'><strong><em>βυσσίνης</em></strong></span> <span class='ocrx_word' id='word_1_56' title='bbox 976 1321 1250 1387; x_wconf 77' lang='grc' dir='ltr'><strong><em>τελαμῶσι</em></strong></span> <span class='ocrx_word' id='word_1_57' title='bbox 1287 1339 1456 1383; x_wconf 73' lang='grc' dir='ltr'><strong><em>κατα-</em></strong></span> 
     </span>
     <span class='ocr_line' id='line_1_13' title="bbox 367 1390 1456 1459; baseline 0 -14"><span class='ocrx_word' id='word_1_58' title='bbox 367 1390 779 1459; x_wconf 79' lang='grc' dir='ltr'><strong><em>τετμημένοισι]</em></strong></span> <span class='ocrx_word' id='word_1_59' title='bbox 817 1394 854 1443; x_wconf 92' lang='lat' dir='ltr'><strong>i.</strong></span> <span class='ocrx_word' id='word_1_60' title='bbox 893 1409 940 1446; x_wconf 92' lang='lat' dir='ltr'><strong>e.</strong></span> <span class='ocrx_word' id='word_1_61' title='bbox 973 1400 1120 1443; x_wconf 76' lang='lat' dir='ltr'><strong>totum</strong></span> <span class='ocrx_word' id='word_1_62' title='bbox 1153 1408 1339 1456; x_wconf 77' lang='lat' dir='ltr'><strong>corpus</strong></span> <span class='ocrx_word' id='word_1_63' title='bbox 1374 1411 1456 1445; x_wconf 76' lang='lat' dir='ltr'><strong>se-</strong></span> 
     </span>
     <span class='ocr_line' id='line_1_14' title="bbox 365 1463 1457 1526; baseline -0.002 -10"><span class='ocrx_word' id='word_1_64' title='bbox 365 1469 463 1516; x_wconf 78' lang='lat' dir='ltr'><strong>ctis</strong></span> <span class='ocrx_word' id='word_1_65' title='bbox 497 1480 568 1514; x_wconf 74' lang='lat' dir='ltr'><strong>ea:</strong></span> <span class='ocrx_word' id='word_1_66' title='bbox 602 1464 813 1514; x_wconf 72' lang='lat' dir='ltr'><strong>sindone</strong></span> <span class='ocrx_word' id='word_1_67' title='bbox 844 1463 1053 1526; x_wconf 73' lang='lat' dir='ltr'><strong>byssina</strong></span> <span class='ocrx_word' id='word_1_68' title='bbox 1083 1463 1268 1525; x_wconf 57' lang='lat' dir='ltr'><strong>fasceis</strong></span> <span class='ocrx_word' id='word_1_69' title='bbox 1303 1466 1457 1514; x_wconf 78' lang='lat' dir='ltr'><strong>invol-</strong></span> 
     </span>
     <span class='ocr_line' id='line_1_15' title="bbox 366 1530 1457 1597; baseline -0.001 -13"><span class='ocrx_word' id='word_1_70' title='bbox 366 1541 500 1587; x_wconf 73' lang='lat' dir='ltr'><strong>vunt.</strong></span> <span class='ocrx_word' id='word_1_71' title='bbox 557 1532 823 1583; x_wconf 78' lang='lat' dir='ltr'><strong>Sindonem</strong></span> <span class='ocrx_word' id='word_1_72' title='bbox 844 1530 1028 1597; x_wconf 90' lang='lat' dir='ltr'><strong>(quam</strong></span> <span class='ocrx_word' id='word_1_73' title='bbox 1038 1547 1229 1582; x_wconf 80' lang='lat' dir='ltr'><strong>vocem</strong></span> <span class='ocrx_word' id='word_1_74' title='bbox 1256 1533 1324 1582; x_wconf 92' lang='lat' dir='ltr'><strong>ab</strong></span> <span class='ocrx_word' id='word_1_75' title='bbox 1347 1535 1457 1583; x_wconf 88' lang='lat' dir='ltr'><strong>He-</strong></span> 
     </span>
     <span class='ocr_line' id='line_1_16' title="bbox 367 1600 1456 1687; baseline -0.004 -32"><span class='ocrx_word' id='word_1_76' title='bbox 367 1604 554 1655; x_wconf 87' lang='lat' dir='ltr'><strong>braico</strong></span> <span class='ocrx_word' id='word_1_77' title='bbox 590 1614 726 1687; x_wconf 40' lang='lat'><strong>5³70?</strong></span> <span class='ocrx_word' id='word_1_78' title='bbox 768 1600 1043 1666; x_wconf 87' lang='lat' dir='ltr'><strong>repetunt)</strong></span> <span class='ocrx_word' id='word_1_79' title='bbox 1085 1601 1311 1652; x_wconf 89' lang='lat' dir='ltr'><strong>linteum</strong></span> <span class='ocrx_word' id='word_1_80' title='bbox 1349 1602 1456 1652; x_wconf 88' lang='lat' dir='ltr'><strong>dici</strong></span> 
     </span>
    </p>
   </div>
   <div class='ocr_carea' id='block_1_8' title="bbox 361 1688 1456 4451">
    <p class='ocr_par' dir='ltr' id='par_1_8' title="bbox 361 1688 1456 4451">
     <span class='ocr_line' id='line_1_17' title="bbox 368 1688 1456 1752; baseline -0.002 -12"><span class='ocrx_word' id='word_1_81' title='bbox 368 1688 774 1749; x_wconf 87' lang='lat' dir='ltr'><strong>tenuissimum,</strong></span> <span class='ocrx_word' id='word_1_82' title='bbox 813 1702 879 1738; x_wconf 84' lang='lat' dir='ltr'><strong>ex</strong></span> <span class='ocrx_word' id='word_1_83' title='bbox 914 1702 1021 1752; x_wconf 90' lang='lat' dir='ltr'><strong>quo</strong></span> <span class='ocrx_word' id='word_1_84' title='bbox 1049 1688 1333 1738; x_wconf 84' lang='lat' dir='ltr'><strong>interiores</strong></span> <span class='ocrx_word' id='word_1_85' title='bbox 1368 1692 1456 1738; x_wconf 91' lang='lat' dir='ltr'><strong>tu-</strong></span> 
     </span>
     <span class='ocr_line' id='line_1_18' title="bbox 368 1755 1454 1822; baseline -0.001 -13"><span class='ocrx_word' id='word_1_86' title='bbox 368 1761 524 1809; x_wconf 86' lang='lat' dir='ltr'><strong>nicae</strong></span> <span class='ocrx_word' id='word_1_87' title='bbox 547 1755 992 1818; x_wconf 87' lang='lat' dir='ltr'><strong>conficiebantur,</strong></span> <span class='ocrx_word' id='word_1_88' title='bbox 1017 1756 1182 1822; x_wconf 83' lang='lat' dir='ltr'><strong>vulgo</strong></span> <span class='ocrx_word' id='word_1_89' title='bbox 1202 1758 1454 1808; x_wconf 80' lang='lat' dir='ltr'><strong>tradunt.</strong></span> 
     </span>
     <span class='ocr_line' id='line_1_19' title="bbox 369 1826 1453 1891; baseline 0 -13"><span class='ocrx_word' id='word_1_90' title='bbox 369 1828 481 1878; x_wconf 82' lang='lat' dir='ltr'><strong>vid.</strong></span> <span class='ocrx_word' id='word_1_91' title='bbox 529 1827 796 1877; x_wconf 89' lang='lat' dir='ltr'><strong>Thesaur.</strong></span> <span class='ocrx_word' id='word_1_92' title='bbox 835 1826 1023 1891; x_wconf 82' lang='lat' dir='ltr'><strong>Steph.</strong></span> <span class='ocrx_word' id='word_1_93' title='bbox 1059 1826 1220 1891; x_wconf 88' lang='lat' dir='ltr'><strong>Ling.</strong></span> <span class='ocrx_word' id='word_1_94' title='bbox 1260 1827 1453 1879; x_wconf 84' lang='lat' dir='ltr'><strong>Graec.</strong></span> 
     </span>
     <span class='ocr_line' id='line_1_20' title="bbox 369 1894 1455 1961; baseline -0.002 -13"><span class='ocrx_word' id='word_1_95' title='bbox 369 1898 497 1948; x_wconf 86' lang='lat' dir='ltr'><strong>VII.</strong></span> <span class='ocrx_word' id='word_1_96' title='bbox 528 1911 655 1961; x_wconf 87' lang='lat' dir='ltr'><strong>pag.</strong></span> <span class='ocrx_word' id='word_1_97' title='bbox 693 1896 794 1947; x_wconf 90' lang='grc'><strong>264</strong></span> <span class='ocrx_word' id='word_1_98' title='bbox 825 1911 997 1961; x_wconf 88' lang='lat' dir='ltr'><strong>seqq.,</strong></span> <span class='ocrx_word' id='word_1_99' title='bbox 1035 1894 1362 1948; x_wconf 71' lang='lat' dir='ltr'><strong>schleusner</strong></span> <span class='ocrx_word' id='word_1_100' title='bbox 1396 1899 1455 1946; x_wconf 92' lang='lat' dir='ltr'><strong>in</strong></span> 
     </span>
     <span class='ocr_line' id='line_1_21' title="bbox 372 1964 1455 2030; baseline -0.001 -12"><span class='ocrx_word' id='word_1_101' title='bbox 372 1969 514 2018; x_wconf 85' lang='lat' dir='ltr'><strong>Nov.</strong></span> <span class='ocrx_word' id='word_1_102' title='bbox 552 1965 738 2016; x_wconf 81' lang='lat' dir='ltr'><strong>Lexic.</strong></span> <span class='ocrx_word' id='word_1_103' title='bbox 778 1964 835 2014; x_wconf 89' lang='lat' dir='ltr'><strong>in</strong></span> <span class='ocrx_word' id='word_1_104' title='bbox 865 1966 936 2016; x_wconf 85' lang='lat' dir='ltr'><strong>N.</strong></span> <span class='ocrx_word' id='word_1_105' title='bbox 962 1966 1029 2016; x_wconf 91' lang='grc' dir='ltr'><strong>Τ.</strong></span> <span class='ocrx_word' id='word_1_106' title='bbox 1072 1965 1148 2016; x_wconf 92' lang='grc' dir='ltr'><strong>ΙΙ.</strong></span> <span class='ocrx_word' id='word_1_107' title='bbox 1185 1980 1313 2030; x_wconf 81' lang='lat' dir='ltr'><strong>pag.</strong></span> <span class='ocrx_word' id='word_1_108' title='bbox 1351 1966 1455 2017; x_wconf 89' lang='grc'><strong>872</strong></span> 
     </span>
     <span class='ocr_line' id='line_1_22' title="bbox 371 2034 1452 2101; baseline 0.001 -14"><span class='ocrx_word' id='word_1_109' title='bbox 371 2052 506 2101; x_wconf 67' lang='lat' dir='ltr'><strong>seq„</strong></span> <span class='ocrx_word' id='word_1_110' title='bbox 555 2034 749 2100; x_wconf 88' lang='lat' dir='ltr'><strong>quibus</strong></span> <span class='ocrx_word' id='word_1_111' title='bbox 790 2034 919 2084; x_wconf 89' lang='lat' dir='ltr'><strong>add.</strong></span> <span class='ocrx_word' id='word_1_112' title='bbox 957 2034 1209 2085; x_wconf 81' lang='lat' dir='ltr'><strong>Creuzer.</strong></span> <span class='ocrx_word' id='word_1_113' title='bbox 1249 2034 1288 2086; x_wconf 89' lang='lat' dir='ltr'><strong>l.</strong></span> <span class='ocrx_word' id='word_1_114' title='bbox 1323 2035 1360 2086; x_wconf 92' lang='lat' dir='ltr'><strong>l.</strong></span> <span class='ocrx_word' id='word_1_115' title='bbox 1396 2052 1452 2100; x_wconf 86' lang='lat' dir='ltr'><strong>p.</strong></span> 
     </span>
     <span class='ocr_line' id='line_1_23' title="bbox 369 2102 1452 2157; baseline -0.002 0"><span class='ocrx_word' id='word_1_116' title='bbox 369 2106 458 2157; x_wconf 85' lang='lat'><strong>46.</strong></span> <span class='ocrx_word' id='word_1_117' title='bbox 530 2104 665 2154; x_wconf 84' lang='lat' dir='ltr'><strong>Cum</strong></span> <span class='ocrx_word' id='word_1_118' title='bbox 712 2119 841 2154; x_wconf 78' lang='lat' dir='ltr'><strong>vero</strong></span> <span class='ocrx_word' id='word_1_119' title='bbox 877 2103 982 2153; x_wconf 86' lang='lat' dir='ltr'><strong>hoc</strong></span> <span class='ocrx_word' id='word_1_120' title='bbox 1013 2102 1134 2155; x_wconf 89' lang='lat' dir='ltr'><strong>loco</strong></span> <span class='ocrx_word' id='word_1_121' title='bbox 1171 2104 1452 2156; x_wconf 78' lang='lat' dir='ltr'><strong>sindonem</strong></span> 
     </span>
     <span class='ocr_line' id='line_1_24' title="bbox 369 2171 1454 2240; baseline 0.001 -16"><span class='ocrx_word' id='word_1_122' title='bbox 369 2172 647 2240; x_wconf 85' lang='grc' dir='ltr'><strong><em>βυσσίνην</em></strong></span> <span class='ocrx_word' id='word_1_123' title='bbox 668 2171 817 2223; x_wconf 87' lang='lat' dir='ltr'><strong>dicat</strong></span> <span class='ocrx_word' id='word_1_124' title='bbox 842 2173 1068 2237; x_wconf 79' lang='lat' dir='ltr'><strong>Noster,</strong></span> <span class='ocrx_word' id='word_1_125' title='bbox 1107 2172 1324 2238; x_wconf 84' lang='lat' dir='ltr'><strong>plurimi</strong></span> <span class='ocrx_word' id='word_1_126' title='bbox 1353 2175 1454 2226; x_wconf 86' lang='lat' dir='ltr'><strong>hoc</strong></span> 
     </span>
     <span class='ocr_line' id='line_1_25' title="bbox 365 2244 1454 2309; baseline 0 -15"><span class='ocrx_word' id='word_1_127' title='bbox 365 2259 465 2309; x_wconf 88' lang='lat' dir='ltr'><strong>pro</strong></span> <span class='ocrx_word' id='word_1_128' title='bbox 519 2250 726 2293; x_wconf 77' lang='lat' dir='ltr'><strong>cotoneo</strong></span> <span class='ocrx_word' id='word_1_129' title='bbox 790 2247 1147 2307; x_wconf 87' lang='lat' dir='ltr'><strong>acceperunt,</strong></span> <span class='ocrx_word' id='word_1_130' title='bbox 1209 2244 1454 2294; x_wconf 87' lang='lat' dir='ltr'><strong>nonnulli</strong></span> 
     </span>
     <span class='ocr_line' id='line_1_26' title="bbox 366 2310 1454 2379; baseline 0 -16"><span class='ocrx_word' id='word_1_131' title='bbox 366 2317 544 2364; x_wconf 75' lang='lat' dir='ltr'><strong>linteos</strong></span> <span class='ocrx_word' id='word_1_132' title='bbox 578 2310 890 2362; x_wconf 83' lang='lat' dir='ltr'><strong>intellexere</strong></span> <span class='ocrx_word' id='word_1_133' title='bbox 909 2327 1118 2376; x_wconf 89' lang='lat' dir='ltr'><strong>pannos</strong></span> <span class='ocrx_word' id='word_1_134' title='bbox 1138 2349 1151 2370; x_wconf 91' lang='lat'><strong>‚</strong></span> <span class='ocrx_word' id='word_1_135' title='bbox 1185 2314 1377 2379; x_wconf 88' lang='lat' dir='ltr'><strong>quibus</strong></span> <span class='ocrx_word' id='word_1_136' title='bbox 1398 2319 1454 2366; x_wconf 88' lang='lat' dir='ltr'><strong>et</strong></span> 
     </span>
     <span class='ocr_line' id='line_1_27' title="bbox 368 2381 1454 2447; baseline 0.002 -16"><span class='ocrx_word' id='word_1_137' title='bbox 368 2382 504 2447; x_wconf 87' lang='lat' dir='ltr'><strong>ipsis</strong></span> <span class='ocrx_word' id='word_1_138' title='bbox 543 2381 826 2431; x_wconf 81' lang='lat' dir='ltr'><strong>involutae</strong></span> <span class='ocrx_word' id='word_1_139' title='bbox 871 2385 1120 2446; x_wconf 77' lang='lat' dir='ltr'><strong>repertae</strong></span> <span class='ocrx_word' id='word_1_140' title='bbox 1166 2387 1293 2432; x_wconf 88' lang='lat' dir='ltr'><strong>sunt</strong></span> <span class='ocrx_word' id='word_1_141' title='bbox 1337 2399 1454 2433; x_wconf 88' lang='lat' dir='ltr'><strong>mu-</strong></span> 
     </span>
     <span class='ocr_line' id='line_1_28' title="bbox 367 2450 1452 2516; baseline 0.001 -15"><span class='ocrx_word' id='word_1_142' title='bbox 367 2452 534 2512; x_wconf 77' lang='lat' dir='ltr'><strong>miae,</strong></span> <span class='ocrx_word' id='word_1_143' title='bbox 572 2450 819 2515; x_wconf 80' lang='lat' dir='ltr'><strong>quamvis</strong></span> <span class='ocrx_word' id='word_1_144' title='bbox 856 2450 952 2500; x_wconf 88' lang='lat' dir='ltr'><strong>alii</strong></span> <span class='ocrx_word' id='word_1_145' title='bbox 988 2450 1092 2501; x_wconf 87' lang='lat' dir='ltr'><strong>hoc</strong></span> <span class='ocrx_word' id='word_1_146' title='bbox 1123 2467 1341 2516; x_wconf 88' lang='lat' dir='ltr'><strong>prorsus</strong></span> <span class='ocrx_word' id='word_1_147' title='bbox 1363 2467 1452 2502; x_wconf 90' lang='lat' dir='ltr'><strong>ne-</strong></span> 
     </span>
     <span class='ocr_line' id='line_1_29' title="bbox 367 2518 1451 2587; baseline 0 -16"><span class='ocrx_word' id='word_1_148' title='bbox 367 2524 554 2587; x_wconf 87' lang='lat' dir='ltr'><strong>gatum</strong></span> <span class='ocrx_word' id='word_1_149' title='bbox 576 2518 798 2570; x_wconf 85' lang='lat' dir='ltr'><strong>vellent.</strong></span> <span class='ocrx_word' id='word_1_150' title='bbox 873 2519 980 2570; x_wconf 85' lang='lat' dir='ltr'><strong>Sed</strong></span> <span class='ocrx_word' id='word_1_151' title='bbox 1017 2520 1301 2570; x_wconf 88' lang='lat' dir='ltr'><strong>Iomardus</strong></span> <span class='ocrx_word' id='word_1_152' title='bbox 1321 2522 1451 2583; x_wconf 89' lang='lat' dir='ltr'><strong>(De-</strong></span> 
     </span>
     <span class='ocr_line' id='line_1_30' title="bbox 368 2588 1449 2654; baseline 0.001 -14"><span class='ocrx_word' id='word_1_153' title='bbox 368 2606 474 2641; x_wconf 86' lang='lat' dir='ltr'><strong>scr.</strong></span> <span class='ocrx_word' id='word_1_154' title='bbox 514 2589 580 2639; x_wconf 88' lang='lat' dir='ltr'><strong>de</strong></span> <span class='ocrx_word' id='word_1_155' title='bbox 615 2588 759 2654; x_wconf 88' lang='lat' dir='ltr'><strong>l&#39;Eg.</strong></span> <span class='ocrx_word' id='word_1_156' title='bbox 796 2589 1020 2654; x_wconf 78' lang='lat' dir='ltr'><strong>Antiqq.</strong></span> <span class='ocrx_word' id='word_1_157' title='bbox 1059 2590 1135 2653; x_wconf 93' lang='lat'><strong>11,</strong></span> <span class='ocrx_word' id='word_1_158' title='bbox 1184 2588 1268 2640; x_wconf 88' lang='lat'><strong>10.</strong></span> <span class='ocrx_word' id='word_1_159' title='bbox 1308 2590 1360 2653; x_wconf 70' lang='lat'><strong>§-</strong></span> <span class='ocrx_word' id='word_1_160' title='bbox 1395 2590 1449 2642; x_wconf 94' lang='grc'><strong>8.</strong></span> 
     </span>
     <span class='ocr_line' id='line_1_31' title="bbox 366 2657 1451 2725; baseline -0.002 -13"><span class='ocrx_word' id='word_1_161' title='bbox 366 2676 422 2725; x_wconf 90' lang='lat' dir='ltr'><strong>p.</strong></span> <span class='ocrx_word' id='word_1_162' title='bbox 458 2657 581 2722; x_wconf 83' lang='lat'>339)</span> <span class='ocrx_word' id='word_1_163' title='bbox 618 2662 680 2708; x_wconf 89' lang='lat' dir='ltr'><strong>ut</strong></span> <span class='ocrx_word' id='word_1_164' title='bbox 716 2657 1003 2723; x_wconf 88' lang='lat' dir='ltr'><strong>plurimum</strong></span> <span class='ocrx_word' id='word_1_165' title='bbox 1035 2667 1290 2709; x_wconf 80' lang='lat' dir='ltr'><strong>cotoneum</strong></span> <span class='ocrx_word' id='word_1_166' title='bbox 1322 2675 1356 2710; x_wconf 89' lang='lat' dir='ltr'><strong>a</strong></span> <span class='ocrx_word' id='word_1_167' title='bbox 1392 2676 1451 2710; x_wconf 90' lang='lat' dir='ltr'><strong>se</strong></span> 
     </span>
     <span class='ocr_line' id='line_1_32' title="bbox 365 2726 1449 2794; baseline 0 -16"><span class='ocrx_word' id='word_1_168' title='bbox 365 2732 634 2793; x_wconf 78' lang='lat' dir='ltr'><strong>repertum</strong></span> <span class='ocrx_word' id='word_1_169' title='bbox 681 2728 738 2776; x_wconf 92' lang='lat' dir='ltr'><strong>in</strong></span> <span class='ocrx_word' id='word_1_170' title='bbox 784 2726 1047 2792; x_wconf 78' lang='lat' dir='ltr'><strong>sepulcris</strong></span> <span class='ocrx_word' id='word_1_171' title='bbox 1096 2728 1256 2789; x_wconf 83' lang='lat' dir='ltr'><strong>dicit;</strong></span> <span class='ocrx_word' id='word_1_172' title='bbox 1314 2744 1449 2794; x_wconf 88' lang='lat' dir='ltr'><strong>quos</strong></span> 
     </span>
     <span class='ocr_line' id='line_1_33' title="bbox 362 2796 1452 2862; baseline -0.002 -13"><span class='ocrx_word' id='word_1_173' title='bbox 362 2799 563 2849; x_wconf 82' lang='lat' dir='ltr'><strong>linteos</strong></span> <span class='ocrx_word' id='word_1_174' title='bbox 613 2798 671 2846; x_wconf 90' lang='lat' dir='ltr'><strong>in</strong></span> <span class='ocrx_word' id='word_1_175' title='bbox 715 2796 1009 2862; x_wconf 78' lang='lat' dir='ltr'><strong>hypogaeis</strong></span> <span class='ocrx_word' id='word_1_176' title='bbox 1066 2797 1278 2848; x_wconf 87' lang='lat' dir='ltr'><strong>insulae</strong></span> <span class='ocrx_word' id='word_1_177' title='bbox 1327 2797 1452 2849; x_wconf 86' lang='lat' dir='ltr'><strong>Phi-</strong></span> 
     </span>
     <span class='ocr_line' id='line_1_34' title="bbox 364 2866 1449 2931; baseline 0.001 -15"><span class='ocrx_word' id='word_1_178' title='bbox 364 2867 536 2918; x_wconf 87' lang='lat' dir='ltr'><strong>larum</strong></span> <span class='ocrx_word' id='word_1_179' title='bbox 573 2880 782 2930; x_wconf 87' lang='lat' dir='ltr'><strong>pannos</strong></span> <span class='ocrx_word' id='word_1_180' title='bbox 830 2866 1139 2929; x_wconf 83' lang='lat' dir='ltr'><strong>offenderit,</strong></span> <span class='ocrx_word' id='word_1_181' title='bbox 1192 2882 1283 2917; x_wconf 90' lang='lat' dir='ltr'><strong>eos</strong></span> <span class='ocrx_word' id='word_1_182' title='bbox 1319 2882 1449 2931; x_wconf 90' lang='lat' dir='ltr'><strong>pau·</strong></span> 
     </span>
     <span class='ocr_line' id='line_1_35' title="bbox 363 2934 1450 3002; baseline 0.001 -15"><span class='ocrx_word' id='word_1_183' title='bbox 363 2937 610 3002; x_wconf 89' lang='lat' dir='ltr'><strong>perrimis</strong></span> <span class='ocrx_word' id='word_1_184' title='bbox 631 2934 950 2986; x_wconf 86' lang='lat' dir='ltr'><strong>amiciendis</strong></span> <span class='ocrx_word' id='word_1_185' title='bbox 962 2936 1276 2986; x_wconf 82' lang='lat' dir='ltr'><strong>inserviisse</strong></span> <span class='ocrx_word' id='word_1_186' title='bbox 1291 2953 1305 2996; x_wconf 75' lang='grc' dir='ltr'><strong><em>ς</em></strong></span> <span class='ocrx_word' id='word_1_187' title='bbox 1320 2952 1450 3002; x_wconf 87' lang='lat' dir='ltr'><strong>qua·</strong></span> 
     </span>
     <span class='ocr_line' id='line_1_36' title="bbox 366 3004 1451 3070; baseline 0.001 -14"><span class='ocrx_word' id='word_1_188' title='bbox 366 3022 426 3057; x_wconf 91' lang='lat' dir='ltr'><strong>re</strong></span> <span class='ocrx_word' id='word_1_189' title='bbox 463 3007 553 3055; x_wconf 83' lang='lat' dir='ltr'><strong>vix</strong></span> <span class='ocrx_word' id='word_1_190' title='bbox 590 3004 970 3056; x_wconf 85' lang='lat' dir='ltr'><strong>dubitandum.</strong></span> <span class='ocrx_word' id='word_1_191' title='bbox 1017 3006 1146 3070; x_wconf 90' lang='lat' dir='ltr'><strong>quin</strong></span> <span class='ocrx_word' id='word_1_192' title='bbox 1190 3005 1244 3056; x_wconf 89' lang='lat' dir='ltr'><strong>h.</strong></span> <span class='ocrx_word' id='word_1_193' title='bbox 1280 3004 1319 3055; x_wconf 96' lang='lat' dir='ltr'><strong>l.</strong></span> <span class='ocrx_word' id='word_1_194' title='bbox 1367 3021 1451 3057; x_wconf 80' lang='lat' dir='ltr'><strong>co-</strong></span> 
     </span>
     <span class='ocr_line' id='line_1_37' title="bbox 368 3073 1449 3139; baseline -0.002 -13"><span class='ocrx_word' id='word_1_195' title='bbox 368 3085 561 3126; x_wconf 78' lang='lat' dir='ltr'><strong>toneum</strong></span> <span class='ocrx_word' id='word_1_196' title='bbox 595 3073 830 3139; x_wconf 78' lang='lat' dir='ltr'><strong>intelligi</strong></span> <span class='ocrx_word' id='word_1_197' title='bbox 861 3073 1097 3124; x_wconf 79' lang='lat' dir='ltr'><strong>voluerit</strong></span> <span class='ocrx_word' id='word_1_198' title='bbox 1115 3074 1449 3139; x_wconf 85' lang='lat' dir='ltr'><strong>Herodotus,</strong></span> 
     </span>
     <span class='ocr_line' id='line_1_38' title="bbox 369 3142 1449 3211; baseline 0.001 -17"><span class='ocrx_word' id='word_1_199' title='bbox 369 3145 462 3211; x_wconf 90' lang='lat' dir='ltr'><strong>qui</strong></span> <span class='ocrx_word' id='word_1_200' title='bbox 497 3145 543 3194; x_wconf 87' lang='lat' dir='ltr'><strong>si</strong></span> <span class='ocrx_word' id='word_1_201' title='bbox 583 3143 651 3193; x_wconf 88' lang='lat' dir='ltr'><strong>de</strong></span> <span class='ocrx_word' id='word_1_202' title='bbox 684 3142 868 3193; x_wconf 84' lang='lat' dir='ltr'><strong>linteis</strong></span> <span class='ocrx_word' id='word_1_203' title='bbox 906 3143 1093 3194; x_wconf 77' lang='lat' dir='ltr'><strong>fasciis</strong></span> <span class='ocrx_word' id='word_1_204' title='bbox 1130 3145 1449 3209; x_wconf 77' lang='lat' dir='ltr'><strong>cogitasset,</strong></span> 
     </span>
     <span class='ocr_line' id='line_1_39' title="bbox 366 3212 1449 3278; baseline 0 -14"><span class='ocrx_word' id='word_1_205' title='bbox 366 3214 470 3264; x_wconf 86' lang='lat' dir='ltr'><strong>hoc</strong></span> <span class='ocrx_word' id='word_1_206' title='bbox 517 3214 636 3278; x_wconf 91' lang='lat' dir='ltr'><strong>ipso</strong></span> <span class='ocrx_word' id='word_1_207' title='bbox 681 3212 948 3263; x_wconf 81' lang='lat' dir='ltr'><strong>vocabulo</strong></span> <span class='ocrx_word' id='word_1_208' title='bbox 992 3228 1189 3263; x_wconf 87' lang='lat' dir='ltr'><strong>usurus</strong></span> <span class='ocrx_word' id='word_1_209' title='bbox 1236 3214 1449 3277; x_wconf 85' lang='lat' dir='ltr'><strong>suisset,</strong></span> 
     </span>
     <span class='ocr_line' id='line_1_40' title="bbox 365 3281 1452 3346; baseline -0.001 -12"><span class='ocrx_word' id='word_1_210' title='bbox 365 3288 429 3334; x_wconf 82' lang='lat' dir='ltr'><strong>ut</strong></span> <span class='ocrx_word' id='word_1_211' title='bbox 463 3297 629 3346; x_wconf 85' lang='lat' dir='ltr'><strong>supra</strong></span> <span class='ocrx_word' id='word_1_212' title='bbox 663 3281 738 3342; x_wconf 94' lang='lat'><strong>11,</strong></span> <span class='ocrx_word' id='word_1_213' title='bbox 785 3281 872 3343; x_wconf 87' lang='grc'><strong>81,</strong></span> <span class='ocrx_word' id='word_1_214' title='bbox 917 3282 1012 3331; x_wconf 91' lang='lat' dir='ltr'><strong>ubi</strong></span> <span class='ocrx_word' id='word_1_215' title='bbox 1057 3283 1275 3332; x_wconf 87' lang='lat' dir='ltr'><strong>tunicas</strong></span> <span class='ocrx_word' id='word_1_216' title='bbox 1309 3297 1452 3334; x_wconf 89' lang='lat' dir='ltr'><strong>com-</strong></span> 
     </span>
     <span class='ocr_line' id='line_1_41' title="bbox 367 3351 1449 3417; baseline 0.001 -15"><span class='ocrx_word' id='word_1_217' title='bbox 367 3355 631 3402; x_wconf 91' lang='lat' dir='ltr'><strong>memorat</strong></span> <span class='ocrx_word' id='word_1_218' title='bbox 674 3351 895 3400; x_wconf 86' lang='lat' dir='ltr'><strong>linteas.</strong></span> <span class='ocrx_word' id='word_1_219' title='bbox 987 3352 1061 3401; x_wconf 81' lang='lat' dir='ltr'><strong>Et</strong></span> <span class='ocrx_word' id='word_1_220' title='bbox 1116 3367 1254 3417; x_wconf 90' lang='lat' dir='ltr'><strong>quae</strong></span> <span class='ocrx_word' id='word_1_221' title='bbox 1298 3354 1449 3403; x_wconf 86' lang='lat' dir='ltr'><strong>cirea</strong></span> 
     </span>
     <span class='ocr_line' id='line_1_42' title="bbox 366 3421 1449 3486; baseline 0 -14"><span class='ocrx_word' id='word_1_222' title='bbox 366 3421 585 3481; x_wconf 51' lang='lat' dir='ltr'><strong>Thbas</strong></span> <span class='ocrx_word' id='word_1_223' title='bbox 621 3434 793 3483; x_wconf 88' lang='lat' dir='ltr'><strong>nuper</strong></span> <span class='ocrx_word' id='word_1_224' title='bbox 818 3424 1037 3484; x_wconf 84' lang='lat' dir='ltr'><strong>reperta</strong></span> <span class='ocrx_word' id='word_1_225' title='bbox 1066 3426 1194 3472; x_wconf 85' lang='lat' dir='ltr'><strong>sunt</strong></span> <span class='ocrx_word' id='word_1_226' title='bbox 1223 3436 1449 3486; x_wconf 88' lang='lat' dir='ltr'><strong>operose</strong></span> 
     </span>
     <span class='ocr_line' id='line_1_43' title="bbox 365 3487 1449 3554; baseline 0 -14"><span class='ocrx_word' id='word_1_227' title='bbox 365 3490 586 3540; x_wconf 83' lang='lat' dir='ltr'><strong>condita</strong></span> <span class='ocrx_word' id='word_1_228' title='bbox 624 3487 920 3551; x_wconf 79' lang='lat' dir='ltr'><strong>cadavera,</strong></span> <span class='ocrx_word' id='word_1_229' title='bbox 958 3489 1028 3539; x_wconf 89' lang='lat' dir='ltr'><strong>ad</strong></span> <span class='ocrx_word' id='word_1_230' title='bbox 1057 3491 1288 3554; x_wconf 86' lang='lat' dir='ltr'><strong>primam</strong></span> <span class='ocrx_word' id='word_1_231' title='bbox 1312 3492 1449 3542; x_wconf 81' lang='lat' dir='ltr'><strong>clas-</strong></span> 
     </span>
     <span class='ocr_line' id='line_1_44' title="bbox 365 3556 1450 3625; baseline -0.001 -15"><span class='ocrx_word' id='word_1_232' title='bbox 365 3575 478 3610; x_wconf 83' lang='lat' dir='ltr'><strong>sem</strong></span> <span class='ocrx_word' id='word_1_233' title='bbox 512 3556 660 3608; x_wconf 77' lang='lat' dir='ltr'><strong>haud</strong></span> <span class='ocrx_word' id='word_1_234' title='bbox 694 3557 857 3608; x_wconf 88' lang='lat' dir='ltr'><strong>dubie</strong></span> <span class='ocrx_word' id='word_1_235' title='bbox 889 3559 1200 3623; x_wconf 84' lang='lat' dir='ltr'><strong>referenda,</strong></span> <span class='ocrx_word' id='word_1_236' title='bbox 1233 3575 1299 3610; x_wconf 84' lang='lat' dir='ltr'><strong>ea</strong></span> <span class='ocrx_word' id='word_1_237' title='bbox 1334 3560 1450 3625; x_wconf 88' lang='lat' dir='ltr'><strong>plu-</strong></span> 
     </span>
     <span class='ocr_line' id='line_1_45' title="bbox 365 3627 1449 3680; baseline 0 -2"><span class='ocrx_word' id='word_1_238' title='bbox 365 3630 556 3678; x_wconf 90' lang='lat' dir='ltr'><strong>rimum</strong></span> <span class='ocrx_word' id='word_1_239' title='bbox 593 3627 809 3678; x_wconf 87' lang='lat' dir='ltr'><strong>cotonei</strong></span> <span class='ocrx_word' id='word_1_240' title='bbox 846 3627 1223 3680; x_wconf 84' lang='lat' dir='ltr'><strong>exhibuerunt.</strong></span> <span class='ocrx_word' id='word_1_241' title='bbox 1295 3630 1449 3679; x_wconf 88' lang='lat' dir='ltr'><strong>Haec</strong></span> 
     </span>
     <span class='ocr_line' id='line_1_46' title="bbox 365 3696 1447 3763; baseline 0.003 -17"><span class='ocrx_word' id='word_1_242' title='bbox 365 3697 607 3762; x_wconf 88' lang='lat' dir='ltr'><strong>pluribus</strong></span> <span class='ocrx_word' id='word_1_243' title='bbox 656 3697 909 3760; x_wconf 83' lang='lat' dir='ltr'><strong>exposuit</strong></span> <span class='ocrx_word' id='word_1_244' title='bbox 955 3696 1191 3749; x_wconf 84' lang='lat' dir='ltr'><strong>Creuzer</strong></span> <span class='ocrx_word' id='word_1_245' title='bbox 1232 3697 1270 3749; x_wconf 94' lang='lat' dir='ltr'><strong>l.</strong></span> <span class='ocrx_word' id='word_1_246' title='bbox 1315 3697 1352 3747; x_wconf 93' lang='lat' dir='ltr'><strong>l.</strong></span> <span class='ocrx_word' id='word_1_247' title='bbox 1391 3714 1447 3763; x_wconf 91' lang='lat' dir='ltr'><strong>p.</strong></span> 
     </span>
     <span class='ocr_line' id='line_1_47' title="bbox 364 3766 1451 3833; baseline 0 -16"><span class='ocrx_word' id='word_1_248' title='bbox 364 3766 590 3828; x_wconf 82' lang='lat'><strong>45-50,</strong></span> <span class='ocrx_word' id='word_1_249' title='bbox 637 3767 789 3815; x_wconf 88' lang='lat' dir='ltr'><strong>euius</strong></span> <span class='ocrx_word' id='word_1_250' title='bbox 854 3768 1182 3817; x_wconf 88' lang='lat' dir='ltr'><strong>sententiam</strong></span> <span class='ocrx_word' id='word_1_251' title='bbox 1237 3782 1451 3833; x_wconf 87' lang='lat' dir='ltr'><strong>quoque</strong></span> 
     </span>
     <span class='ocr_line' id='line_1_48' title="bbox 364 3833 1446 3899; baseline 0 -14"><span class='ocrx_word' id='word_1_252' title='bbox 364 3839 548 3886; x_wconf 84' lang='lat' dir='ltr'><strong>tuetur</strong></span> <span class='ocrx_word' id='word_1_253' title='bbox 591 3833 856 3885; x_wconf 86' lang='lat' dir='ltr'><strong>Rosellini</strong></span> <span class='ocrx_word' id='word_1_254' title='bbox 895 3834 1157 3899; x_wconf 78' lang='lat' dir='ltr'><strong>(Monam.</strong></span> <span class='ocrx_word' id='word_1_255' title='bbox 1203 3835 1346 3886; x_wconf 81' lang='lat' dir='ltr'><strong>civil.</strong></span> <span class='ocrx_word' id='word_1_256' title='bbox 1399 3835 1446 3886; x_wconf 90' lang='grc' dir='ltr'><strong>Ι.</strong></span> 
     </span>
     <span class='ocr_line' id='line_1_49' title="bbox 363 3902 1448 3970; baseline -0.002 -15"><span class='ocrx_word' id='word_1_257' title='bbox 363 3920 417 3969; x_wconf 90' lang='lat' dir='ltr'><strong>p.</strong></span> <span class='ocrx_word' id='word_1_258' title='bbox 452 3902 573 3955; x_wconf 82' lang='lat'><strong>353.</strong></span> <span class='ocrx_word' id='word_1_259' title='bbox 622 3903 729 3954; x_wconf 92' lang='lat'><strong>111.</strong></span> <span class='ocrx_word' id='word_1_260' title='bbox 765 3919 821 3968; x_wconf 91' lang='lat' dir='ltr'><strong>p.</strong></span> <span class='ocrx_word' id='word_1_261' title='bbox 860 3904 1007 3970; x_wconf 86' lang='grc'><strong>339),</strong></span> <span class='ocrx_word' id='word_1_262' title='bbox 1052 3905 1145 3970; x_wconf 87' lang='lat' dir='ltr'><strong>qui</strong></span> <span class='ocrx_word' id='word_1_263' title='bbox 1191 3904 1294 3955; x_wconf 89' lang='lat' dir='ltr'><strong>hoc</strong></span> <span class='ocrx_word' id='word_1_264' title='bbox 1338 3906 1448 3954; x_wconf 88' lang='lat' dir='ltr'><strong>He-</strong></span> 
     </span>
     <span class='ocr_line' id='line_1_50' title="bbox 362 3971 1449 4037; baseline -0.002 -14"><span class='ocrx_word' id='word_1_265' title='bbox 362 3972 541 4023; x_wconf 82' lang='lat' dir='ltr'><strong>rodoti</strong></span> <span class='ocrx_word' id='word_1_266' title='bbox 573 3971 693 4023; x_wconf 88' lang='lat' dir='ltr'><strong>loco</strong></span> <span class='ocrx_word' id='word_1_267' title='bbox 733 3972 800 4021; x_wconf 87' lang='lat' dir='ltr'><strong>de</strong></span> <span class='ocrx_word' id='word_1_268' title='bbox 835 3978 1065 4023; x_wconf 88' lang='lat' dir='ltr'><strong>cotoneo</strong></span> <span class='ocrx_word' id='word_1_269' title='bbox 1108 3974 1268 4023; x_wconf 86' lang='lat' dir='ltr'><strong>unice</strong></span> <span class='ocrx_word' id='word_1_270' title='bbox 1303 3974 1449 4037; x_wconf 91' lang='lat' dir='ltr'><strong>cogi-</strong></span> 
     </span>
     <span class='ocr_line' id='line_1_51' title="bbox 365 4040 1448 4106; baseline 0 -15"><span class='ocrx_word' id='word_1_271' title='bbox 365 4042 469 4091; x_wconf 83' lang='lat' dir='ltr'><strong>tari</strong></span> <span class='ocrx_word' id='word_1_272' title='bbox 514 4056 678 4106; x_wconf 84' lang='lat' dir='ltr'><strong>pesse</strong></span> <span class='ocrx_word' id='word_1_273' title='bbox 723 4043 938 4093; x_wconf 76' lang='lat' dir='ltr'><strong>statuit.</strong></span> <span class='ocrx_word' id='word_1_274' title='bbox 1010 4040 1252 4092; x_wconf 83' lang='lat' dir='ltr'><strong>Aliorum</strong></span> <span class='ocrx_word' id='word_1_275' title='bbox 1305 4042 1448 4091; x_wconf 82' lang='lat' dir='ltr'><strong>viro-</strong></span> 
     </span>
     <span class='ocr_line' id='line_1_52' title="bbox 363 4109 1446 4161; baseline -0.001 -1"><span class='ocrx_word' id='word_1_276' title='bbox 363 4126 483 4160; x_wconf 89' lang='lat' dir='ltr'><strong>rum</strong></span> <span class='ocrx_word' id='word_1_277' title='bbox 509 4111 790 4161; x_wconf 88' lang='lat' dir='ltr'><strong>doctorum</strong></span> <span class='ocrx_word' id='word_1_278' title='bbox 822 4111 1123 4160; x_wconf 85' lang='lat' dir='ltr'><strong>sententias</strong></span> <span class='ocrx_word' id='word_1_279' title='bbox 1150 4109 1309 4160; x_wconf 87' lang='lat' dir='ltr'><strong>modo</strong></span> <span class='ocrx_word' id='word_1_280' title='bbox 1346 4109 1446 4159; x_wconf 89' lang='lat' dir='ltr'><strong>lin-</strong></span> 
     </span>
     <span class='ocr_line' id='line_1_53' title="bbox 364 4178 1447 4240; baseline 0 -12"><span class='ocrx_word' id='word_1_281' title='bbox 364 4184 510 4240; x_wconf 87' lang='lat' dir='ltr'><strong>teas,</strong></span> <span class='ocrx_word' id='word_1_282' title='bbox 547 4179 708 4229; x_wconf 88' lang='lat' dir='ltr'><strong>modo</strong></span> <span class='ocrx_word' id='word_1_283' title='bbox 746 4185 1004 4230; x_wconf 89' lang='lat' dir='ltr'><strong>cotoneas</strong></span> <span class='ocrx_word' id='word_1_284' title='bbox 1042 4179 1244 4229; x_wconf 85' lang='lat' dir='ltr'><strong>fascias</strong></span> <span class='ocrx_word' id='word_1_285' title='bbox 1289 4178 1447 4228; x_wconf 88' lang='lat' dir='ltr'><strong>intel-</strong></span> 
     </span>
     <span class='ocr_line' id='line_1_54' title="bbox 363 4246 1444 4313; baseline -0.001 -16"><span class='ocrx_word' id='word_1_286' title='bbox 363 4247 647 4313; x_wconf 89' lang='lat' dir='ltr'><strong>ligentium</strong></span> <span class='ocrx_word' id='word_1_287' title='bbox 691 4248 919 4312; x_wconf 89' lang='lat' dir='ltr'><strong>protulit</strong></span> <span class='ocrx_word' id='word_1_288' title='bbox 953 4248 1187 4313; x_wconf 85' lang='lat' dir='ltr'><strong>Magnus</strong></span> <span class='ocrx_word' id='word_1_289' title='bbox 1234 4246 1271 4299; x_wconf 88' lang='lat'><strong>1.</strong></span> <span class='ocrx_word' id='word_1_290' title='bbox 1310 4247 1350 4297; x_wconf 93' lang='lat' dir='ltr'><strong>l.</strong></span> <span class='ocrx_word' id='word_1_291' title='bbox 1391 4264 1444 4312; x_wconf 90' lang='lat' dir='ltr'><strong>p.</strong></span> 
     </span>
     <span class='ocr_line' id='line_1_55' title="bbox 361 4315 1446 4381; baseline -0.002 -13"><span class='ocrx_word' id='word_1_292' title='bbox 361 4318 450 4369; x_wconf 88' lang='grc'><strong>37.</strong></span> <span class='ocrx_word' id='word_1_293' title='bbox 521 4317 606 4366; x_wconf 90' lang='lat' dir='ltr'><strong>De</strong></span> <span class='ocrx_word' id='word_1_294' title='bbox 649 4319 818 4367; x_wconf 74' lang='lat' dir='ltr'><strong>linteis</strong></span> <span class='ocrx_word' id='word_1_295' title='bbox 861 4317 1047 4367; x_wconf 76' lang='lat' dir='ltr'><strong>fasciis</strong></span> <span class='ocrx_word' id='word_1_296' title='bbox 1096 4315 1446 4381; x_wconf 87' lang='lat' dir='ltr'><strong>cogitandum</strong></span> 
     </span>
     <span class='ocr_line' id='line_1_56' title="bbox 363 4383 1448 4451; baseline 0 -14"><span class='ocrx_word' id='word_1_297' title='bbox 363 4401 484 4437; x_wconf 85' lang='lat' dir='ltr'><strong>esse</strong></span> <span class='ocrx_word' id='word_1_298' title='bbox 496 4387 814 4451; x_wconf 81' lang='lat' dir='ltr'><strong>pronuntiat</strong></span> <span class='ocrx_word' id='word_1_299' title='bbox 835 4383 1144 4439; x_wconf 83' lang='lat' dir='ltr'><strong>Wilkinson</strong></span> <span class='ocrx_word' id='word_1_300' title='bbox 1167 4384 1448 4450; x_wconf 81' lang='lat' dir='ltr'><strong>(Manners</strong></span> 
     </span>
    </p>
   </div>
   <div class='ocr_carea' id='block_1_9' title="bbox 1546 787 2647 4457">
    <p class='ocr_par' dir='ltr' id='par_1_9' title="bbox 1546 787 2647 4457">
     <span class='ocr_line' id='line_1_57' title="bbox 1559 787 2645 853; baseline -0.003 -14"><span class='ocrx_word' id='word_1_301' title='bbox 1559 794 1663 839; x_wconf 92' lang='lat' dir='ltr'><strong>etc.</strong></span> <span class='ocrx_word' id='word_1_302' title='bbox 1704 788 1809 838; x_wconf 87' lang='lat'><strong>111.</strong></span> <span class='ocrx_word' id='word_1_303' title='bbox 1860 804 1914 853; x_wconf 91' lang='lat' dir='ltr'><strong>p.</strong></span> <span class='ocrx_word' id='word_1_304' title='bbox 1969 787 2089 853; x_wconf 87' lang='lat'>115)</span> <span class='ocrx_word' id='word_1_305' title='bbox 2140 788 2303 853; x_wconf 88' lang='lat' dir='ltr'><strong>idque</strong></span> <span class='ocrx_word' id='word_1_306' title='bbox 2345 789 2645 838; x_wconf 85' lang='lat' dir='ltr'><strong>accuratis-</strong></span> 
     </span>
     <span class='ocr_line' id='line_1_58' title="bbox 1555 856 2647 923; baseline -0.002 -15"><span class='ocrx_word' id='word_1_307' title='bbox 1555 859 1697 909; x_wconf 88' lang='lat' dir='ltr'><strong>sima</strong></span> <span class='ocrx_word' id='word_1_308' title='bbox 1729 858 2023 908; x_wconf 80' lang='lat' dir='ltr'><strong>fasciarum</strong></span> <span class='ocrx_word' id='word_1_309' title='bbox 2057 857 2314 922; x_wconf 86' lang='lat' dir='ltr'><strong>ipsarum,</strong></span> <span class='ocrx_word' id='word_1_310' title='bbox 2355 857 2551 923; x_wconf 89' lang='lat' dir='ltr'><strong>quibus</strong></span> <span class='ocrx_word' id='word_1_311' title='bbox 2585 856 2647 906; x_wconf 87' lang='lat' dir='ltr'><strong>il-</strong></span> 
     </span>
     <span class='ocr_line' id='line_1_59' title="bbox 1558 927 2645 994; baseline 0.001 -17"><span class='ocrx_word' id='word_1_312' title='bbox 1558 928 1763 994; x_wconf 76' lang='lat' dir='ltr'><strong>ligatae</strong></span> <span class='ocrx_word' id='word_1_313' title='bbox 1790 927 1991 978; x_wconf 86' lang='lat' dir='ltr'><strong>fuerint</strong></span> <span class='ocrx_word' id='word_1_314' title='bbox 2010 927 2261 989; x_wconf 89' lang='lat' dir='ltr'><strong>mumiae,</strong></span> <span class='ocrx_word' id='word_1_315' title='bbox 2289 927 2645 992; x_wconf 88' lang='lat' dir='ltr'><strong>inquisitione</strong></span> 
     </span>
     <span class='ocr_line' id='line_1_60' title="bbox 1560 996 2645 1060; baseline -0.001 -13"><span class='ocrx_word' id='word_1_316' title='bbox 1560 1013 1593 1047; x_wconf 94' lang='lat' dir='ltr'><strong>a</strong></span> <span class='ocrx_word' id='word_1_317' title='bbox 1628 998 1760 1047; x_wconf 80' lang='lat' dir='ltr'><strong>viris</strong></span> <span class='ocrx_word' id='word_1_318' title='bbox 1800 996 1977 1047; x_wconf 90' lang='lat' dir='ltr'><strong>doctis</strong></span> <span class='ocrx_word' id='word_1_319' title='bbox 2014 997 2270 1045; x_wconf 88' lang='lat' dir='ltr'><strong>instituta</strong></span> <span class='ocrx_word' id='word_1_320' title='bbox 2307 996 2526 1060; x_wconf 85' lang='lat' dir='ltr'><strong>probari</strong></span> <span class='ocrx_word' id='word_1_321' title='bbox 2564 997 2645 1046; x_wconf 85' lang='lat' dir='ltr'><strong>af-</strong></span> 
     </span>
     <span class='ocr_line' id='line_1_61' title="bbox 1558 1066 2645 1130; baseline -0.001 -13"><span class='ocrx_word' id='word_1_322' title='bbox 1558 1067 1754 1129; x_wconf 87' lang='lat' dir='ltr'><strong>firmat,</strong></span> <span class='ocrx_word' id='word_1_323' title='bbox 1769 1067 2018 1130; x_wconf 85' lang='lat' dir='ltr'><strong>idemque</strong></span> <span class='ocrx_word' id='word_1_324' title='bbox 2032 1066 2243 1115; x_wconf 81' lang='lat' dir='ltr'><strong>invenit</strong></span> <span class='ocrx_word' id='word_1_325' title='bbox 2255 1066 2434 1116; x_wconf 87' lang='lat' dir='ltr'><strong>Iames</strong></span> <span class='ocrx_word' id='word_1_326' title='bbox 2448 1067 2645 1117; x_wconf 85' lang='lat' dir='ltr'><strong>Thom-</strong></span> 
     </span>
     <span class='ocr_line' id='line_1_62' title="bbox 1561 1136 2645 1201; baseline -0.001 -15"><span class='ocrx_word' id='word_1_327' title='bbox 1561 1152 1688 1193; x_wconf 85' lang='lat' dir='ltr'><strong>son,</strong></span> <span class='ocrx_word' id='word_1_328' title='bbox 1733 1136 1825 1201; x_wconf 87' lang='lat' dir='ltr'><strong>qui</strong></span> <span class='ocrx_word' id='word_1_329' title='bbox 1872 1136 2007 1186; x_wconf 86' lang='lat' dir='ltr'><strong>haec</strong></span> <span class='ocrx_word' id='word_1_330' title='bbox 2052 1136 2175 1200; x_wconf 85' lang='lat' dir='ltr'><strong>ipsa</strong></span> <span class='ocrx_word' id='word_1_331' title='bbox 2209 1136 2528 1185; x_wconf 88' lang='lat' dir='ltr'><strong>mumiarum</strong></span> <span class='ocrx_word' id='word_1_332' title='bbox 2566 1136 2645 1185; x_wconf 90' lang='lat' dir='ltr'><strong>in-</strong></span> 
     </span>
     <span class='ocr_line' id='line_1_63' title="bbox 1555 1204 2642 1270; baseline -0.001 -14"><span class='ocrx_word' id='word_1_333' title='bbox 1555 1207 1782 1256; x_wconf 80' lang='lat' dir='ltr'><strong>volucra</strong></span> <span class='ocrx_word' id='word_1_334' title='bbox 1833 1204 2250 1270; x_wconf 80' lang='lat' dir='ltr'><strong>diligentissime</strong></span> <span class='ocrx_word' id='word_1_335' title='bbox 2300 1205 2642 1270; x_wconf 80' lang='lat' dir='ltr'><strong>perquisivit,</strong></span> 
     </span>
     <span class='ocr_line' id='line_1_64' title="bbox 1559 1273 2643 1338; baseline -0.003 -12"><span class='ocrx_word' id='word_1_336' title='bbox 1559 1281 1677 1326; x_wconf 84' lang='lat' dir='ltr'><strong>arte</strong></span> <span class='ocrx_word' id='word_1_337' title='bbox 1703 1273 2097 1338; x_wconf 85' lang='lat' dir='ltr'><strong>microscopica</strong></span> <span class='ocrx_word' id='word_1_338' title='bbox 2109 1274 2381 1324; x_wconf 80' lang='lat' dir='ltr'><strong>adhibita:</strong></span> <span class='ocrx_word' id='word_1_339' title='bbox 2420 1274 2531 1325; x_wconf 83' lang='lat' dir='ltr'><strong>vid.</strong></span> <span class='ocrx_word' id='word_1_340' title='bbox 2557 1275 2643 1325; x_wconf 92' lang='lat' dir='ltr'><strong>On</strong></span> 
     </span>
     <span class='ocr_line' id='line_1_65' title="bbox 1558 1342 2645 1408; baseline -0.004 -12"><span class='ocrx_word' id='word_1_341' title='bbox 1558 1346 1651 1396; x_wconf 90' lang='lat' dir='ltr'><strong>the</strong></span> <span class='ocrx_word' id='word_1_342' title='bbox 1674 1360 1909 1408; x_wconf 78' lang='lat' dir='ltr'><strong>mummy</strong></span> <span class='ocrx_word' id='word_1_343' title='bbox 1931 1342 2077 1393; x_wconf 84' lang='lat' dir='ltr'><strong>eloth</strong></span> <span class='ocrx_word' id='word_1_344' title='bbox 2100 1344 2161 1392; x_wconf 86' lang='lat' dir='ltr'><strong>of</strong></span> <span class='ocrx_word' id='word_1_345' title='bbox 2181 1344 2383 1408; x_wconf 79' lang='lat' dir='ltr'><strong>Egypt,</strong></span> <span class='ocrx_word' id='word_1_346' title='bbox 2410 1344 2469 1392; x_wconf 92' lang='lat' dir='ltr'><strong>in</strong></span> <span class='ocrx_word' id='word_1_347' title='bbox 2493 1344 2645 1393; x_wconf 87' lang='lat' dir='ltr'><strong>Clas-</strong></span> 
     </span>
     <span class='ocr_line' id='line_1_66' title="bbox 1558 1412 2645 1477; baseline -0.002 -12"><span class='ocrx_word' id='word_1_348' title='bbox 1558 1413 1697 1465; x_wconf 86' lang='lat' dir='ltr'><strong>sical</strong></span> <span class='ocrx_word' id='word_1_349' title='bbox 1732 1415 1877 1464; x_wconf 86' lang='lat' dir='ltr'><strong>Mus.</strong></span> <span class='ocrx_word' id='word_1_350' title='bbox 1914 1412 2039 1463; x_wconf 85' lang='lat' dir='ltr'><strong>VII.</strong></span> <span class='ocrx_word' id='word_1_351' title='bbox 2086 1428 2140 1477; x_wconf 90' lang='lat' dir='ltr'><strong>p.</strong></span> <span class='ocrx_word' id='word_1_352' title='bbox 2182 1412 2473 1463; x_wconf 83' lang='lat'><strong>152—163.</strong></span> <span class='ocrx_word' id='word_1_353' title='bbox 2536 1414 2645 1463; x_wconf 89' lang='lat' dir='ltr'><strong>Ne-</strong></span> 
     </span>
     <span class='ocr_line' id='line_1_67' title="bbox 1558 1483 2644 1549; baseline -0.001 -15"><span class='ocrx_word' id='word_1_354' title='bbox 1558 1500 1664 1549; x_wconf 90' lang='lat' dir='ltr'><strong>que</strong></span> <span class='ocrx_word' id='word_1_355' title='bbox 1700 1483 1861 1533; x_wconf 84' lang='lat' dir='ltr'><strong>aliter</strong></span> <span class='ocrx_word' id='word_1_356' title='bbox 1899 1483 2007 1532; x_wconf 88' lang='lat' dir='ltr'><strong>iam</strong></span> <span class='ocrx_word' id='word_1_357' title='bbox 2053 1485 2324 1531; x_wconf 85' lang='lat' dir='ltr'><strong>statuerat</strong></span> <span class='ocrx_word' id='word_1_358' title='bbox 2369 1483 2644 1533; x_wconf 86' lang='lat' dir='ltr'><strong>Letronne</strong></span> 
     </span>
     <span class='ocr_line' id='line_1_68' title="bbox 1561 1549 2637 1618; baseline -0.002 -13"><span class='ocrx_word' id='word_1_359' title='bbox 1561 1552 1814 1614; x_wconf 86' lang='lat' dir='ltr'><strong>(Journal</strong></span> <span class='ocrx_word' id='word_1_360' title='bbox 1850 1552 1944 1603; x_wconf 87' lang='lat' dir='ltr'><strong>des</strong></span> <span class='ocrx_word' id='word_1_361' title='bbox 1984 1552 2113 1602; x_wconf 80' lang='lat' dir='ltr'><strong>Sav,</strong></span> <span class='ocrx_word' id='word_1_362' title='bbox 2161 1549 2312 1602; x_wconf 83' lang='grc'><strong>1844.</strong></span> <span class='ocrx_word' id='word_1_363' title='bbox 2351 1567 2478 1618; x_wconf 87' lang='lat' dir='ltr'><strong>pag.</strong></span> <span class='ocrx_word' id='word_1_364' title='bbox 2515 1551 2637 1604; x_wconf 90' lang='grc'><strong>666.</strong></span> 
     </span>
     <span class='ocr_line' id='line_1_69' title="bbox 1556 1620 2644 1686; baseline -0.002 -12"><span class='ocrx_word' id='word_1_365' title='bbox 1556 1621 1781 1674; x_wconf 89' lang='lat' dir='ltr'><strong>Recueil</strong></span> <span class='ocrx_word' id='word_1_366' title='bbox 1815 1621 1909 1671; x_wconf 87' lang='lat' dir='ltr'><strong>des</strong></span> <span class='ocrx_word' id='word_1_367' title='bbox 1942 1620 2217 1686; x_wconf 85' lang='lat' dir='ltr'><strong>inscriptt.</strong></span> <span class='ocrx_word' id='word_1_368' title='bbox 2239 1622 2408 1672; x_wconf 87' lang='lat' dir='ltr'><strong>Grecs</strong></span> <span class='ocrx_word' id='word_1_369' title='bbox 2434 1621 2501 1672; x_wconf 90' lang='lat' dir='ltr'><strong>de</strong></span> <span class='ocrx_word' id='word_1_370' title='bbox 2534 1620 2644 1672; x_wconf 84' lang='lat' dir='ltr'><strong>l’-E</strong></span> 
     </span>
     <span class='ocr_line' id='line_1_70' title="bbox 1558 1690 2642 1758; baseline -0.001 -17"><span class='ocrx_word' id='word_1_371' title='bbox 1558 1696 1710 1758; x_wconf 76' lang='lat' dir='ltr'><strong>gypt.</strong></span> <span class='ocrx_word' id='word_1_372' title='bbox 1759 1692 1805 1741; x_wconf 91' lang='grc' dir='ltr'><strong>Ι.</strong></span> <span class='ocrx_word' id='word_1_373' title='bbox 1857 1707 1912 1755; x_wconf 91' lang='lat' dir='ltr'><strong>p.</strong></span> <span class='ocrx_word' id='word_1_374' title='bbox 1952 1690 2076 1754; x_wconf 88' lang='grc'><strong>282)</strong></span> <span class='ocrx_word' id='word_1_375' title='bbox 2125 1705 2192 1740; x_wconf 86' lang='lat' dir='ltr'><strong>ac</strong></span> <span class='ocrx_word' id='word_1_376' title='bbox 2239 1706 2409 1755; x_wconf 87' lang='lat' dir='ltr'><strong>nuper</strong></span> <span class='ocrx_word' id='word_1_377' title='bbox 2446 1691 2642 1741; x_wconf 90' lang='lat' dir='ltr'><strong>statuit</strong></span> 
     </span>
     <span class='ocr_line' id='line_1_71' title="bbox 1558 1759 2640 1826; baseline -0.003 -14"><span class='ocrx_word' id='word_1_378' title='bbox 1558 1763 1619 1812; x_wconf 86' lang='lat' dir='ltr'><strong>C.</strong></span> <span class='ocrx_word' id='word_1_379' title='bbox 1664 1762 1844 1812; x_wconf 82' lang='lat' dir='ltr'><strong>Ritter</strong></span> <span class='ocrx_word' id='word_1_380' title='bbox 1893 1759 2298 1826; x_wconf 79' lang='lat' dir='ltr'><strong>(Denksehrift.</strong></span> <span class='ocrx_word' id='word_1_381' title='bbox 2361 1759 2413 1810; x_wconf 88' lang='lat' dir='ltr'><strong>d.</strong></span> <span class='ocrx_word' id='word_1_382' title='bbox 2462 1759 2640 1810; x_wconf 85' lang='lat' dir='ltr'><strong>Akad.</strong></span> 
     </span>
     <span class='ocr_line' id='line_1_72' title="bbox 1556 1828 2639 1881; baseline -0.001 0"><span class='ocrx_word' id='word_1_383' title='bbox 1556 1832 1610 1881; x_wconf 84' lang='lat' dir='ltr'><strong>d.</strong></span> <span class='ocrx_word' id='word_1_384' title='bbox 1647 1829 1984 1880; x_wconf 81' lang='lat' dir='ltr'><strong>wissensch.</strong></span> <span class='ocrx_word' id='word_1_385' title='bbox 2012 1844 2081 1879; x_wconf 80' lang='lat' dir='ltr'><strong>zu</strong></span> <span class='ocrx_word' id='word_1_386' title='bbox 2108 1828 2293 1878; x_wconf 86' lang='lat' dir='ltr'><strong>Berlin</strong></span> <span class='ocrx_word' id='word_1_387' title='bbox 2325 1844 2451 1878; x_wconf 81' lang='lat' dir='ltr'><strong>aun.</strong></span> <span class='ocrx_word' id='word_1_388' title='bbox 2485 1828 2639 1880; x_wconf 84' lang='lat'><strong>1851.</strong></span> 
     </span>
     <span class='ocr_line' id='line_1_73' title="bbox 1555 1897 2642 1965; baseline 0 -15"><span class='ocrx_word' id='word_1_389' title='bbox 1555 1916 1683 1965; x_wconf 86' lang='lat' dir='ltr'><strong>pag.</strong></span> <span class='ocrx_word' id='word_1_390' title='bbox 1725 1899 1827 1950; x_wconf 84' lang='lat'><strong>315</strong></span> <span class='ocrx_word' id='word_1_391' title='bbox 1862 1897 2059 1963; x_wconf 87' lang='lat' dir='ltr'><strong>seqq.)‚</strong></span> <span class='ocrx_word' id='word_1_392' title='bbox 2099 1898 2191 1962; x_wconf 92' lang='lat' dir='ltr'><strong>qui</strong></span> <span class='ocrx_word' id='word_1_393' title='bbox 2230 1902 2287 1947; x_wconf 84' lang='lat' dir='ltr'><strong>et</strong></span> <span class='ocrx_word' id='word_1_394' title='bbox 2321 1897 2425 1948; x_wconf 90' lang='lat' dir='ltr'><strong>hoc</strong></span> <span class='ocrx_word' id='word_1_395' title='bbox 2468 1898 2642 1951; x_wconf 84' lang='lat' dir='ltr'><strong>Hero·</strong></span> 
     </span>
     <span class='ocr_line' id='line_1_74' title="bbox 1555 1967 2638 2031; baseline -0.001 -12"><span class='ocrx_word' id='word_1_396' title='bbox 1555 1970 1671 2019; x_wconf 89' lang='lat' dir='ltr'><strong>doti</strong></span> <span class='ocrx_word' id='word_1_397' title='bbox 1705 1969 1825 2018; x_wconf 89' lang='lat' dir='ltr'><strong>loco</strong></span> <span class='ocrx_word' id='word_1_398' title='bbox 1861 1972 1917 2018; x_wconf 91' lang='lat' dir='ltr'><strong>et</strong></span> <span class='ocrx_word' id='word_1_399' title='bbox 1940 1967 2142 2029; x_wconf 85' lang='lat' dir='ltr'><strong>altero,</strong></span> <span class='ocrx_word' id='word_1_400' title='bbox 2182 1968 2273 2031; x_wconf 90' lang='lat' dir='ltr'><strong>qui</strong></span> <span class='ocrx_word' id='word_1_401' title='bbox 2302 1970 2485 2017; x_wconf 83' lang='lat' dir='ltr'><strong>exstat</strong></span> <span class='ocrx_word' id='word_1_402' title='bbox 2511 1968 2638 2031; x_wconf 87' lang='lat' dir='ltr'><strong>VII,</strong></span> 
     </span>
     <span class='ocr_line' id='line_1_75' title="bbox 1560 2036 2640 2100; baseline -0.002 -11"><span class='ocrx_word' id='word_1_403' title='bbox 1560 2039 1684 2100; x_wconf 84' lang='lat'><strong>118,</strong></span> <span class='ocrx_word' id='word_1_404' title='bbox 1734 2052 1842 2087; x_wconf 90' lang='lat' dir='ltr'><strong>non</strong></span> <span class='ocrx_word' id='word_1_405' title='bbox 1876 2036 1984 2087; x_wconf 89' lang='lat' dir='ltr'><strong>nisi</strong></span> <span class='ocrx_word' id='word_1_406' title='bbox 2021 2036 2089 2086; x_wconf 88' lang='lat' dir='ltr'><strong>de</strong></span> <span class='ocrx_word' id='word_1_407' title='bbox 2132 2036 2243 2086; x_wconf 91' lang='lat' dir='ltr'><strong>lino</strong></span> <span class='ocrx_word' id='word_1_408' title='bbox 2280 2036 2640 2087; x_wconf 86' lang='lat' dir='ltr'><strong>subtilissimo</strong></span> 
     </span>
     <span class='ocr_line' id='line_1_76' title="bbox 1552 2107 2642 2173; baseline -0.003 -14"><span class='ocrx_word' id='word_1_409' title='bbox 1552 2108 1786 2173; x_wconf 79' lang='lat' dir='ltr'><strong>cogitari</strong></span> <span class='ocrx_word' id='word_1_410' title='bbox 1817 2121 1979 2171; x_wconf 91' lang='lat' dir='ltr'><strong>posse</strong></span> <span class='ocrx_word' id='word_1_411' title='bbox 2015 2110 2230 2169; x_wconf 90' lang='lat' dir='ltr'><strong>censet,</strong></span> <span class='ocrx_word' id='word_1_412' title='bbox 2267 2121 2388 2156; x_wconf 89' lang='lat' dir='ltr'><strong>cum</strong></span> <span class='ocrx_word' id='word_1_413' title='bbox 2424 2107 2642 2158; x_wconf 86' lang='lat' dir='ltr'><strong>cotonei</strong></span> 
     </span>
     <span class='ocr_line' id='line_1_77' title="bbox 1553 2176 2642 2241; baseline -0.001 -13"><span class='ocrx_word' id='word_1_414' title='bbox 1553 2177 1734 2228; x_wconf 89' lang='lat' dir='ltr'><strong>nullus</strong></span> <span class='ocrx_word' id='word_1_415' title='bbox 1765 2177 1928 2227; x_wconf 84' lang='lat' dir='ltr'><strong>fuerit</strong></span> <span class='ocrx_word' id='word_1_416' title='bbox 1950 2190 2083 2226; x_wconf 89' lang='lat' dir='ltr'><strong>usus</strong></span> <span class='ocrx_word' id='word_1_417' title='bbox 2109 2191 2204 2241; x_wconf 87' lang='lat' dir='ltr'><strong>per</strong></span> <span class='ocrx_word' id='word_1_418' title='bbox 2222 2176 2529 2241; x_wconf 80' lang='lat' dir='ltr'><strong>Aegyptum</strong></span> <span class='ocrx_word' id='word_1_419' title='bbox 2550 2192 2642 2227; x_wconf 89' lang='lat' dir='ltr'><strong>ue-</strong></span> 
     </span>
     <span class='ocr_line' id='line_1_78' title="bbox 1552 2241 2641 2312; baseline -0.002 -15"><span class='ocrx_word' id='word_1_420' title='bbox 1552 2263 1659 2312; x_wconf 88' lang='lat' dir='ltr'><strong>que</strong></span> <span class='ocrx_word' id='word_1_421' title='bbox 1693 2248 1749 2297; x_wconf 91' lang='lat' dir='ltr'><strong>in</strong></span> <span class='ocrx_word' id='word_1_422' title='bbox 1784 2247 2105 2296; x_wconf 87' lang='lat' dir='ltr'><strong>mumiarum</strong></span> <span class='ocrx_word' id='word_1_423' title='bbox 2125 2241 2341 2308; x_wconf 74' lang='lat' dir='ltr'><strong>fasciis,</strong></span> <span class='ocrx_word' id='word_1_424' title='bbox 2380 2261 2555 2312; x_wconf 89' lang='lat' dir='ltr'><strong>neque</strong></span> <span class='ocrx_word' id='word_1_425' title='bbox 2582 2248 2641 2297; x_wconf 90' lang='lat' dir='ltr'><strong>in</strong></span> 
     </span>
     <span class='ocr_line' id='line_1_79' title="bbox 1552 2315 2639 2367; baseline 0.001 -1"><span class='ocrx_word' id='word_1_426' title='bbox 1552 2316 1866 2367; x_wconf 78' lang='lat' dir='ltr'><strong>vulneribus</strong></span> <span class='ocrx_word' id='word_1_427' title='bbox 1917 2315 2196 2365; x_wconf 86' lang='lat' dir='ltr'><strong>sanandis.</strong></span> <span class='ocrx_word' id='word_1_428' title='bbox 2278 2315 2529 2365; x_wconf 84' lang='lat' dir='ltr'><strong>Accessit</strong></span> <span class='ocrx_word' id='word_1_429' title='bbox 2576 2315 2639 2367; x_wconf 82' lang='lat' dir='ltr'><strong>C.</strong></span> 
     </span>
     <span class='ocr_line' id='line_1_80' title="bbox 1551 2384 2638 2437; baseline 0 0"><span class='ocrx_word' id='word_1_430' title='bbox 1551 2388 1618 2437; x_wconf 82' lang='lat' dir='ltr'><strong>F.</strong></span> <span class='ocrx_word' id='word_1_431' title='bbox 1655 2386 2001 2436; x_wconf 86' lang='lat' dir='ltr'><strong>Hermannus</strong></span> <span class='ocrx_word' id='word_1_432' title='bbox 2039 2385 2095 2434; x_wconf 90' lang='lat' dir='ltr'><strong>in</strong></span> <span class='ocrx_word' id='word_1_433' title='bbox 2131 2384 2362 2434; x_wconf 81' lang='lat' dir='ltr'><strong>Becker.</strong></span> <span class='ocrx_word' id='word_1_434' title='bbox 2401 2384 2638 2437; x_wconf 86' lang='lat' dir='ltr'><strong>Charicl.</strong></span> 
     </span>
     <span class='ocr_line' id='line_1_81' title="bbox 1553 2453 2641 2521; baseline -0.001 -15"><span class='ocrx_word' id='word_1_435' title='bbox 1553 2456 1660 2505; x_wconf 89' lang='grc' dir='ltr'><strong>ΠΙ.</strong></span> <span class='ocrx_word' id='word_1_436' title='bbox 1699 2472 1753 2521; x_wconf 91' lang='lat' dir='ltr'><strong>p.</strong></span> <span class='ocrx_word' id='word_1_437' title='bbox 1795 2455 1893 2506; x_wconf 85' lang='lat'><strong>187</strong></span> <span class='ocrx_word' id='word_1_438' title='bbox 1926 2453 2161 2519; x_wconf 88' lang='lat' dir='ltr'><strong>mihique</strong></span> <span class='ocrx_word' id='word_1_439' title='bbox 2198 2454 2304 2519; x_wconf 90' lang='lat' dir='ltr'><strong>ipsi</strong></span> <span class='ocrx_word' id='word_1_440' title='bbox 2338 2454 2395 2502; x_wconf 89' lang='lat' dir='ltr'><strong>in</strong></span> <span class='ocrx_word' id='word_1_441' title='bbox 2432 2454 2514 2504; x_wconf 89' lang='lat' dir='ltr'><strong>his</strong></span> <span class='ocrx_word' id='word_1_442' title='bbox 2548 2470 2641 2505; x_wconf 85' lang='lat' dir='ltr'><strong>ac-</strong></span> 
     </span>
     <span class='ocr_line' id='line_1_82' title="bbox 1551 2523 2641 2589; baseline 0 -15"><span class='ocrx_word' id='word_1_443' title='bbox 1551 2524 1936 2589; x_wconf 82' lang='lat' dir='ltr'><strong>quiescendum</strong></span> <span class='ocrx_word' id='word_1_444' title='bbox 1974 2523 2208 2572; x_wconf 80' lang='lat' dir='ltr'><strong>videtur.</strong></span> <span class='ocrx_word' id='word_1_445' title='bbox 2281 2523 2362 2572; x_wconf 87' lang='lat' dir='ltr'><strong>Ac</strong></span> <span class='ocrx_word' id='word_1_446' title='bbox 2398 2524 2445 2570; x_wconf 90' lang='lat' dir='ltr'><strong>si</strong></span> <span class='ocrx_word' id='word_1_447' title='bbox 2477 2539 2641 2588; x_wconf 88' lang='lat' dir='ltr'><strong>quae-</strong></span> 
     </span>
     <span class='ocr_line' id='line_1_83' title="bbox 1550 2591 2639 2654; baseline 0 -11"><span class='ocrx_word' id='word_1_448' title='bbox 1550 2609 1659 2654; x_wconf 86' lang='lat' dir='ltr'><strong>ras,</strong></span> <span class='ocrx_word' id='word_1_449' title='bbox 1682 2592 2115 2653; x_wconf 86' lang='lat' dir='ltr'><strong>curHerodotus‚</strong></span> <span class='ocrx_word' id='word_1_450' title='bbox 2140 2591 2338 2641; x_wconf 90' lang='lat' dir='ltr'><strong>linteas</strong></span> <span class='ocrx_word' id='word_1_451' title='bbox 2362 2592 2566 2642; x_wconf 84' lang='lat' dir='ltr'><strong>fascias</strong></span> <span class='ocrx_word' id='word_1_452' title='bbox 2591 2593 2639 2643; x_wconf 90' lang='lat' dir='ltr'><strong>si</strong></span> 
     </span>
     <span class='ocr_line' id='line_1_84' title="bbox 1549 2661 2640 2726; baseline -0.001 -15"><span class='ocrx_word' id='word_1_453' title='bbox 1549 2678 1740 2712; x_wconf 79' lang='lat' dir='ltr'><strong>revera</strong></span> <span class='ocrx_word' id='word_1_454' title='bbox 1773 2661 2128 2723; x_wconf 82' lang='lat' dir='ltr'><strong>intellexerit,</strong></span> <span class='ocrx_word' id='word_1_455' title='bbox 2166 2675 2277 2709; x_wconf 89' lang='lat' dir='ltr'><strong>non</strong></span> <span class='ocrx_word' id='word_1_456' title='bbox 2299 2661 2481 2711; x_wconf 75' lang='lat' dir='ltr'><strong>linteas</strong></span> <span class='ocrx_word' id='word_1_457' title='bbox 2510 2676 2640 2726; x_wconf 91' lang='lat' dir='ltr'><strong>quo-</strong></span> 
     </span>
     <span class='ocr_line' id='line_1_85' title="bbox 1550 2728 2640 2796; baseline -0.002 -15"><span class='ocrx_word' id='word_1_458' title='bbox 1550 2746 1657 2796; x_wconf 90' lang='lat' dir='ltr'><strong>que</strong></span> <span class='ocrx_word' id='word_1_459' title='bbox 1694 2731 1890 2781; x_wconf 83' lang='lat' dir='ltr'><strong>dixerit</strong></span> <span class='ocrx_word' id='word_1_460' title='bbox 1928 2730 2052 2791; x_wconf 87' lang='lat' dir='ltr'><strong>has,</strong></span> <span class='ocrx_word' id='word_1_461' title='bbox 2092 2728 2188 2779; x_wconf 86' lang='lat' dir='ltr'><strong>sed</strong></span> <span class='ocrx_word' id='word_1_462' title='bbox 2215 2744 2244 2778; x_wconf 93' lang='lat' dir='ltr'><strong>e</strong></span> <span class='ocrx_word' id='word_1_463' title='bbox 2276 2729 2488 2779; x_wconf 77' lang='lat' dir='ltr'><strong>sindone</strong></span> <span class='ocrx_word' id='word_1_464' title='bbox 2520 2730 2640 2793; x_wconf 73' lang='lat' dir='ltr'><strong>bys-</strong></span> 
     </span>
     <span class='ocr_line' id='line_1_86' title="bbox 1549 2797 2638 2865; baseline -0.001 -15"><span class='ocrx_word' id='word_1_465' title='bbox 1549 2803 1667 2851; x_wconf 79' lang='lat' dir='ltr'><strong>sina</strong></span> <span class='ocrx_word' id='word_1_466' title='bbox 1696 2804 1908 2861; x_wconf 79' lang='lat' dir='ltr'><strong>sectas,</strong></span> <span class='ocrx_word' id='word_1_467' title='bbox 1955 2797 2240 2849; x_wconf 89' lang='lat' dir='ltr'><strong>admonuit</strong></span> <span class='ocrx_word' id='word_1_468' title='bbox 2277 2799 2489 2848; x_wconf 81' lang='lat' dir='ltr'><strong>La‘sseu</strong></span> <span class='ocrx_word' id='word_1_469' title='bbox 2523 2800 2638 2865; x_wconf 89' lang='lat' dir='ltr'><strong>(In-</strong></span> 
     </span>
     <span class='ocr_line' id='line_1_87' title="bbox 1552 2867 2636 2934; baseline 0.001 -14"><span class='ocrx_word' id='word_1_470' title='bbox 1552 2869 1738 2920; x_wconf 86' lang='lat' dir='ltr'><strong>dische</strong></span> <span class='ocrx_word' id='word_1_471' title='bbox 1774 2867 2167 2920; x_wconf 83' lang='lat' dir='ltr'><strong>Alterthumsk.</strong></span> <span class='ocrx_word' id='word_1_472' title='bbox 2211 2867 2259 2918; x_wconf 91' lang='lat'><strong>1.</strong></span> <span class='ocrx_word' id='word_1_473' title='bbox 2306 2884 2361 2934; x_wconf 90' lang='lat' dir='ltr'><strong>p.</strong></span> <span class='ocrx_word' id='word_1_474' title='bbox 2398 2867 2519 2919; x_wconf 70' lang='lat' dir='ltr'><strong>ebo.</strong></span> <span class='ocrx_word' id='word_1_475' title='bbox 2558 2869 2636 2921; x_wconf 90' lang='grc' dir='ltr'><strong>Π.</strong></span> 
     </span>
     <span class='ocr_line' id='line_1_88' title="bbox 1550 2936 2639 3004; baseline -0.001 -14"><span class='ocrx_word' id='word_1_476' title='bbox 1550 2955 1602 3004; x_wconf 77' lang='lat' dir='ltr'><strong>p.</strong></span> <span class='ocrx_word' id='word_1_477' title='bbox 1641 2940 1744 2991; x_wconf 83' lang='lat'><strong>554</strong></span> <span class='ocrx_word' id='word_1_478' title='bbox 1779 2953 1889 3003; x_wconf 87' lang='lat' dir='ltr'><strong>seq.</strong></span> <span class='ocrx_word' id='word_1_479' title='bbox 1932 2936 2055 2988; x_wconf 78' lang='lat' dir='ltr'><strong>coll.</strong></span> <span class='ocrx_word' id='word_1_480' title='bbox 2092 2937 2233 3001; x_wconf 86' lang='lat' dir='ltr'><strong>Aug.</strong></span> <span class='ocrx_word' id='word_1_481' title='bbox 2272 2937 2415 2988; x_wconf 85' lang='lat' dir='ltr'><strong>Guil.</strong></span> <span class='ocrx_word' id='word_1_482' title='bbox 2455 2937 2639 2989; x_wconf 83' lang='lat' dir='ltr'><strong>Schle-</strong></span> 
     </span>
     <span class='ocr_line' id='line_1_89' title="bbox 1551 3005 2639 3073; baseline 0.001 -15"><span class='ocrx_word' id='word_1_483' title='bbox 1551 3007 1916 3073; x_wconf 83' lang='lat' dir='ltr'><strong>gel:1ndien</strong></span> <span class='ocrx_word' id='word_1_484' title='bbox 1903 3023 1971 3056; x_wconf 72' lang='lat' dir='ltr'><strong>im</strong></span> <span class='ocrx_word' id='word_1_485' title='bbox 1994 3005 2196 3057; x_wconf 87' lang='lat' dir='ltr'><strong>Berlin.</strong></span> <span class='ocrx_word' id='word_1_486' title='bbox 2210 3007 2639 3059; x_wconf 84' lang='lat' dir='ltr'><strong>Taschenbuche</strong></span> 
     </span>
     <span class='ocr_line' id='line_1_90' title="bbox 1558 3075 2636 3143; baseline -0.005 -12"><span class='ocrx_word' id='word_1_487' title='bbox 1558 3079 1709 3131; x_wconf 88' lang='grc'><strong>1829.</strong></span> <span class='ocrx_word' id='word_1_488' title='bbox 1732 3092 1855 3143; x_wconf 80' lang='lat' dir='ltr'><strong>pag.</strong></span> <span class='ocrx_word' id='word_1_489' title='bbox 1885 3075 1962 3139; x_wconf 89' lang='lat'><strong>7),</strong></span> <span class='ocrx_word' id='word_1_490' title='bbox 1989 3077 2252 3128; x_wconf 83' lang='lat' dir='ltr'><strong>Graecam</strong></span> <span class='ocrx_word' id='word_1_491' title='bbox 2290 3093 2480 3128; x_wconf 79' lang='lat' dir='ltr'><strong>vocem</strong></span> <span class='ocrx_word' id='word_1_492' title='bbox 2519 3091 2636 3128; x_wconf 90' lang='grc' dir='ltr'><strong><em>σιν-</em></strong></span> 
     </span>
     <span class='ocr_line' id='line_1_91' title="bbox 1550 3142 2638 3205; baseline 0.003 -9"><span class='ocrx_word' id='word_1_493' title='bbox 1550 3142 1725 3205; x_wconf 75' lang='grc' dir='ltr'><strong><em>δόνος</em></strong></span> <span class='ocrx_word' id='word_1_494' title='bbox 1775 3163 1805 3198; x_wconf 87' lang='lat' dir='ltr'><strong>e</strong></span> <span class='ocrx_word' id='word_1_495' title='bbox 1852 3146 2208 3197; x_wconf 82' lang='lat' dir='ltr'><strong>Sanscritana</strong></span> <span class='ocrx_word' id='word_1_496' title='bbox 2258 3162 2395 3198; x_wconf 82' lang='lat' dir='ltr'><strong>voce</strong></span> <span class='ocrx_word' id='word_1_497' title='bbox 2444 3146 2638 3199; x_wconf 72' lang='lat' dir='ltr'><strong>Sindlm</strong></span> 
     </span>
     <span class='ocr_line' id='line_1_92' title="bbox 1551 3215 2639 3283; baseline 0 -16"><span class='ocrx_word' id='word_1_498' title='bbox 1551 3216 1841 3267; x_wconf 87' lang='lat' dir='ltr'><strong>deductam</strong></span> <span class='ocrx_word' id='word_1_499' title='bbox 1888 3215 1966 3265; x_wconf 89' lang='lat' dir='ltr'><strong>nil</strong></span> <span class='ocrx_word' id='word_1_500' title='bbox 2007 3215 2113 3266; x_wconf 86' lang='lat' dir='ltr'><strong>nisi</strong></span> <span class='ocrx_word' id='word_1_501' title='bbox 2162 3215 2388 3266; x_wconf 63' lang='lat' dir='ltr'><strong>India-mn</strong></span> <span class='ocrx_word' id='word_1_502' title='bbox 2428 3216 2639 3283; x_wconf 82' lang='lat' dir='ltr'><strong>signifi-</strong></span> 
     </span>
     <span class='ocr_line' id='line_1_93' title="bbox 1550 3284 2636 3351; baseline -0.004 -13"><span class='ocrx_word' id='word_1_503' title='bbox 1550 3302 1678 3338; x_wconf 88' lang='lat' dir='ltr'><strong>care</strong></span> <span class='ocrx_word' id='word_1_504' title='bbox 1718 3286 1951 3351; x_wconf 89' lang='lat' dir='ltr'><strong>indeque</strong></span> <span class='ocrx_word' id='word_1_505' title='bbox 1989 3289 2053 3335; x_wconf 86' lang='lat' dir='ltr'><strong>ut</strong></span> <span class='ocrx_word' id='word_1_506' title='bbox 2097 3285 2167 3335; x_wconf 86' lang='lat' dir='ltr'><strong>ad</strong></span> <span class='ocrx_word' id='word_1_507' title='bbox 2205 3284 2342 3336; x_wconf 82' lang='lat' dir='ltr'><strong>alias</strong></span> <span class='ocrx_word' id='word_1_508' title='bbox 2389 3301 2503 3349; x_wconf 90' lang='lat' dir='ltr'><strong>res,</strong></span> <span class='ocrx_word' id='word_1_509' title='bbox 2554 3287 2636 3335; x_wconf 87' lang='lat' dir='ltr'><strong>ita</strong></span> 
     </span>
     <span class='ocr_line' id='line_1_94' title="bbox 1549 3355 2636 3419; baseline -0.002 -13"><span class='ocrx_word' id='word_1_510' title='bbox 1549 3357 1621 3406; x_wconf 88' lang='lat' dir='ltr'><strong>ad</strong></span> <span class='ocrx_word' id='word_1_511' title='bbox 1648 3360 1831 3406; x_wconf 83' lang='lat' dir='ltr'><strong>vestes</strong></span> <span class='ocrx_word' id='word_1_512' title='bbox 1876 3355 2095 3404; x_wconf 86' lang='lat' dir='ltr'><strong>Indicas</strong></span> <span class='ocrx_word' id='word_1_513' title='bbox 2132 3370 2163 3403; x_wconf 91' lang='lat' dir='ltr'><strong>e</strong></span> <span class='ocrx_word' id='word_1_514' title='bbox 2209 3355 2466 3419; x_wconf 81' lang='lat' dir='ltr'><strong>gossypio</strong></span> <span class='ocrx_word' id='word_1_515' title='bbox 2511 3369 2636 3404; x_wconf 88' lang='lat' dir='ltr'><strong>con-</strong></span> 
     </span>
     <span class='ocr_line' id='line_1_95' title="bbox 1549 3420 2633 3485; baseline -0.004 -10"><span class='ocrx_word' id='word_1_516' title='bbox 1549 3426 1727 3475; x_wconf 81' lang='lat' dir='ltr'><strong>fectas</strong></span> <span class='ocrx_word' id='word_1_517' title='bbox 1763 3423 1898 3485; x_wconf 83' lang='lat' dir='ltr'><strong>(vid.</strong></span> <span class='ocrx_word' id='word_1_518' title='bbox 1937 3423 2204 3473; x_wconf 81' lang='lat' dir='ltr'><strong>Herodot.</strong></span> <span class='ocrx_word' id='word_1_519' title='bbox 2242 3423 2349 3484; x_wconf 94' lang='lat' dir='ltr'><strong>III,</strong></span> <span class='ocrx_word' id='word_1_520' title='bbox 2389 3421 2490 3472; x_wconf 89' lang='lat'><strong>106</strong></span> <span class='ocrx_word' id='word_1_521' title='bbox 2538 3420 2633 3471; x_wconf 88' lang='lat' dir='ltr'><strong>fin.</strong></span> 
     </span>
     <span class='ocr_line' id='line_1_96' title="bbox 1550 3490 2633 3556; baseline -0.004 -13"><span class='ocrx_word' id='word_1_522' title='bbox 1550 3493 1676 3544; x_wconf 92' lang='lat' dir='ltr'><strong>coll.</strong></span> <span class='ocrx_word' id='word_1_523' title='bbox 1723 3491 2081 3556; x_wconf 86' lang='lat' dir='ltr'><strong>Theophrast.</strong></span> <span class='ocrx_word' id='word_1_524' title='bbox 2122 3491 2269 3540; x_wconf 85' lang='lat' dir='ltr'><strong>Hist.</strong></span> <span class='ocrx_word' id='word_1_525' title='bbox 2311 3490 2493 3541; x_wconf 84' lang='lat' dir='ltr'><strong>Plant.</strong></span> <span class='ocrx_word' id='word_1_526' title='bbox 2535 3491 2633 3552; x_wconf 87' lang='lat' dir='ltr'><strong>IV,</strong></span> 
     </span>
     <span class='ocr_line' id='line_1_97' title="bbox 1552 3558 2634 3625; baseline -0.002 -12"><span class='ocrx_word' id='word_1_527' title='bbox 1552 3565 1603 3622; x_wconf 89' lang='lat'><strong>7,</strong></span> <span class='ocrx_word' id='word_1_528' title='bbox 1640 3565 1692 3612; x_wconf 89' lang='lat'><strong>7.</strong></span> <span class='ocrx_word' id='word_1_529' title='bbox 1766 3561 1949 3611; x_wconf 87' lang='lat' dir='ltr'><strong>Strab.</strong></span> <span class='ocrx_word' id='word_1_530' title='bbox 1975 3560 2094 3610; x_wconf 84' lang='lat' dir='ltr'><strong>XV.</strong></span> <span class='ocrx_word' id='word_1_531' title='bbox 2131 3575 2185 3624; x_wconf 90' lang='lat' dir='ltr'><strong>p.</strong></span> <span class='ocrx_word' id='word_1_532' title='bbox 2219 3558 2322 3610; x_wconf 82' lang='lat'><strong>693</strong></span> <span class='ocrx_word' id='word_1_533' title='bbox 2349 3558 2477 3610; x_wconf 91' lang='lat' dir='ltr'><strong>coll.</strong></span> <span class='ocrx_word' id='word_1_534' title='bbox 2509 3560 2634 3625; x_wconf 88' lang='grc'><strong>717)</strong></span> 
     </span>
     <span class='ocr_line' id='line_1_98' title="bbox 1552 3628 2635 3694; baseline -0.004 -12"><span class='ocrx_word' id='word_1_535' title='bbox 1552 3636 1607 3681; x_wconf 90' lang='lat' dir='ltr'><strong>et</strong></span> <span class='ocrx_word' id='word_1_536' title='bbox 1633 3648 1698 3681; x_wconf 84' lang='lat' dir='ltr'><strong>ex</strong></span> <span class='ocrx_word' id='word_1_537' title='bbox 1728 3629 1888 3679; x_wconf 88' lang='lat' dir='ltr'><strong>India</strong></span> <span class='ocrx_word' id='word_1_538' title='bbox 1917 3631 1974 3678; x_wconf 92' lang='lat' dir='ltr'><strong>in</strong></span> <span class='ocrx_word' id='word_1_539' title='bbox 1997 3628 2137 3678; x_wconf 88' lang='lat' dir='ltr'><strong>alias</strong></span> <span class='ocrx_word' id='word_1_540' title='bbox 2159 3634 2332 3677; x_wconf 86' lang='lat' dir='ltr'><strong>terras</strong></span> <span class='ocrx_word' id='word_1_541' title='bbox 2360 3632 2635 3694; x_wconf 82' lang='lat' dir='ltr'><strong>transpor-</strong></span> 
     </span>
     <span class='ocr_line' id='line_1_99' title="bbox 1552 3693 2635 3762; baseline -0.004 -12"><span class='ocrx_word' id='word_1_542' title='bbox 1552 3705 1703 3750; x_wconf 86' lang='lat' dir='ltr'><strong>tatas</strong></span> <span class='ocrx_word' id='word_1_543' title='bbox 1738 3697 2008 3748; x_wconf 83' lang='lat' dir='ltr'><strong>adhiberi:</strong></span> <span class='ocrx_word' id='word_1_544' title='bbox 2046 3697 2173 3747; x_wconf 85' lang='lat' dir='ltr'><strong>addi</strong></span> <span class='ocrx_word' id='word_1_545' title='bbox 2195 3712 2325 3746; x_wconf 79' lang='lat' dir='ltr'><strong>vero</strong></span> <span class='ocrx_word' id='word_1_546' title='bbox 2363 3693 2635 3762; x_wconf 83' lang='grc' dir='ltr'><strong><em>βυσσίνης</em></strong></span> 
     </span>
     <span class='ocr_line' id='line_1_100' title="bbox 1551 3765 2633 3833; baseline -0.003 -14"><span class='ocrx_word' id='word_1_547' title='bbox 1551 3774 1783 3833; x_wconf 85' lang='lat' dir='ltr'><strong>utroque</strong></span> <span class='ocrx_word' id='word_1_548' title='bbox 1801 3766 2114 3817; x_wconf 87' lang='lat' dir='ltr'><strong>Herodoteo</strong></span> <span class='ocrx_word' id='word_1_549' title='bbox 2156 3765 2304 3827; x_wconf 89' lang='lat' dir='ltr'><strong>loco,</strong></span> <span class='ocrx_word' id='word_1_550' title='bbox 2354 3770 2417 3815; x_wconf 88' lang='lat' dir='ltr'><strong>ut</strong></span> <span class='ocrx_word' id='word_1_551' title='bbox 2451 3771 2633 3817; x_wconf 81' lang='lat' dir='ltr'><strong>vestes</strong></span> 
     </span>
     <span class='ocr_line' id='line_1_101' title="bbox 1551 3834 2635 3889; baseline -0.001 -1"><span class='ocrx_word' id='word_1_552' title='bbox 1551 3854 1598 3889; x_wconf 90' lang='lat' dir='ltr'><strong>s.</strong></span> <span class='ocrx_word' id='word_1_553' title='bbox 1638 3837 1845 3886; x_wconf 84' lang='lat' dir='ltr'><strong>fasciae</strong></span> <span class='ocrx_word' id='word_1_554' title='bbox 1890 3852 1956 3885; x_wconf 87' lang='lat' dir='ltr'><strong>ex</strong></span> <span class='ocrx_word' id='word_1_555' title='bbox 2000 3834 2112 3884; x_wconf 91' lang='lat' dir='ltr'><strong>lino</strong></span> <span class='ocrx_word' id='word_1_556' title='bbox 2159 3834 2520 3887; x_wconf 83' lang='lat' dir='ltr'><strong>subtilissimo</strong></span> <span class='ocrx_word' id='word_1_557' title='bbox 2555 3836 2635 3887; x_wconf 82' lang='lat' dir='ltr'><strong>fa-</strong></span> 
     </span>
     <span class='ocr_line' id='line_1_102' title="bbox 1550 3897 2634 3969; baseline -0.002 -12"><span class='ocrx_word' id='word_1_558' title='bbox 1550 3912 1675 3957; x_wconf 81' lang='lat' dir='ltr'><strong>ctae</strong></span> <span class='ocrx_word' id='word_1_559' title='bbox 1711 3902 2113 3969; x_wconf 84' lang='lat' dir='ltr'><strong>intelligantur,</strong></span> <span class='ocrx_word' id='word_1_560' title='bbox 2151 3919 2273 3953; x_wconf 89' lang='lat' dir='ltr'><strong>cum</strong></span> <span class='ocrx_word' id='word_1_561' title='bbox 2294 3897 2499 3969; x_wconf 79' lang='grc' dir='ltr'><strong><em>βύσσος</em></strong></span> <span class='ocrx_word' id='word_1_562' title='bbox 2535 3905 2634 3955; x_wconf 88' lang='lat' dir='ltr'><strong>lini</strong></span> 
     </span>
     <span class='ocr_line' id='line_1_103' title="bbox 1550 3964 2635 4106; baseline 0 -13"><span class='ocrx_word' id='word_1_563' title='bbox 1550 3990 1661 4094; x_wconf 66' lang='grc' dir='ltr'><strong>ἕὲἲ</strong></span> <span class='ocrx_word' id='word_1_564' title='bbox 1658 3964 2208 4106; x_wconf 57' lang='lat' dir='ltr'><strong>“310q2‘1&#39;12d2&#39;302‘2ff</strong></span> <span class='ocrx_word' id='word_1_565' title='bbox 2210 3973 2553 4093; x_wconf 54' lang='grc' dir='ltr'><strong>ἱᾏωᾛιέῗέ</strong></span> <span class='ocrx_word' id='word_1_566' title='bbox 2555 3975 2635 4093; x_wconf 68' lang='lat'><strong>¹32</strong></span> 
     </span>
     <span class='ocr_line' id='line_1_104' title="bbox 1547 4111 2634 4177; baseline -0.001 -13"><span class='ocrx_word' id='word_1_567' title='bbox 1547 4114 1812 4164; x_wconf 85' lang='lat' dir='ltr'><strong>Thesaur.</strong></span> <span class='ocrx_word' id='word_1_568' title='bbox 1861 4111 2022 4175; x_wconf 89' lang='lat' dir='ltr'><strong>Ling.</strong></span> <span class='ocrx_word' id='word_1_569' title='bbox 2067 4111 2258 4162; x_wconf 87' lang='lat' dir='ltr'><strong>Graec.</strong></span> <span class='ocrx_word' id='word_1_570' title='bbox 2306 4111 2384 4162; x_wconf 90' lang='lat'><strong>11.</strong></span> <span class='ocrx_word' id='word_1_571' title='bbox 2428 4127 2484 4177; x_wconf 89' lang='lat' dir='ltr'><strong>p.</strong></span> <span class='ocrx_word' id='word_1_572' title='bbox 2530 4113 2634 4163; x_wconf 89' lang='grc'><strong>460</strong></span> 
     </span>
     <span class='ocr_line' id='line_1_105' title="bbox 1547 4178 2634 4246; baseline -0.001 -14"><span class='ocrx_word' id='word_1_573' title='bbox 1547 4183 1634 4232; x_wconf 88' lang='lat' dir='ltr'><strong>ed.</strong></span> <span class='ocrx_word' id='word_1_574' title='bbox 1661 4179 1827 4230; x_wconf 87' lang='lat' dir='ltr'><strong>Dind.</strong></span> <span class='ocrx_word' id='word_1_575' title='bbox 1845 4178 2009 4230; x_wconf 86' lang='lat' dir='ltr'><strong>Plura</strong></span> <span class='ocrx_word' id='word_1_576' title='bbox 2031 4195 2243 4246; x_wconf 88' lang='lat' dir='ltr'><strong>quoque</strong></span> <span class='ocrx_word' id='word_1_577' title='bbox 2263 4181 2451 4230; x_wconf 85' lang='lat' dir='ltr'><strong>attulit</strong></span> <span class='ocrx_word' id='word_1_578' title='bbox 2474 4181 2634 4231; x_wconf 87' lang='lat' dir='ltr'><strong>Creu-</strong></span> 
     </span>
     <span class='ocr_line' id='line_1_106' title="bbox 1549 4248 2630 4314; baseline -0.002 -14"><span class='ocrx_word' id='word_1_579' title='bbox 1549 4248 1698 4300; x_wconf 84' lang='lat' dir='ltr'><strong>zerl.</strong></span> <span class='ocrx_word' id='word_1_580' title='bbox 1737 4248 1776 4300; x_wconf 92' lang='lat' dir='ltr'><strong>l.</strong></span> <span class='ocrx_word' id='word_1_581' title='bbox 1800 4265 1928 4314; x_wconf 85' lang='lat' dir='ltr'><strong>pag.</strong></span> <span class='ocrx_word' id='word_1_582' title='bbox 1955 4249 2024 4299; x_wconf 90' lang='grc'><strong>49</strong></span> <span class='ocrx_word' id='word_1_583' title='bbox 2061 4264 2207 4314; x_wconf 62' lang='lat' dir='ltr'><strong>seq„</strong></span> <span class='ocrx_word' id='word_1_584' title='bbox 2244 4249 2630 4300; x_wconf 84' lang='lat' dir='ltr'><strong>Schleusnerl.</strong></span> 
     </span>
     <span class='ocr_line' id='line_1_107' title="bbox 1546 4316 2631 4403; baseline -0.001 -35"><span class='ocrx_word' id='word_1_585' title='bbox 1546 4320 1585 4370; x_wconf 93' lang='lat' dir='ltr'><strong>l.</strong></span> <span class='ocrx_word' id='word_1_586' title='bbox 1621 4316 1743 4369; x_wconf 87' lang='lat' dir='ltr'><strong>Vol.</strong></span> <span class='ocrx_word' id='word_1_587' title='bbox 1782 4317 1828 4368; x_wconf 95' lang='lat' dir='ltr'><strong>I.</strong></span> <span class='ocrx_word' id='word_1_588' title='bbox 1866 4333 1994 4382; x_wconf 85' lang='lat' dir='ltr'><strong>pag.</strong></span> <span class='ocrx_word' id='word_1_589' title='bbox 2026 4317 2129 4368; x_wconf 86' lang='grc'><strong>497</strong></span> <span class='ocrx_word' id='word_1_590' title='bbox 2139 4333 2273 4403; x_wconf 85' lang='lat' dir='ltr'><strong>seq.</strong></span> <span class='ocrx_word' id='word_1_591' title='bbox 2344 4319 2409 4368; x_wconf 91' lang='lat' dir='ltr'><strong>In</strong></span> <span class='ocrx_word' id='word_1_592' title='bbox 2440 4320 2631 4368; x_wconf 83' lang='lat' dir='ltr'><strong>Boset-</strong></span> 
     </span>
     <span class='ocr_line' id='line_1_108' title="bbox 1548 4380 2631 4457; baseline -0.004 -18"><span class='ocrx_word' id='word_1_593' title='bbox 1548 4393 1683 4439; x_wconf 86' lang='lat' dir='ltr'><strong>tana</strong></span> <span class='ocrx_word' id='word_1_594' title='bbox 1726 4387 2078 4453; x_wconf 86' lang='lat' dir='ltr'><strong>inscriptione</strong></span> <span class='ocrx_word' id='word_1_595' title='bbox 2125 4381 2341 4441; x_wconf 76' lang='grc' dir='ltr'><strong><em>ὀθόνια</em></strong></span> <span class='ocrx_word' id='word_1_596' title='bbox 2389 4380 2631 4457; x_wconf 73' lang='grc' dir='ltr'><strong><em>βύσσινα</em></strong></span> 
     </span>
    </p>
   </div>
  </div>
 </body>
</html>
