3109 5092
1215 367 1331 429 CL
1346 366 1470 430 10.
1514 369 1568 428 Ι.
1617 377 1740 433 146.

2487 363 2608 427 301

335 543 448 610 καὶ
475 536 792 629 Ἀρκάδες
809 542 1150 628 Πελασγοὶ
1178 541 1291 611 καὶ
1310 543 1610 630 Δωριέες
1627 538 2041 631 Ἐπιδαύριοι
2059 593 2078 628 ,
2102 539 2272 611 ἄλλα
2301 567 2373 610 τε
2400 545 2611 610 ἔθνεα

338 642 552 714 πολλὰ
598 641 1105 733 ἀναμεμίχαται.
1159 649 1229 713 οἱ
1269 643 1346 713 δὲ
1394 641 1625 714 αὐτῶν
1671 642 1800 714 ἀπὸ
1856 650 1978 715 τοῦ
2021 652 2444 735 πρυτανηΐου
2491 646 2615 712 τοῦ

327 745 711 836 Ἀθηναίων
735 743 1183 841 ὁρμηθέντες,
1219 749 1331 816 καὶ
1364 754 1744 837 νομίζοντες
1778 748 2236 836 γενναιότατοι
2271 747 2444 818 εἶναι
2471 743 2610 815 ’10:5-

338 879 514 938 νων,
560 840 744 921 οὗτοι
796 851 872 921 δὲ
911 848 995 920 οὐ
1039 866 1364 939 γυναῖκας
1398 847 1730 939 ἠγάγοντο
1768 855 1834 932 ἐς
1871 849 1998 941 τὴν
2036 848 2352 940 ἀποικίην
2373 902 2392 937 ,
2441 845 2612 919 ἀλλὰ

341 1022 468 1067 sunt
512 1017 823 1067 Phocenses
883 1015 1173 1081 Graeciae,
1230 1032 1265 1067 a
1313 1017 1428 1082 qui-

339 1088 440 1137 bus
512 1087 675 1137 valde
750 1086 1096 1137 discernendi
1163 1079 1224 1136 οἰ
1294 1086 1427 1136 Φοι-

339 1155 522 1213 καιὲες
566 1157 731 1207 Iones
791 1157 887 1222 (de
933 1156 1128 1221 quibus
1184 1156 1330 1206 infra
1378 1156 1424 1218 I,

345 1225 441 1276 163
490 1241 639 1292 seqq.
689 1225 812 1276 coll.
864 1225 920 1288 1,
976 1225 1127 1291 142),
1180 1227 1428 1291 quamvis

340 1311 502 1359 saepe
548 1312 669 1346 cnm
712 1295 798 1345 his
846 1294 1081 1346 confusi.
1155 1296 1242 1345 Cr.
1281 1294 1424 1346 conf.

341 1364 408 1414 de
459 1367 733 1431 scriptura
767 1364 1055 1429 Spanhem.
1104 1364 1178 1414 ad
1212 1364 1426 1415 Gallim.

340 1435 412 1484 H.
453 1436 509 1483 in
542 1434 756 1485 Pallad.
792 1435 879 1486 24.
915 1450 1039 1499 pag.
1067 1433 1172 1484 632
1208 1439 1262 1484 et
1287 1435 1427 1484 Koe-

339 1503 439 1554 ler.
476 1504 546 1554 ad
579 1502 857 1554 Heraclid.
902 1503 1118 1554 Pontic’.
1164 1518 1316 1585 pag.‚
1337 1504 1424 1554 86.

239 1571 247 1632 s
340 1573 449 1637 Qui
491 1590 620 1624 vero
668 1573 725 1625 h.
772 1572 811 1624 l.
861 1572 972 1623 sint
1018 1570 1235 1630 Φωκεες
1282 1587 1427 1622 απο-

339 1637 595 1706 δάσμιοι,
636 1642 854 1708 egregie
882 1642 1093 1692 indicat
1120 1642 1427 1693 Pausanias

339 1711 376 1762 l.
414 1712 482 1761 1.:
532 1710 802 1777 μετέσχον
849 1705 913 1760 δὲ
962 1708 1059 1761 καὶ
1104 1710 1320 1770 Φωκεῖς
1372 1704 1432 1761 οἰ

340 1771 505 1829 ἄλλοι
538 1774 689 1845 πλὴν
724 1779 984 1844 Δελφῶν.
1044 1783 1092 1831 Ε
1130 1797 1236 1846 quo
1271 1780 1430 1832 intel-

340 1849 554 1916 ligitur,
607 1850 917 1901 Phocenses
956 1849 1064 1899 dici
1107 1843 1428 1914 ἀποδασμί-

344 1935 462 1983 ους,
500 1921 538 1970 i.
569 1936 617 1970 e.
648 1936 683 1969 a
718 1922 927 1983 reliquis
962 1919 1146 1970 divisos
1179 1924 1234 1970 et
1269 1922 1430 1970 divul-

341 2005 442 2040 sos.
514 1989 655 2040 Nam
686 1980 1023 2053 ἄπόδασμος
1044 1988 1245 2040 dicitur
1263 1993 1431 2052 portio

344 2075 391 2110 s.
418 2074 551 2122 pars
583 2059 829 2125 quaedam
855 2060 1210 2109 anmltitudine
1231 2061 1425 2120 avulsa,

343 2134 595 2179 monente
640 2127 1025 2193 Wesselingio.
1103 2127 1244 2179 Add.
1285 2128 1432 2178 Thu·

344 2198 522 2264 cydid.
560 2198 607 2262 1,
646 2199 710 2248 12
748 2202 803 2247 et
837 2196 984 2249 conf.
1022 2197 1167 2247 infra
1204 2198 1281 2258 11,
1311 2197 1426 2248 103.

412 2263 507 2316 καὶ
537 2258 798 2332 Ἀρκάδες
837 2263 1142 2331 Πελασγοὶ]
1183 2268 1430 2316 Pertinet

344 2336 446 2386 hoc
483 2351 575 2399 eo,
624 2336 769 2402 quod
801 2352 869 2387 ex
908 2340 1153 2386 veterum
1196 2351 1431 2401 quorun-

345 2406 471 2456 dam
518 2407 790 2456 sententia
826 2405 1075 2470 Pelasgi,
1125 2411 1315 2470 utpote
1351 2406 1431 2454 in-

344 2475 545 2540 digena
588 2475 852 2526 Graeciae
905 2489 1039 2540 gens
1056 2511 1070 2536 ,
1132 2476 1291 2539 primi
1352 2479 1430 2524 te—

342 2545 560 2594 nuerint
614 2545 905 2595 Arcadiam
978 2544 1213 2609 indeque
1265 2546 1432 2595 Arca·

344 2614 467 2664 dica
501 2615 669 2679 stirps
696 2614 805 2664 dici
828 2617 1048 2680 queant.
1104 2614 1431 2677 Conf.,Pau-

343 2699 463 2734 san.
499 2683 668 2746 VIII,
708 2685 758 2735 1.
807 2687 861 2747 §-
907 2685 939 2734 2
986 2687 1042 2732 et
1086 2683 1432 2748 potissimum

342 2753 618 2817 Ephorum
654 2752 797 2818 apud
825 2753 1081 2804 Strabon.
1114 2752 1182 2803 V.
1221 2769 1275 2818 p.
1305 2751 1430 2815 337,

345 2823 437 2872 ubi
482 2823 626 2884 vid.,
674 2837 813 2887 quae
858 2822 968 2872 alia
1006 2821 1220 2872 addidit
1255 2823 1428 2873 Marx.

342 2893 400 2941 iu
436 2893 748 2957 fragmentt.
785 2891 990 2956 Ephori
1016 2906 1146 2956 pag.
1187 2891 1284 2942 157
1313 2906 1429 2956 seq.

343 2962 546 3012 Nostro
564 2961 684 3012 loco
704 2977 835 3012 usus
857 2967 941 3011 est
952 2960 1130 3012 Raoul
1143 2961 1431 3025 Rochette,

343 3046 451 3095 quo
493 3030 756 3096 Pelasgos
806 3046 915 3081 non
971 3030 1258 3083 barbaram
1304 3047 1433 3096 gen-

345 3105 484 3163 tem,
531 3101 628 3151 sed
662 3101 1015 3167 primigenios
1051 3101 1317 3151 Graeciae
1351 3101 1431 3150 in-

344 3169 496 3221 colas
533 3186 654 3221 esse
699 3170 978 3236 probaret3
1041 3170 1148 3220 vid.
1184 3171 1430 3221 Histoire

347 3240 415 3290 de
455 3239 758 3291 l’Etabliss.
806 3241 857 3291 d.
910 3237 1087 3290 colon.
1115 3240 1332 3304 ·Gre0q.
1379 3240 1427 3290 1.

346 3315 474 3374 υς.
500 3310 600 3362 137
628 3325 778 3375 seqq.
819 3310 936 3372 142,
973 3309 1066 3360 cui
1098 3308 1224 3360 add.
1252 3310 1431 3360 Kruse

344 3378 534 3430 Hellas
572 3379 619 3430 1.
666 3395 720 3443 p.
757 3380 861 3430 424
904 3378 1027 3429 coll.
1074 3380 1205 3442 462,
1258 3380 1430 3429 Hero·

347 3448 464 3498 doti
497 3448 718 3500 effatum
756 3463 790 3497 a
822 3464 951 3498 vero
993 3463 1103 3498 non
1139 3447 1428 3498 abhorrere

346 3521 707 3578 statuentem,
752 3517 911 3568 modo
959 3521 1170 3581 partem
1215 3522 1429 3568 tantum

347 3588 618 3640 Arcadiae
652 3587 780 3637 olim
831 3602 866 3636 a
902 3585 1153 3650 Pelasgis
1200 3602 1432 3652 occupa-

348 3661 462 3707 tam
485 3653 712 3718 dixerim
752 3672 875 3706 cum
904 3655 1168 3721 reliquam
1204 3671 1431 3721 eamque

350 3727 605 3777 maiorem
660 3725 899 3791 regionis
956 3729 1165 3791 partem
1229 3725 1338 3775 alia
1397 3741 1432 3774 a

348 3795 596 3860 Pelasgis
630 3795 848 3845 dlversa
890 3810 1024 3860 gens
1068 3794 1317 3860 primitus
1356 3798 1434 3844 te-

347 3865 529 3915 nuerit
566 3863 841 3930 indigena.
924 3863 986 3915 C.
1032 3864 1099 3915 F.
1133 3865 1428 3914 Hermann.

348 3933 386 3983 1.
433 3932 469 3983 1.
530 3933 582 3995 ξ.
632 3935 717 3986 77.
775 3937 890 3983 not.
935 3934 1020 3986 23.
1076 3933 1432 3998 probabiliter

348 3999 645 4052 Cleonaeos
695 4007 748 4052 et
795 4001 1095 4064 Phliasios,
1150 4002 1242 4066 qui
1288 4006 1432 4052 teste

347 4072 624 4122 Pausania
658 4073 790 4134 VII,
828 4069 881 4134 3,
919 4073 952 4121 5
985 4071 1431 4138 Clazomenarum

345 4141 495 4191 urbis
523 4140 732 4191 incolas
755 4142 1043 4191 maximam
1065 4144 1277 4206 partem
1307 4156 1432 4190 con-

346 4211 652 4272 stituerint,
709 4210 799 4260 hic
844 4210 1079 4276 intelligi
1135 4209 1431 4262 existimat.

344 4281 622 4330 Dorienses
638 4279 951 4342 Epidaurios
971 4295 1084 4330 non
1105 4280 1281 4329 Dores
1296 4317 1310 4343 ‚
1336 4278 1432 4329 sed

345 4348 508 4398 Iones
546 4348 717 4400 fuisse
740 4348 1018 4412 Epidauro
1041 4348 1228 4413 pulsos
1261 4364 1296 4398 a
1322 4350 1434 4398 Do-

344 4417 498 4467 ribus
532 4418 962 4481 ingredientibus
1000 4414 1194 4468 volunt
1224 4416 1435 4467 Clavie·

1530 1035 1624 1070 rus
1662 1024 1828 1086 atque
1853 1020 2029 1071 Raoul
2058 1019 2324 1071 Rochette
2354 1016 2395 1068 l.
2428 1016 2465 1068 l.
2506 1015 2613 1066 111.

1530 1107 1583 1156 p.
1607 1092 1675 1141 76
1703 1095 2006 1156 testemque
2030 1090 2265 1141 afferunt
2282 1086 2614 1139 Pausaniam

1530 1161 1606 1222 11,
1642 1160 1728 1212 26.
1768 1161 1896 1222 VII,
1936 1162 1985 1210 2.

1601 1221 1716 1278 ἀπὸ
1763 1228 1867 1278 τοῦ
1902 1226 2261 1294 πρυτανηΐου
2304 1224 2409 1277 τοῦ
2449 1217 2616 1288 Ἀθη-

1529 1298 1711 1348 ναίων
1761 1290 2129 1365 ὁρμηθέντες]
2191 1298 2339 1349 Satis
2401 1299 2617 1346 constat

1531 1368 1598 1419 de
1635 1382 1784 1418 more
1817 1372 2062 1418 veterum
2094 1369 2152 1418 in
2187 1367 2416 1418 coloniis
2452 1364 2618 1416 dedu-

1530 1438 1739 1489 cendis.
1822 1438 1964 1488 Nam
2006 1453 2166 1488 sacra
2214 1452 2279 1486 ex
2332 1434 2620 1500 metropoli

1531 1522 1716 1558 secum
1773 1507 2045 1558 ducebant
2090 1507 2269 1558 coloni
2329 1507 2619 1570 ignemque

1530 1592 1774 1627 sacrum-
1800 1592 1866 1627 ex
1927 1578 2141 1642 patriae
2207 1575 2476 1639 penetrali
2531 1574 2621 1624 de-

1530 1651 1836 1712 promptum
1885 1651 1942 1697 et
1988 1660 2296 1697 accensum.
2373 1646 2518 1694 Nam
2561 1644 2619 1691 in

1531 1720 1795 1780 prytaneo
1827 1731 1874 1767 s.
1897 1717 2052 1766 curia
2081 1715 2507 1778 uniuscuiusque
2528 1727 2620 1761 ur-

1531 1786 1617 1835 bis
1657 1786 1800 1850 ignis
1838 1786 2158 1836 servabatur
2190 1789 2481 1849 perpetuus
2518 1796 2620 1831 nec

1531 1869 1771 1920 unquam
1795 1854 2238 1920 exstinguendus,
2267 1853 2471 1903 Vestae
2497 1865 2622 1900 con-

1533 1929 1798 1975 secratus.
1877 1926 1963 1974 Ex
1999 1940 2063 1974 eo
2113 1921 2293 1974 coloni
2327 1935 2620 1971 accensum

1531 1993 1715 2058 ignem
1761 1993 2129 2058 adportabant
2175 1994 2235 2041 in
2271 1991 2457 2041 urbem
2493 2004 2621 2039 con-

1534 2062 1786 2113 dendam.
1837 2060 2026 2126 (Cous.
2066 2061 2248 2113 Schol.
2290 2059 2516 2110 Aristid.
2552 2059 2619 2107 T.

1532 2131 1642 2182 111.
1698 2148 1751 2196 p.
1795 2131 1888 2194 48,
1938 2131 1991 2182 8.
2069 2131 2381 2196 Etymolog.
2436 2143 2619 2194 magn.

1532 2216 1585 2265 p.
1624 2201 1744 2262 694,
1785 2200 1895 2264 28).
1971 2199 2257 2252 Sufficiant
2289 2200 2456 2260 haec,
2510 2198 2623 2262 opi-

1530 2286 1658 2333 nor,
1697 2270 1769 2320 ad
1803 2270 2067 2320 Herodoti
2106 2269 2284 2321 locum
2320 2268 2623 2332 intelligen-

1533 2339 1688 2400 dum,
1727 2341 1820 2405 qui
1856 2339 1939 2389 his
1972 2339 2152 2390 verbis
2185 2339 2438 2404 designat
2461 2337 2622 2387 Athe-

1530 2410 1752 2458 nienses
1795 2424 1984 2473 veros,
2032 2409 2074 2460 i.
2108 2425 2155 2459 e.
2195 2424 2319 2471 eos,
2372 2408 2620 2473 quivere

1533 2478 1604 2527 ad
1635 2478 1966 2529 Athenarum
2022 2479 2305 2528 civitatem
2351 2476 2623 2542 pertinue-

1531 2548 1642 2597 rint
1677 2553 1732 2597 et
1778 2549 2002 2598 civitate
2044 2548 2231 2598 Attica
2273 2547 2359 2597 usi
2397 2545 2619 2606 fuerint,

1532 2616 1630 2681 qui
1658 2632 1755 2682 pro
1791 2632 1941 2667 more
1974 2615 2315 2679 colonorum,
2363 2631 2484 2665 cum
2521 2629 2618 2678 pa-

1533 2687 1695 2736 triam
1733 2690 1932 2736 terram
1967 2684 2336 2750 relinquerent
2373 2699 2497 2734 cum
2533 2684 2620 2732 Io-

1532 2755 1693 2805 nibus
1731 2755 1788 2804 in
1811 2755 1998 2805 Asiam
2021 2754 2404 2810 transvectari,
2438 2754 2620 2818 ignem

1533 2840 1749 2874 sacrum
1779 2840 1844 2875 ex
1878 2829 2144 2889 prytaneo
2177 2822 2527 2874 accenderint
2564 2826 2619 2870 et

1532 2910 1717 2944 secum
1753 2893 1995 2944 tulerint.
2088 2893 2173 2944 cf.
2209 2909 2366 2958 quem
2402 2893 2618 2941 Wesse-

1531 2962 1667 3030 ling.
1715 2965 1824 3013 iam
1869 2963 2117 3014 laudavit
2165 2962 2314 3026 (nam
2359 2960 2516 3028 plura
2561 2961 2618 3009 in
2649 2987 2668 2996 -

1531 3048 1591 3083 re
1635 3035 1770 3084 satis
1817 3034 2039 3099 cognita
2087 3034 2289 3083 addere
2344 3027 2620 3098 putidum)

1531 3103 1702 3154 Henr.
1729 3103 2005 3154 Valesium
2044 3103 2116 3152 ad
2135 3106 2390 3168 Excerpt.
2420 3099 2613 3165 Polyb.

1530 3172 1601 3291 ff.
1637 3172 1762 3224 VII.
1801 3189 1927 3238 pag.
1964 3174 2034 3225 90
2065 3188 2180 3239 seq.
2227 3172 2312 3224 ed.
2335 3170 2620 3247 ‚Schweig-

1570 3256 1721 3292 aeus.

1602 3298 1763 3360 οὗτοι
1799 3305 1863 3359 δὲ
1911 3302 1980 3360 οὗ
2016 3312 2288 3376 γυναῖκας
2317 3298 2616 3373 ,ἠγάγοντο

1531 3368 1587 3436 ἐς
1622 3372 1729 3444 τὴν
1761 3370 2040 3443 ἀποικίην
2085 3394 2137 3429 κ.
2173 3394 2220 3428 τ.
2268 3376 2339 3442 ³..]
2390 3377 2457 3425 Iu
2499 3390 2619 3424 ver-

1530 3447 1619 3498 bis
1678 3434 1838 3498 οὖτοι
1895 3443 1988 3510 δὲ,
2085 3449 2247 3498 nibus
2298 3447 2618 3510 repetuntur

1531 3517 1913 3568 antecedentia
1950 3509 2020 3565 οἷ
2114 3511 2140 3565 ὲ
2183 3508 2402 3575 αὐτῶν,
2457 3525 2615 3562 nemo

1529 3586 1694 3651 paulo
1754 3584 1978 3650 peritior
2033 3585 2234 3636 Graeci
2277 3599 2345 3633 ac
2400 3579 2620 3646 potissi·

1532 3671 1677 3704 mum
1714 3654 2012 3705 Herodotei
2054 3654 2316 3704 sermonis
2349 3649 2614 3700 haerebit.

1534 3723 1694 3776 Conf.
1746 3726 2063 3774 Buttmann.
2121 3723 2176 3772 in
2224 3725 2456 3772 Excurs.
2506 3716 2618 3768 XII

1534 3792 1604 3843 ad
1624 3791 1976 3859 Demosthen.
1996 3791 2223 3841 Midian.
2247 3807 2301 3856 p.
2318 3791 2434 3842 152.
2467 3788 2620 3837 Wer-

1534 3862 1635 3914 fer.
1675 3864 1732 3911 in
1766 3862 1918 3912 Actt.
1954 3859 2160 3926 philoll.
2200 3862 2450 3911 Monacc.
2489 3858 2534 3918 I,
2567 3856 2616 3906 1.

1532 3947 1661 3996 pag.
1700 3933 1785 3982 97.
1861 3930 1929 3980 In
1974 3930 2289 3980 narratione
2334 3929 2456 3993 ipsa
2498 3940 2620 3975 cum

1532 4000 1814 4050 Herodoto
1848 4015 2070 4065 prorsus
2108 3999 2380 4050 consentit
2414 3997 2622 4047 Pausa-

1531 4069 1654 4119 nias
1703 4070 1837 4132 V11,
1897 4072 1948 4120 2.
1988 4073 2038 4132 §-
2082 4069 2134 4121 3.
2211 4068 2372 4119 Iones
2433 4066 2621 4116 narrat

1533 4139 1758 4190 Caricas
1820 4138 2071 4189 mulieres
2087 4177 2100 4201 ,
2158 4153 2384 4203 quarum
2437 4138 2620 4200 patres

1531 4209 1865 4274 maritosque
1901 4209 2312 4268 interemerant,
2370 4205 2474 4255 sibi
2509 4216 2622 4252 ma-

1530 4277 1785 4328 trimonio
1824 4278 2082 4328 iunxisse.
2129 4277 2272 4327 ‘Nam
2289 4276 2489 4325 Carum
2511 4270 2619 4320 fuit

1532 4351 1709 4408 terra,
1755 4348 1812 4396 in
1866 4345 2292 4411 qua-onsidere
2326 4341 2622 4394 constitue·

1533 4420 1659 4466 rant
1696 4417 1887 4478 Iones,
1941 4414 2036 4464 ubi
2078 4418 2191 4464 tres
2231 4417 2422 4477 postea
2457 4407 2622 4458 urbes
