3109 5092
409 286 480 347 61
495 287 534 347 6

413 456 871 547 ἑβδομήκοντα
889 478 903 491 ·

416 675 542 723 cus,
594 659 689 710 ubi
742 659 855 709 vid.
909 657 1159 708 Piersoni
1210 659 1327 706 not.
1376 670 1504 722 pag.

417 730 542 781 246.
614 728 755 779 Add.
804 726 1047 777 Lobeck.
1096 724 1166 775 ad
1211 725 1508 791 Phrynich.

416 816 471 865 p.
508 798 610 850 305
647 802 702 847 et
729 797 872 847 conf.
913 794 1092 846 Ideler
1125 795 1194 844 ad
1224 795 1504 845 Aristotel.

419 866 778 932 Meteorolog.
818 866 865 916 1.
901 882 954 930 p.
993 864 1118 917 639.
1157 864 1235 915 ΙΙ.
1285 880 1341 930 p.
1381 866 1508 915 474.

420 939 523 988 Est
551 951 681 986 vero
716 935 851 986 satis
881 950 1026 985 nunc
1065 935 1363 999 cognitum,
1400 949 1510 984 non

423 1021 542 1057 esse
565 1006 668 1055 hoc
687 1005 820 1055 salis
845 1019 1034 1069 genus,
1056 1003 1150 1053 sed
1176 1003 1339 1065 istud,
1365 1003 1510 1069 quod

423 1084 620 1125 notrum
671 1081 726 1123 et
775 1075 930 1123 alc-ali
959 1075 1198 1123 minerale
1236 1087 1380 1122 nunc
1414 1088 1509 1121 vo-

422 1159 609 1194 camus
627 1141 1273 1207 („mineral·alkalisches
1294 1141 1508 1202 Salz“)‚

424 1213 566 1279 quod
605 1214 773 1261 variis
796 1213 855 1260 in
890 1211 1222 1275 regionibus,
1261 1209 1511 1261 australi·

423 1283 525 1333 bus
571 1281 919 1346 praesertim,
968 1280 1245 1329 invenitur
1309 1288 1364 1329 et
1426 1294 1514 1327 sa-

424 1352 552 1416 poui
600 1348 934 1400 conficiendo
989 1349 1244 1409 inservit,
1298 1363 1514 1413 quoque

426 1421 587 1470 hodie
636 1419 799 1468 etiam
848 1433 943 1482 per
990 1418 1295 1482 Aegyptum
1343 1418 1515 1467 lintea

424 1496 744 1553 purgantur.
778 1486 905 1537 Vid.
932 1485 1374 1551 Theophrast.de
1396 1487 1507 1550 ign.

425 1575 479 1623 p.
527 1556 629 1608 434
668 1556 1008 1621 (Schneider.
1054 1555 1284 1619 Eclogg.
1323 1555 1509 1620 physs.

427 1644 480 1692 p.
523 1627 620 1676 154
659 1631 713 1675 et
759 1630 897 1676 nott.
951 1640 1001 1688 p.
1043 1625 1112 1676 90
1159 1625 1291 1688 ibiq.
1340 1625 1513 1674 Beck-

428 1710 609 1746 mann.
637 1694 707 1744 ad
731 1693 1010 1744 Aristotel.
1025 1693 1143 1742 mir.
1166 1708 1348 1744 auscc.
1364 1694 1508 1744 LIV.

429 1782 480 1830 p.
527 1764 615 1814 111
650 1769 704 1814 et
739 1765 812 1814 ad
837 1764 1096 1827 Antigon.
1132 1763 1348 1827 Caryst.
1383 1778 1509 1828 pag.

427 1832 575 1898 216).
660 1833 788 1883 Cuis
839 1832 1011 1897 ipsius
1056 1847 1179 1882 cum
1225 1831 1376 1881 nulla
1419 1832 1517 1881 fiat

430 1902 575 1967 apud
594 1902 892 1953 Diodorum
917 1902 1140 1963 mentio,
1157 1916 1332 1966 neque
1354 1902 1519 1951 etiam

431 1973 547 2023 eius
601 1976 806 2021 certum
852 1971 1145 2035 vestigium
1206 1971 1261 2018 in
1306 1970 1518 2020 mumiis

433 2040 675 2092 chemica
695 2039 1068 2104 exploratione
1094 2040 1406 2104 perquisitis
1426 2055 1520 2104 ap-

431 2113 650 2175 pareat,
705 2108 1025 2158 dubitarunt
1067 2108 1172 2157 viri
1221 2108 1370 2157 docti
1416 2124 1521 2158 nec

433 2176 726 2245 quidquam
786 2178 919 2226 certi
971 2177 1324 2241 pronuntiare
1370 2177 1522 2228 volu-

433 2251 610 2297 erunt.
682 2243 792 2295 Sed
826 2246 1129 2310 nuperrime
1166 2250 1401 2295 testatus
1437 2251 1522 2295 est

432 2313 886 2367 Blumenbachius
917 2314 1197 2378 (Beitriige
1234 2331 1282 2363 z.
1321 2315 1519 2365 Natur-

436 2383 619 2449 gesch.
657 2383 736 2433 11.
786 2397 913 2447 pag.
962 2383 1049 2434 53.
1087 2380 1153 2431 87
1192 2397 1237 2431 s.
1281 2383 1422 2446 113),
1460 2399 1519 2433 se

436 2453 581 2503 natri
611 2451 756 2501 haud
786 2452 1040 2517 ambigua
1077 2452 1134 2501 in
1161 2451 1520 2502 cadaveribus

436 2521 827 2587 Aegyptiorum
852 2521 1137 2571 medicatis
1173 2521 1409 2587 vestigia
1443 2521 1524 2571 of-

435 2591 705 2652 fendisse,
747 2606 920 2655 neque
948 2606 1163 2640 carnem
1200 2590 1393 2653 solum,
1428 2606 1523 2641 ve-

437 2676 553 2711 rum
590 2660 754 2710 etiam
786 2659 1082 2724 spondylos
1117 2665 1274 2710 natro
1304 2675 1523 2710 arrosos

435 2730 660 2780 vidisse.
733 2729 910 2794 Atque
940 2734 1156 2779 nattum
1189 2730 1256 2779 ob
1295 2729 1528 2780 calidam

437 2803 689 2849 naturam
727 2798 924 2849 efficax
958 2797 1028 2847 ad
1065 2798 1411 2851 siccandum:
1447 2799 1528 2849 ita

437 2872 527 2927 ut,
564 2882 683 2916 cum
720 2867 828 2915 iam
864 2872 1029 2916 antea
1063 2872 1312 2917 aromata
1347 2867 1404 2915 iu
1441 2883 1530 2917 ca·

440 2935 609 2984 daver
636 2935 821 2983 infusa
851 2951 946 2999 per
995 2950 1056 2984 se
1099 2936 1391 2985 absorbere
1440 2951 1528 2985 ex-

441 3004 755 3068 siccareque
781 3018 879 3066 par
916 3002 1015 3065 sit,
1056 3004 1318 3069 quidquid
1338 3004 1527 3055 bumo-

441 3073 516 3120 ris
555 3072 611 3119 in
648 3070 980 3121 cavitatibus
1020 3070 1280 3137 reliquum
1320 3074 1410 3135 sit,
1448 3073 1527 3141 nil

443 3139 722 3204 impediat,
752 3155 857 3204 quo
882 3140 1058 3189 minus
1083 3155 1280 3205 corpus
1302 3142 1381 3191 sic
1401 3157 1528 3191 con-

443 3210 616 3260 ditum
653 3214 708 3258 et
752 3207 869 3258 sale
905 3208 1134 3259 alcalico
1182 3211 1346 3259 etiam
1381 3226 1530 3274 pror-

443 3293 535 3329 sus
556 3278 891 3328 exsiccatum
909 3294 1005 3344 per
1032 3280 1385 3343 septuaginta
1413 3278 1529 3329 dies

444 3348 581 3398 adeo
602 3346 932 3410 indurescat,
958 3351 1019 3398 ut
1035 3364 1069 3398 a
1092 3348 1376 3412 putredine
1395 3348 1531 3398 nihil

446 3418 520 3468 sit
573 3417 938 3468 metuendum.
1020 3417 1177 3479 Quod
1232 3434 1359 3469 vcro
1409 3420 1530 3483 quis

446 3488 700 3552 opinatus
751 3492 864 3550 est,
917 3487 1063 3536 natri
1120 3492 1245 3552 post
1302 3489 1530 3538 immissi

445 3572 564 3607 eam
583 3557 821 3606 futuram
852 3571 973 3606 esse
1007 3557 1144 3617 vim,
1172 3562 1234 3606 ut
1267 3557 1532 3623 quidquid

447 3627 503 3675 in
541 3625 649 3675 illis
685 3625 1018 3675 aromatibus
1061 3624 1408 3676 efficacitatis
1453 3628 1532 3676 in-

447 3699 593 3744 esset
629 3694 700 3744 ad
738 3695 1169 3744 conservandum
1205 3711 1427 3760 corpus,
1475 3695 1531 3745 id

448 3778 604 3813 omne
657 3763 772 3813 sere
814 3779 908 3827 per
953 3762 1089 3813 illud
1135 3768 1329 3829 postea
1378 3780 1533 3814 acce-

448 3832 581 3881 deus
617 3831 674 3879 iu
708 3846 968 3896 saponem
1015 3838 1425 3884 converteretur
1477 3838 1533 3885 et

449 3899 520 3949 ad
562 3898 787 3949 nihilum
831 3900 1192 3965 redigeretur,
1243 3902 1348 3952 hoc
1394 3903 1531 3953 satis

448 3970 559 4017 iam
578 3967 813 4031 explosit
842 3969 1111 4019 Lauthius
1132 3971 1187 4019 in
1207 3971 1532 4023 Auatomiae

446 4037 640 4087 histor.
679 4036 725 4085 I.
770 4052 823 4101 p.
859 4037 928 4087 20
959 4053 1072 4102 seq.
1123 4038 1353 4102 docens,
1400 4056 1533 4090 nun-

451 4119 612 4172 quam
650 4120 907 4170 saponem
942 4106 1069 4156 inde
1103 4107 1277 4171 effici,
1326 4110 1371 4158 si
1410 4111 1532 4174 quis

453 4174 622 4224 salem
638 4172 924 4223 alcalicum
948 4190 1070 4224 cum
1094 4176 1277 4226 resina
1302 4176 1531 4244 (cedria)

452 4241 759 4294 confuderit
795 4248 849 4292 et
884 4244 1305 4295 commiscuerit.
1381 4249 1534 4297 Haec

451 4313 568 4367 fere
592 4326 802 4367 summa
823 4316 908 4366 est
924 4327 1106 4367 eorum
1126 4350 1140 4376 ,
1178 4329 1318 4383 quae
1353 4316 1535 4382 dispu-

1276 280 1816 342 HERODOTI

1013 460 1309 534 πλεῦνας
1364 452 1438 525 δὲ
1489 455 1786 523 τουτ’έων
1848 449 1975 521 οὐκ
2026 456 2238 534 ἔξεστι
2293 449 2697 541 ταριχεύειν.

1609 655 1753 706 tavit
1788 653 2043 705 Creuzer.
2079 652 2118 704 l.
2157 651 2196 705 l.
2234 669 2289 718 p.
2315 654 2541 703 41—45.
2604 654 2700 702 Ac-

1611 726 1713 789 qali
1722 726 1966 785 ⁴min-«trale
1985 728 2040 773 et
2058 723 2351 787 praecipue
2368 731 2563 772 nair-mu
2581 738 2702 771 car·-

1611 794 1831 845 bonicum
1860 793 1950 841 hic
1986 791 2219 856 intelligi
2265 791 2450 842 docuit
2488 807 2702 857 quoqne

1610 863 1797 913 Fritze
1833 861 1869 912 l.
1907 862 1946 911 l.
1983 878 2036 926 p.
2074 862 2163 912 20.
2233 861 2498 926 Mag-nus,
2537 861 2627 927 qui
2660 861 2699 910 l.

1612 933 1650 983 1.
1687 949 1741 997 p.
1781 932 1849 984 32
1874 947 1994 996 seq.
2031 931 2215 980 varias
2242 931 2480 980 virorum
2515 930 2704 980 docto-

1614 1018 1733 1052 rum
1772 1001 2078 1051 senteutias
2134 1001 2437 1061 recensuit,
2492 1005 2701 1049 certum

1612 1072 1695 1121 sal
1722 1071 1811 1120 hic
1833 1069 2068 1134 intelligi
2104 1084 2266 1133 posse
2295 1074 2486 1134 negat:
2528 1069 2705 1134 Aegy-

1612 1142 1757 1206 ptios
1793 1138 2152 1203 probabiliter
2191 1138 2507 1188 adhibuisse
2542 1144 2708 1202 putat

1613 1211 1701 1260 vel
1737 1213 1819 1259 sal
1849 1210 2111 1259 alcalinum
2132 1207 2537 1271 („kaustisches
2562 1208 2707 1257 Lau-

1617 1278 1909 1346 geusalz“)
1935 1279 2006 1328 ad
2037 1278 2250 1328 viscera
2273 1276 2585 1337 evertenda,
2615 1277 2707 1326 vel

1617 1349 1701 1399 sal
1736 1347 1985 1397 neutrale
2019 1347 2257 1397 solutum
2293 1346 2477 1410 („eine
2513 1346 2706 1396 Auno-

1616 1434 1759 1482 sung
1781 1432 1889 1467 von
1918 1413 2404 1471 Neutralsalzen“)
2435 1414 2507 1465 ad
2530 1420 2709 1465 totum

1614 1486 1850 1537 cadaver
1874 1485 2158 1536 eluendum
2183 1485 2272 1535 vel
2299 1485 2368 1535 ad
2389 1485 2710 1535 iniectiones

1615 1558 1673 1606 in
1702 1555 1933 1605 arterias
1970 1555 2270 1606 faciendas.
2344 1556 2428 1604 De
2461 1559 2711 1603 veterum
2792 1595 2798 1599 .

1615 1626 1761 1675 nitro
1797 1625 2040 1690 pluribus
2066 1630 2436 1689 exposuerunt
2456 1623 2703 1673 Harless.

1619 1702 1673 1745 et
1703 1692 2042 1744 Thierfelder
2078 1695 2135 1742 iu
2167 1693 2344 1744 libro:
2392 1694 2561 1743 Ianus
2599 1699 2709 1744 etc.

1618 1765 1664 1814 I.
1702 1779 1758 1828 p.
1794 1765 1896 1814 457
1934 1778 2086 1828 seqq.
2123 1763 2230 1813 111.
2272 1778 2324 1825 p.
2364 1763 2430 1811 29
2469 1777 2624 1827 seqq.

1688 1823 2013 1894 κρύψαντες
2062 1822 2272 1897 ἡμέρας
2297 1822 2709 1897 ἑβδομήκοντα·

1623 1899 1870 1958 πλεῦνας
1895 1895 1959 1950 δὲ
1992 1898 2238 1950 τουτέων
2273 1914 2325 1948 κ.
2354 1915 2402 1950 τ.
2438 1899 2513 1966 ³..]
2542 1897 2711 1949 πλεῖν-

1623 1986 1726 2026 νας
1777 1969 1895 2019 scil.
1943 1959 2172 2034 ἡμέρας.
2256 1970 2462 2030 Fuere,
2515 1966 2712 2033 quibus

1620 2040 1725 2089 hoc
1760 2039 2112 2104 septuaginta
2138 2039 2345 2088 dierum
2371 2039 2605 2103 spatium
2632 2039 2715 2087 iu-

1623 2113 1709 2158 s‘o
1746 2107 1961 2174 longius
1978 2109 2277 2169 videretur,
2314 2108 2396 2157 ita
2413 2112 2476 2158 ut
2500 2123 2610 2158 non
2640 2107 2712 2156 ad

1625 2175 1933 2227 salitiouem
1972 2182 2205 2237 tantum,
2254 2192 2441 2226 verum
2488 2176 2560 2226 ad
2595 2177 2714 2226 uni-

1623 2261 1838 2296 versam
1865 2247 2204 2296 condituram
2239 2245 2324 2295 vel
2351 2261 2506 2296 omne
2530 2246 2714 2296 luctus

1623 2321 1834 2380 tempus
1866 2330 1958 2365 eas
1990 2315 2182 2365 referri
2201 2314 2442 2378 mallent,
2466 2330 2715 2380 praeser-

1621 2385 1719 2434 tim
1751 2401 1872 2434 cum
1893 2384 2166 2434 Diodorus
2204 2385 2413 2449 triginta
2450 2389 2547 2434 aut
2586 2400 2715 2449 qua-

1624 2455 1866 2519 draffl'nea
1902 2457 2074 2517 ponat
2119 2452 2267 2515 dies,
2313 2453 2509 2518 quibus
2546 2454 2716 2504 etiam

1624 2523 1811 2573 Iacobi
1849 2521 2202 2572 Patriarchae
2244 2523 2585 2573 condituram
2620 2523 2717 2572 ab·

1627 2591 1860 2641 solutam
1898 2606 2020 2641 esse
2051 2590 2283 2655 legimus
2317 2592 2375 2641 in
2412 2592 2611 2643 Genes.
2644 2593 2712 2654 L,

1627 2660 1679 2722 3,
1719 2660 1914 2725 quibus
1964 2660 2331 2725 quadraginta
2377 2659 2567 2712 diebus
2618 2662 2717 2710 im-

1628 2730 1791 2794 pletis
1844 2729 2111 2779 fleverunt
2155 2729 2412 2779 Iacobum
2457 2730 2717 2795 Aegyptii

1629 2797 1872 2864 (alteris)
1911 2798 2264 2863 septuaginta
2301 2798 2522 2849 diebus:
2573 2815 2716 2863 quae

1627 2869 1749 2931 ipsa
1783 2882 1907 2917 cum
1940 2868 2268 2918 Herodoteis
2306 2868 2386 2917 ita
2421 2869 2717 2919 convenire
2789 2878 2799 2885 '

1629 2934 1747 2986 vult
1771 2937 2193 3001 Hengstenberg
2221 2935 2347 2999 (Die
2365 2938 2582 2987 Biicher
2601 2937 2719 2986 Mo-

1627 3005 1701 3054 sis
1742 3010 1847 3055 etc.
1873 3021 1931 3071 p.
1966 3006 2034 3056 70
2066 3004 2226 3070 seq.),
2259 3010 2340 3065 ut,
2380 3022 2516 3072 quos
2545 3006 2719 3056 Hero-

1626 3073 1790 3124 dotus
1848 3079 2018 3139 ponat
2068 3075 2422 3140 septuaginta
2468 3076 2613 3137 dies,
2657 3075 2716 3124 hi

1633 3158 1791 3193 omne
1826 3141 2007 3194 luctus
2056 3149 2270 3208 ternpus
2318 3144 2588 3209 complere
2621 3160 2719 3209 pu-

1631 3217 1844 3274 tentur,
1879 3228 2053 3278 neque
2087 3217 2301 3263 tantum
2335 3214 2404 3263 ad
2439 3214 2721 3264 salinatio-

1632 3283 2173 3401 nngpegtineaIntbl
2198 3282 2358 3401 Ocius.
2388 3282 2716 3402 WVegselixlijg.

1634 3366 1667 3400 a
1803 3367 1856 3401 10
1898 3366 1976 3401 or.
2050 3389 2063 3411 ,
2294 3367 2357 3401 oe
2397 3366 2432 3401 a
2519 3367 2548 3401 e
2596 3369 2627 3402 ο
2668 3368 2722 3402 e·

1630 3419 1785 3470 liscc.
1842 3435 1969 3485 pag.
2032 3421 2151 3482 253,
2186 3367 2399 3484 'Heynffi
2456 3417 2717 3485 Spicileg.

1633 3505 1850 3540 mumm.
1891 3505 2019 3555 pag.
2056 3490 2109 3540 8.
2182 3490 2291 3541 Sed
2327 3488 2439 3540 tale
2465 3490 2597 3554 quid
2624 3491 2719 3540 mi-

1633 3559 1775 3608 nime
1807 3558 1955 3608 iusta
1974 3558 2408 3609 Herodoteorum
2433 3559 2719 3609 verborum

1633 3628 2010 3691 interpretatio
2071 3629 2306 3692 patitur,
2367 3644 2435 3679 ex
2487 3643 2593 3692 qua
2636 3642 2720 3678 se-

1633 3696 1889 3761 ptuginta
1936 3697 2050 3747 dies
2103 3697 2174 3748 ad
2218 3697 2361 3747 hanc
2413 3697 2719 3747 salitionem

1635 3767 1794 3815 unice
1843 3767 2172 3830 pertinuisse
2218 3767 2569 3816 statuendum
2615 3772 2720 3816 est.

1634 3836 1750 3885 Nec
1784 3835 2047 3885 excedere
2077 3834 2350 3885 debebant
2390 3835 2493 3885 hoc
2522 3838 2722 3900 spatio,

1635 3904 1796 3969 quia,
1839 3908 1998 3954 natro
2046 3904 2251 3954 diutius
2297 3903 2535 3968 incluso,
2586 3906 2725 3969 peri-

1637 3972 1815 4023 culum
1862 3977 2006 4035 erat,
2053 3989 2122 4023 ne
2170 3971 2453 4023 solidiores
2509 3989 2725 4040 quoque

1636 4041 1877 4107 corporis
1898 4047 2082 4107 partes
2103 4041 2557 4102 dissolverentur;
2581 4043 2727 4094 uude

1637 4111 1799 4161 etiam
1830 4110 1964 4162 lotio
1990 4111 2115 4161 dein
2152 4110 2398 4172 adiecta,
2437 4126 2546 4176 quo
2578 4114 2727 4162 natri

1636 4194 1997 4244 vasorumque
2072 4179 2527 4244 lymphaticorum
2604 4181 2727 4231 reli-

1637 4249 1795 4312 quiae
1851 4250 2295 4314 abstergerentur
2347 4264 2381 4298 a
2431 4249 2725 4302 cadavere.

1633 4346 1706 4357 -
1741 4315 1909 4369 Plura
1949 4317 2203 4371 Creuzer.
2249 4317 2285 4369 l.
2341 4317 2378 4369 l.
2424 4317 2726 4373 admonens
