3109 5092
1305 353 1561 417 CLIO.
1610 357 1661 416 I.
1711 368 1759 421 1.
2636 362 2674 422 5

380 521 729 616 θαλάσσης
771 521 1221 614 ἀπικομένους
1263 529 1369 598 ἐπὶ
1409 527 1612 620 τήνδε
1653 527 1780 621 τὴν
1812 530 2168 604 θάλασσαν
2205 537 2316 604 καὶ
2352 537 2668 629 οἰκήσαν-

386 731 510 780 Hoc
546 728 666 779 loco
713 728 809 795 qui
854 725 1129 779 Araba—mn
1168 728 1483 797 intelligunt

387 799 591 861 sinum,
610 797 948 850 Phoenicum
985 798 1141 849 sedes
1173 799 1479 865 primitivas

387 869 456 920 ad
494 868 639 919 illius
678 869 833 920 sinus
854 866 1047 932 ‘litora‚
1086 867 1155 917 ad
1172 869 1482 921 Aelanitem

386 939 591 1001 sinum,
630 939 901 999 referunt,
939 938 1223 1004 ipsamque
1263 946 1479 1005 gentem

386 1009 677 1060 Arabicam
714 1024 837 1061 esse
881 1009 1315 1072 Homeritarum,
1356 1028 1480 1063 con-

388 1079 635 1131 tendunt.
711 1079 821 1142 Qui
866 1079 1127 1129 Per-siem
1172 1080 1350 1130 sinum
1389 1081 1481 1133 hic

389 1149 691 1215 intelligere
728 1148 949 1211 malint,
998 1148 1268 1201 Strabone
1312 1152 1482 1217 potis-

388 1220 579 1269 simum
611 1223 839 1270 utuntur
875 1220 1108 1283 testea.
1132 1236 1184 1286 p.
1212 1221 1283 1273 42
1312 1237 1359 1272 s.
1391 1222 1480 1285 73,

388 1290 452 1340 A.
491 1290 636 1340 XVI.
678 1304 733 1354 p.
770 1288 875 1340 784
909 1304 955 1339 s.
999 1288 1129 1341 1131
1157 1291 1222 1341 A.
1258 1292 1324 1342 B.
1353 1291 1478 1343 add.

388 1360 585 1411 lustin.
629 1360 840 1421 XVIII,
885 1358 937 1411 3.
989 1359 1230 1425 Hesych.
1276 1362 1377 1411 sub
1422 1378 1478 1413 V.

385 1421 669 1479 Σιδόνιοι.
706 1428 949 1495 Etymol.
974 1445 1156 1495 magn.
1187 1446 1233 1482 s.
1261 1446 1314 1481 v.
1342 1430 1477 1481 Φοί-

386 1512 555 1557 νικες.
584 1499 817 1563 Dionys.
840 1500 1053 1564 Perieg.
1093 1500 1198 1551 905
1231 1516 1346 1566 seq.
1378 1502 1477 1551 ibi·

386 1584 493 1636 que
553 1568 760 1620 Scholl.
821 1568 1082 1633 Stephan.
1139 1571 1276 1634 Byz.
1326 1587 1372 1623 s.
1420 1587 1474 1621 v.

368 1630 616 1698 Ἀζωτος.
658 1637 1129 1704 Pseudoorigenes
1169 1655 1211 1689 s.
1267 1640 1475 1705 Hippo-

379 1709 530 1775 lytus
567 1708 632 1758 de
662 1708 877 1759 haeres.
912 1725 968 1773 p.
1004 1706 1138 1771 85),
1177 1709 1269 1774 qui
1305 1710 1478 1761 Phoe·

380 1780 535 1830 nices
569 1793 599 1829 e
630 1778 754 1829 sinu
785 1779 1008 1829 Persico
1040 1778 1109 1828 ad
1135 1794 1285 1830 mare
1313 1778 1475 1830 medi·

380 1856 693 1900 terraneam
719 1849 1103 1914 commigrasse
1128 1850 1336 1900 scribit.
1365 1850 1476 1900 Un-

381 1919 451 1970 de
491 1918 734 1984 vulgaris
771 1923 893 1969 orta
920 1919 1194 1970 sententia
1214 1919 1280 1970 de
1304 1920 1476 1971 Phoe-

378 1990 562 2040 nicum
593 1988 813 2039 sedibus
832 1988 1165 2053 principibus
1202 1989 1271 2040 ad
1299 1990 1476 2041 sinum

377 2059 688 2119 Persicum,
732 2057 875 2109 unde
922 2058 1011 2109 vel
1060 2063 1213 2110 recta
1268 2060 1362 2110 via
1407 2059 1478 2109 ad

380 2144 531 2179 mare
565 2128 1021 2180 mediterraneum
1055 2129 1360 2194 migrarint,
1390 2128 1477 2179 vel

382 2199 536 2264 prius
573 2197 642 2248 ad
679 2199 859 2248 sinum
898 2198 1193 2250 Arabicum
1241 2199 1473 2265 profecti

384 2268 515 2318 inde
561 2268 774 2319 demum
826 2268 897 2319 ad
937 2268 1081 2319 illius
1137 2271 1304 2319 maris
1352 2285 1476 2319 oras

380 2339 748 2405 pervenerint.
826 2340 979 2402 Quae
1035 2355 1180 2390 nunc
1230 2338 1476 2404 pluribus

382 2424 657 2472 exponere
692 2424 802 2459 non
839 2413 1019 2459 vacat.
1095 2408 1262 2459 Plura
1302 2409 1472 2460 Beck.

378 2477 718 2543 Weltgesch.
756 2479 801 2529 1.
842 2495 897 2544 p.
937 2477 1040 2529 258
1076 2494 1159 2544 sq.
1185 2483 1240 2530 et
1275 2479 1475 2531 Ritter.

380 2547 681 2600 Erdkunde
729 2549 807 2600 ΙΙ.
843 2565 898 2615 p.
946 2548 1067 2600 163.
1112 2548 1196 2599 Ad
1232 2549 1477 2600 Herodo-

378 2623 500 2669 tum
534 2623 886 2679 revertamur,
925 2618 1034 2683 qui,
1073 2618 1122 2667 si
1154 2620 1311 2669 sinum
1346 2618 1479 2668 Per-

379 2692 537 2740 sicum
585 2688 733 2738 rubri
774 2688 939 2738 maris
982 2687 1351 2753 appellatione
1389 2688 1479 2752 (ut

380 2758 426 2819 1,
472 2758 592 2809 180.
628 2757 732 2819 111,
770 2757 857 2810 93.
905 2757 1032 2817 VII,
1068 2758 1155 2808 80.
1187 2754 1285 2820 89)
1324 2756 1480 2807 intel-

377 2827 536 2888 lexit,
574 2827 789 2893 egregie
824 2826 1061 2877 firmabit
1087 2827 1239 2877 illam
1265 2831 1480 2878 senten·

379 2897 543 2958 tiam,
594 2913 703 2962 qna
754 2897 1055 2948 Phoenices
1112 2897 1362 2962 primitus
1410 2896 1479 2946 ad

381 2968 552 3017 istum
587 2967 762 3017 sinum
806 2967 1205 3028 habitaverint,
1258 2982 1291 3016 a
1327 2966 1477 3017 Stra-

378 3036 555 3097 bone,
604 3036 727 3086 aliis
762 3036 1061 3102 prolatam,
1110 3037 1339 3102 ipsoque
1369 3036 1477 3086 He-

378 3105 577 3157 rodoto
634 3106 931 3157 indicatam
975 3106 1113 3169 VII,
1163 3106 1249 3156 80.
1337 3106 1477 3155 Nam

378 3176 449 3226 de
500 3175 724 3227 Arabico
773 3180 887 3226 sinu
932 3175 1078 3226 haud
1123 3173 1477 3241 cogitandum

379 3261 507 3296 esse
550 3250 733 3296 monet
772 3245 1101 3296 Dahlmann.
1140 3262 1195 3308 p.
1236 3245 1325 3295 82.
1360 3239 1474 3306 83„

378 3317 477 3381 qui
513 3316 657 3380 quod
691 3315 879 3365 latiori
927 3329 1090 3365 sensu
1135 3315 1225 3365 hic
1272 3313 1477 3363 rubrum

378 3401 525 3435 mare
578 3383 811 3447 intelligi
857 3383 1004 3446 vult,
1054 3383 1199 3435 haud
1250 3398 1471 3448 prorsus

380 3459 568 3505 tamen
634 3456 939 3504 sententiae
991 3453 1157 3519 vulgo
1218 3458 1473 3518 receptae

380 3524 725 3575 adversatur.
801 3522 909 3574 Sed
952 3523 1093 3574 hanc
1137 3524 1314 3589 ipsam
1352 3538 1474 3573 sen·

378 3593 611 3645 tentiam
645 3594 709 3645 de
734 3592 1098 3644 Phoenicibus
1136 3609 1170 3643 a
1208 3593 1332 3644 sinu
1345 3593 1476 3644 Per-

380 3665 500 3713 sico
556 3663 626 3714 ad
671 3662 1051 3714 mediterranei
1102 3664 1270 3714 maris
1326 3677 1474 3713 oram

380 3732 579 3784 delatis
613 3749 835 3796 prorsus
872 3732 1068 3783 falsam
1115 3748 1262 3795 esse,
1305 3733 1478 3783 Hero·

381 3802 516 3853 doto
572 3802 644 3852 ad
697 3802 1025 3854 credendum
1074 3818 1245 3869 prono
1295 3802 1481 3853 obtru-

382 3888 501 3922 sam
548 3887 649 3923 nec
713 3872 825 3923 ullo
896 3872 1056 3922 modo
1120 3871 1476 3937 probandam,

382 3946 573 3993 nostra
606 3946 793 3993 aetate
821 3942 1005 4007 plures
1034 3942 1137 3992 viri
1173 3941 1321 3992 docti
1354 3956 1480 3992 con-

383 4011 703 4075 tenderunt,
750 4012 1042 4077 praecipue
1083 4012 1300 4062 Movere
1346 4011 1481 4071 (An-

382 4080 517 4130 nall.
554 4081 753 4145 philos.
793 4085 849 4131 et
884 4079 1052 4130 theol.
1092 4081 1290 4131 cathol.
1319 4081 1477 4131 1844.

379 4151 457 4201 11.
499 4167 551 4214 p.
593 4152 678 4202 12.
720 4150 1299 4214 Hall.Encyclopaed.
1330 4150 1477 4200 Sect.

380 4219 489 4270 111.
527 4219 651 4271 Vol.
703 4221 791 4272 24.
834 4236 889 4285 p.
930 4219 1048 4270 327.
1094 4221 1201 4270 Die
1245 4220 1475 4270 Phiiniz.

376 4289 453 4347 11.
495 4290 546 4339 1.
582 4306 636 4354 p.
683 4290 751 4340 28
785 4305 903 4353 seq.
933 4288 1000 4339 38
1034 4287 1238 4354 seqq.),
1271 4290 1363 4338 Fr.
1403 4289 1475 4338 H.

374 4356 577 4409 Manet
610 4359 764 4409 Diss.
807 4357 875 4408 de
909 4359 1072 4408 rebus
1105 4358 1319 4411 Semitt.
1349 4358 1479 4419 (Βο-

372 4427 479 4478 rol.
520 4426 687 4492 1831)
722 4442 780 4493 Ρ.
827 4427 917 4481 20.
955 4427 1167 4479 Zander
1204 4428 1286 4479 in:
1326 4425 1476 4477 Hall.

1583 732 1884 801 Encyclop.
1950 735 2097 787 Sect.
2170 739 2215 788 1.
2281 737 2404 789 Vol.
2465 737 2552 790 37.
2617 756 2672 806 p.

1584 802 1689 854 426
1725 819 1839 869 seq.
1897 805 2022 856 Hen
2063 807 2282 858 stenber
2331 825 2344 858 ε
2392 809 2478 858 De
2512 809 2674 861 rebus

1585 872 1872 938 Tyriorum
1917 890 1970 939 p.
2018 822 2106 927 53.
2167 878 2295 927 Star
2347 895 2360 927 ε
2420 878 2573 929 Gaza
2617 895 2672 945 p.

1586 941 1653 993 :37
1695 958 1812 1009 seq.
1859 943 1933 993 At
1967 945 2106 997 bene
2141 945 2410 998 Herodoti
2442 951 2676 1012 patroci-

1583 1013 1735 1063 nium
1761 1015 2004 1080 suscepit
2025 1015 2300 1067 Bertheau
2323 1017 2458 1079 (Zur
2478 1017 2674 1069 Gesch.

1586 1081 1637 1131 d.
1687 1082 1924 1135 Israelit.
1964 1101 2018 1149 p.
2073 1085 2172 1137 164
2218 1084 2394 1151 seq.),
2454 1086 2674 1139 rubrum

1582 1168 1732 1203 mare
1757 1153 1811 1204 h.
1847 1153 1885 1205 1.
1923 1169 2033 1206 non
2059 1155 2208 1206 aliud
2243 1156 2353 1206 nisi
2394 1156 2676 1209 Persicum

1583 1222 1820 1290 intelligi
1854 1239 2015 1289 posse
2037 1224 2265 1287 docens;
2301 1240 2444 1291 quae
2476 1226 2545 1277 de
2568 1228 2676 1293 pri-

1583 1292 1790 1343 mitivis
1842 1294 2176 1346 Phoenicum
2230 1295 2452 1346 sedibus
2514 1297 2569 1348 h.
2633 1296 2671 1347 1.

1581 1361 1895 1425 tradantur,
1934 1380 1999 1415 ea
2033 1366 2123 1415 vel
2146 1365 2507 1431 posteriorum
2542 1367 2673 1416 scri-

1581 1435 1794 1498 ptorum
1828 1434 2156 1485 testimoniis
2205 1434 2512 1486 confirmari
2568 1451 2671 1487 nec

1580 1503 1796 1553 omnino
1865 1503 2157 1570 quidquam
2234 1504 2460 1568 habere,
2526 1506 2672 1570 quod

1580 1572 1686 1622 fide
1743 1574 1918 1623 minus
1975 1573 2198 1640 dignum
2259 1573 2433 1624 videri
2487 1580 2671 1640 queat,

1580 1658 1680 1692 nec
1717 1642 1948 1708 denique
1992 1644 2059 1693 iis
2091 1643 2388 1709 refragari,
2434 1659 2574 1709 quae
2616 1645 2674 1695 in

1581 1727 1738 1761 sacra
1797 1714 2069 1778 scriptura
2137 1718 2451 1764 narrentur.
2531 1713 2672 1765 Add.

1581 1784 1754 1832 Kurz:
1806 1782 2003 1833 Gesch.
2042 1783 2093 1832 d.
2150 1783 2248 1834 alt.
2300 1781 2480 1833 Bund.
2522 1781 2570 1834 1.
2616 1798 2671 1849 Ρ.

1582 1853 1702 1903 124.
1766 1852 1847 1902 Αο
1899 1852 2080 1917 placet
2123 1851 2344 1902 Roethii
2403 1852 2677 1904 sententia

1583 1920 1806 1989 (Gesch.
1841 1920 1895 1971 d.
1929 1920 2254 1971 abendland.
2282 1919 2599 1986 Philosoph.
2623 1922 2672 1974 1.

1580 2007 1634 2056 p.
1669 1992 1737 2040 87
1775 1993 1828 2039 et
1847 1995 1989 2041 nott.
2011 2007 2065 2056 p.
2086 1990 2164 2053 4.)
2192 1989 2458 2052 docentis,
2492 1990 2671 2055 priseo

1581 2058 1871 2111 admodum
1910 2076 2046 2111 aevo
2068 2065 2257 2126 gentes
2289 2059 2574 2111 Semiticas
2605 2059 2676 2113 ad

1580 2130 1757 2181 sinum
1793 2129 2073 2181 Persicum
2112 2129 2188 2193 (s.
2237 2145 2386 2181 mare
2425 2130 2673 2197 rubrum)

1579 2200 1892 2250 habitantes
1941 2201 2011 2251 ab
2055 2200 2273 2251 Arianis
2329 2215 2358 2250 e
2407 2201 2674 2267 superiori

1581 2270 1715 2320 Asia
1772 2268 2226 2321 descendentibus
2294 2268 2416 2320 loco
2482 2269 2674 2322 cedere

1582 2342 1802 2391 coactas
1858 2340 1964 2390 sibi
2021 2344 2174 2390 trans
2227 2338 2562 2403 Euphratem
2608 2355 2674 2391 ac

1581 2409 1790 2475 Tigrim
1826 2424 1998 2460 novas
2029 2409 2186 2460 sedes
2211 2409 2554 2475 quaesivisse
2587 2425 2674 2462 oc-

1582 2495 1768 2530 casum
1804 2495 1996 2530 versus
2027 2495 2200 2545 usque
2246 2478 2316 2529 ad
2360 2479 2675 2530 mediterra-

1579 2565 1741 2599 neum
1783 2565 1956 2609 mare,
2005 2549 2157 2599 cuius
2210 2564 2361 2600 oram
2421 2548 2548 2599 inde
2604 2549 2673 2600 ab

1580 2618 1715 2669 Asia
1772 2618 1965 2667 minori
2021 2633 2193 2681 nsque
2246 2617 2316 2667 ad
2367 2617 2676 2682 Aegyptum

1583 2688 1700 2737 fere
1737 2686 2029 2735 tenuerint.
2075 2687 2177 2736 His
2214 2686 2383 2750 igitur
2421 2686 2674 2747 gentibus

1582 2757 1630 2806 si
1664 2755 1963 2807 Phoenices
1989 2761 2375 2818 accensentur,
2396 2754 2675 2807 Herodoto

1582 2842 1684 2877 sua
1722 2826 1998 2876 constabit
2036 2824 2366 2888 auctoritas,
2408 2825 2526 2875 sine
2563 2824 2678 2876 ido-

1581 2913 1687 2947 nea
1743 2911 1912 2946 causa
1961 2911 2239 2961 nunquam
2307 2893 2674 2947 sollicitanda.

1581 2966 1666 3016 Tu
1689 2965 1800 3018 vid.
1841 2982 2072 3031 qnoque,
2112 2981 2250 3031 quae
2272 2965 2574 3030 Guigniaut
2610 2964 2676 3016 de

1578 3036 1663 3087 his
1694 3037 1907 3099 statuit,
1945 3036 2228 3101 Religions
2256 3035 2322 3085 de
2347 3033 2677 3098 l’Antiquitd

1580 3106 1655 3165 11,
1694 3106 1746 3157 3.
1787 3123 1839 3170 p.
1893 3106 1995 3156 822
2034 3120 2148 3170 seq.
2218 3106 2499 3155 Crenzerus
2541 3103 2678 3156 haec

1582 3175 1898 3239 adscripsit:
1973 3174 2171 3235 „Confi
2239 3173 2494 3225 Itinerar.
2552 3172 2675 3225 Ale-

1579 3243 1771 3295 xandr.
1822 3244 1907 3295 ed.
1955 3244 2088 3294 Mai.
2140 3242 2462 3306 (Mediolan.
2517 3241 2676 3304 1817)

1581 3318 1632 3377 §-
1677 3313 1799 3365 11οε
1842 3312 2050 3377 „‚‚1psa
2079 3309 2288 3376 (India)
2311 3327 2442 3362 vero
2479 3312 2678 3361 extrin-

1581 3398 1738 3433 secus
1785 3384 1986 3447 ubique
2037 3382 2258 3432 Oceano
2304 3381 2560 3439 munitur,
2598 3381 2677 3429 in·

1577 3453 1770 3503 terfluo
1795 3453 1933 3503 mari
1943 3452 2173 3514 Hippalo
2193 3450 2353 3511 (Cod.
2367 3444 2678 3511 Hippallo),

1581 3523 1736 3573 cuius
1774 3522 1923 3571 sinus
1944 3522 2144 3571 Persas
2184 3516 2513 3567 includit.““
2583 3516 2678 3566 Ni·

1579 3592 1772 3642 mirum
1807 3605 1947 3640 mare
1976 3587 2315 3653 Erythraeum
2349 3584 2678 3650 appellatum

1583 3662 1748 3711 etiam
1786 3664 1870 3709 est
1903 3672 2044 3707 mare
2076 3656 2366 3720 Hippalum.
2411 3655 2536 3706 vid.
2577 3655 2677 3707 Le-

1582 3735 1778 3780 tronne
1812 3729 1868 3778 in
1898 3725 2131 3779 Journal
2165 3726 2219 3778 d.
2269 3726 2481 3777 Savans
2520 3723 2676 3775 1818.

1583 3798 1776 3853 Juillet
1811 3815 1864 3862 p.
1903 3797 2008 3849 405
2033 3811 2150 3862 seq.
2188 3796 2322 3861 ibiq.
2349 3795 2497 3847 laud.
2528 3793 2673 3847 Plin.

1582 3871 1654 3920 H.
1707 3869 1769 3919 N.
1825 3868 1920 3927 VI,
1971 3865 2058 3918 23.
2100 3882 2156 3932 Ρ.
2195 3866 2297 3919 327
2355 3865 2487 3930 ibiq.
2536 3865 2678 3915 Har-

1585 3940 1736 3991 duin.
1793 3937 2064 3988 Videlicet
2118 3939 2178 3986 in
2232 3935 2325 3985 illo
2381 3932 2677 3984 Alexandri

1582 4010 1864 4061 itinerario
1913 4007 2047 4058 illud
2087 4021 2284 4056 nomen
2328 4004 2558 4067 primum
2593 4001 2670 4052 di-

1585 4084 1729 4131 serte
1765 4079 1998 4129 inditum
2033 4076 2171 4126 mari
2206 4071 2573 4138 Erythra00.“

1651 4140 2040 4209 ἀπικομένους
2073 4135 2165 4193 ἐπὶ
2211 4134 2382 4205 τήνδε
2422 4132 2529 4204 τὴν
2566 4131 2676 4187 θοὶ-

1580 4216 1816 4282 tacerem]
1853 4216 2024 4267 Haece
2056 4229 2195 4264 mare
2233 4212 2434 4262 Nostro
2479 4208 2679 4259 dicitur

1582 4303 1731 4338 mare
1774 4287 2208 4336 mediterraneum.
2291 4282 2677 4345 Exposuerunt

1582 4356 2079 4419 Schweighaeuser.
2095 4352 2164 4402 ad
2177 4351 2411 4416 Appian.
2424 4350 2654 4399 Prooem
2663 4381 2677 4396 .

1579 4427 1623 4476 1.
1641 4425 1765 4476 Vol.
1791 4425 1897 4476 111.
1921 4440 1976 4489 p.
2015 4422 2130 4483 110,
2164 4424 2218 4470 et
2254 4418 2366 4481 alii,
2405 4431 2540 4482 quos
2565 4414 2679 4464 lau-
