3109 5092
513 378 637 440 644

1382 371 1915 433 HERODOTI

515 546 559 639 ἡ
589 550 870 636 Μέμφις
898 549 973 615 ἐν
1000 552 1093 638 τῷ
1121 551 1365 637 στεινῷ
1391 549 1507 632 τῆς
1536 543 1889 630 Αἰγύπτου
1912 565 1926 579 ·
2013 547 2271 626 ἔξωθεν
2316 540 2390 609 δὲ
2432 534 2642 626 αὐτῆς
2668 562 2795 604 πε-

517 651 820 742 ριορύξαι
845 657 1090 738 λίμνην
1118 651 1191 717 ἐκ
1218 653 1341 717 τοῦ
1367 652 1671 735 ποταμοῦ
1700 645 1866 735 πρὸς
1891 650 2141 734 βορέην
2160 672 2233 713 τε
2260 644 2373 712 καὶ
2401 639 2567 729 πρὸς
2594 640 2795 708 ἑσπέ-

518 775 674 844 ρην·
755 751 831 821 τὸ
875 748 1004 841 γὰρ
1035 750 1200 842 πρὸς
1225 749 1349 839 τὴν
1377 747 1476 838 ἠῶ
1518 747 1721 829 αὐτὸς
1748 745 1784 817 ὁ
1827 758 2074 829 Νεῖλος
2103 745 2403 837 ἀπέργει.
2473 749 2673 812 τοῦτο
2718 740 2801 809 δὲ

515 863 638 926 τοῦ
662 853 1033 944 Ἡφαίστου
1074 854 1148 923 τὸ
1194 852 1343 942 ἱρὸν
1382 852 1795 942 ἱδρύσασθαι
1835 855 1910 922 ἐν
1950 849 2159 941 αὐτῇ,
2199 848 2313 920 ἐὸν
2352 850 2523 937 μέγα
2559 873 2633 914 τε
2680 846 2799 911 καὶ

522 1174 640 1223 cap.
687 1158 776 1208 20.
825 1172 881 1221 p.
933 1156 1037 1209 359
1073 1156 1171 1207 alii
1215 1156 1450 1207 bonorum
1480 1169 1605 1218 por·

519 1237 643 1288 non,
680 1226 775 1276 alii
810 1229 1090 1288 sepulcrum
1126 1226 1343 1277 Osiridis
1371 1225 1607 1289 explica-

519 1297 685 1353 bant3
732 1299 923 1344 nostra
954 1300 1140 1345 aetate
1180 1296 1607 1358 interpretantur

519 1365 755 1414 bonorum
793 1365 946 1412 locum
992 1363 1080 1413 vel
1117 1365 1216 1413 Det·
1248 1361 1470 1427 (Pthah)
1515 1364 1607 1412 do-

519 1450 642 1482 mum
675 1449 719 1483 e.
756 1432 1031 1482 stationem.
1107 1432 1252 1482 Conf
1287 1432 1527 1482 Bunsen.
1567 1429 1604 1479 1.

521 1499 558 1552 l.
600 1502 676 1551 11.
716 1517 771 1565 p.
809 1503 895 1562 44,
932 1501 1261 1551 Wilkinson.
1308 1499 1346 1551 l.
1400 1501 1438 1551 l.
1476 1516 1604 1564 pag.

525 1571 644 1633 175,
694 1569 955 1632 Lepsius:
1005 1569 1332 1633 Chronolog.
1371 1571 1424 1620 d.
1465 1570 1602 1633 Aeg.

522 1640 569 1690 Ι.
606 1654 656 1703 p.
688 1639 787 1688 174
817 1643 953 1703 not.,
975 1640 1213 1705 Pax-they
1235 1640 1305 1689 ad
1329 1638 1607 1690 Plutarch.

593 1768 656 1826 ἐν
676 1723 776 1842 Ρτῷ
816 1773 1016 1843 στεινῷ
1052 1774 1154 1840 τῆς
1193 1766 1505 1840 Αἰγύπτου]
1543 1766 1610 1824 τὸ

523 1837 747 1896 στεινὸν
792 1852 1083 1911 angustam
1121 1845 1358 1910 Aegypti
1397 1850 1607 1909 partem

522 1916 655 1966 dicit
691 1930 838 1977 eam,
877 1930 1066 1981 quaea
1088 1916 1214 1980 pagi
1244 1914 1407 1965 Delta
1450 1914 1609 1978 apice

523 1984 802 2034 meridiem
837 1999 1028 2035 versun
1070 1983 1380 2033 escendenti
1415 1983 1611 2032 monti·

521 2055 624 2105 bue
683 2053 936 2116 utrinque
999 2052 1210 2103 inclusa
1262 2051 1373 2104 Nili
1437 2051 1610 2101 efficit

522 2122 740 2172 vallem.

601 2183 665 2238 τὸ
718 2182 823 2253 γὰρ
871 2180 1019 2250 πρὸς
1066 2180 1172 2252 τὴν
1219 2180 1304 2252 ἠῶ
1348 2179 1524 2245 αὐτὸς
1577 2179 1608 2237 ὁ

524 2257 734 2314 Νεῖλος
766 2249 1020 2321 ἀπέργει]
1059 2257 1226 2317 „Nam
1243 2273 1417 2307 versus
1440 2260 1609 2308 orien-

522 2335 615 2377 tem
629 2329 739 2390 ipse
769 2327 915 2376 Nilus
939 2340 1047 2374 eam
1070 2326 1462 2391 praestrinqief‘
1518 2326 1608 2377 Ita

523 2394 849 2460 Schweigh„
884 2394 978 2459 qui
1012 2394 1216 2445 inLex.
1242 2394 1447 2446 Herod.
1474 2411 1520 2446 ε.
1550 2412 1607 2446 v·

521 2455 792 2528 ἀπέργειν
827 2466 1039 2526 monet,
1075 2465 1327 2529 usurpari
1348 2463 1450 2514 hoc
1486 2480 1606 2514 vera

480 2538 491 2549 ⁰
523 2534 650 2584 bum
698 2548 732 2583 a
773 2530 1004 2593 Nostro,
1056 2533 1274 2597 quando
1319 2537 1417 2583 aut
1459 2549 1608 2585 mare

524 2607 621 2654 aut
655 2602 852 2653 fluvius
890 2601 1165 2667 regionem
1188 2603 1401 2653 dicatur
1428 2603 1609 2654 exclu-

526 2673 650 2724 dere
686 2686 733 2723 fl.
784 2671 1096 2737 seiungere,
1146 2686 1216 2722 ne
1263 2672 1478 2739 longius
1515 2672 1611 2722 illa

523 2741 794 2808 porrigat,
829 2742 867 2791 i.
898 2757 945 2790 e.
974 2743 1153 2805 finire,
1193 2745 1464 2792 terminare
1474 2761 1495 2800 ,·
1548 2746 1610 2792 tu

525 2811 673 2862 conf.
709 2811 756 2873 Ι,
795 2811 1023 2861 72.174.
1044 2811 1166 2861 204.
1200 2811 1295 2873 lv,
1325 2814 1409 2861 55.
1463 2811 1610 2860 Hinc

526 2896 560 2930 a
584 2894 744 2930 sensu
768 2877 872 2928 loci
895 2893 1004 2928 non
1027 2880 1303 2930 aberravit
1325 2881 1502 2941 Miot„
1532 2881 1613 2929 sic

524 2946 734 2999 Gallice
758 2953 1000 2997 vertens:
1027 2947 1138 3009 „du
1159 2946 1283 2999 cote
1305 2949 1373 2999 de
1391 2948 1613 2998 l’orient

414 3045 418 3049 -
521 3015 574 3066 le
609 3014 700 3065 Nil
735 3014 907 3064 meme
941 3017 1013 3063 eui
1042 3025 1152 3065 sere
1187 3018 1252 3066 de
1285 3018 1553 3081 defense.“

592 3079 696 3131 τοῦ
733 3074 1051 3145 Ἡφαίστου
1099 3080 1162 3132 τὸ
1201 3076 1331 3148 ἷρὸν
1374 3077 1611 3148 {30:5⁶oe-

524 3149 662 3201 σθαι
713 3143 774 3199 ἐν
821 3143 1005 3215 αὐτῇ,
1064 3142 1160 3200 ἑὸν
1214 3144 1359 3217 μέγα
1407 3168 1464 3202 τε
1512 3150 1609 3203 καὶ

519 3212 1078 3285 ἀξιαπηγητότατον]
1129 3222 1211 3270 De
1254 3237 1360 3286 quo
1405 3223 1609 3287 templo

522 3289 681 3354 plura
719 3293 1012 3339 narrantur
1060 3288 1135 3351 11,
1188 3290 1279 3340 101
1328 3292 1448 3357 (ubi
1496 3293 1606 3343 vid.

523 3358 710 3423 nott.).
751 3359 870 3409 108.
901 3358 1020 3409 110.
1048 3360 1167 3408 121.
1208 3359 1326 3410 136.
1399 3361 1541 3412 Nam
1577 3378 1611 3411 a

523 3429 682 3479 Mene
717 3428 1031 3478 inchoatum
1066 3430 1440 3481 tautummodo
1477 3434 1613 3481 tem-

521 3497 667 3563 plum
702 3497 908 3561 posteri
954 3512 1109 3563 reges
1159 3502 1407 3549 certatim
1458 3516 1612 3551 exor-

429 3624 436 3630 ,
521 3570 740 3618 nerunt.
811 3566 1037 3616 Addidit
1079 3567 1355 3619 vestibula
1389 3575 1609 3635 septen-

523 3637 750 3687 trionem
787 3651 978 3686 versue
1006 3638 1235 3699 Moeris,
1274 3638 1611 3689 occidentem

522 3720 717 3756 versus
732 3705 1142 3770 Rhampeinitus
1158 3744 1171 3769 ,
1210 3707 1474 3758 orientem
1492 3724 1614 3758 ver-

524 3789 617 3823 sus
667 3788 839 3839 eaque
886 3774 1426 3841 magnificentissima
1473 3778 1613 3842 Asy-

473 3884 476 3889 .
524 3842 657 3903 chia,
679 3843 955 3893 meridiem
968 3860 1157 3895 versus
1168 3846 1610 3897 PsammitichuS.

520 3911 730 3961 Horum
778 3926 905 3961 vero
961 3927 1147 3979 regum
1203 3916 1425 3965 nomina
1488 3929 1612 3965 cnm

522 3980 580 4028 in
634 3978 768 4042 ipsis
821 3980 908 4030 hie
967 3982 1282 4047 vestibuIiS,
1346 3989 1609 4050 quantum

523 4047 741 4112 quidem
774 4062 959 4098 eorum
993 4049 1169 4101 adhuc
1198 4057 1471 4117 superest,
1512 4055 1609 4103 mi-

521 4117 667 4166 nime
685 4115 1048 4179 inveniantur,
1063 4118 1398 4172 Sesosm'dem
1409 4124 1605 4187 ipsum,

523 4185 618 4251 qui
644 4188 869 4234 auctore
890 4185 1171 4237 Herodoto
1202 4189 1278 4252 11,
1312 4190 1412 4241 110
1435 4190 1609 4241 colos-

522 4269 613 4305 sos
646 4258 861 4302 tantum
907 4254 1144 4318 addidit,
1194 4258 1249 4307 in
1294 4258 1379 4308 his
1415 4274 1611 4324 propy-

518 4323 759 4374 laeorum
812 4326 1239 4375 exstructoribus
1285 4325 1463 4377 locum
1511 4327 1607 4377 ha-

520 4392 678 4455 bere,
731 4405 798 4442 ex
847 4392 1203 4459 inscriptione
1257 4395 1335 4445 ibi
1379 4396 1608 4447 inventa

387 974 505 1036 100
521 957 1152 1063 ἀξιαπηγητότατον.
1243 954 1438 1025 Μετὰ
1466 956 1541 1025 δὲ
1573 962 1814 1025 τοῦτον
1856 958 2215 1041 κατέλεγον
2258 957 2329 1022 οἱ
2364 952 2536 1038 ἱρέες
2572 952 2645 1017 ἐκ
2681 954 2795 1034 βί-

1707 1155 1900 1221 probat
1938 1151 2186 1219 Brugnch
2220 1147 2655 1217 (Reiseberichte
2691 1162 2797 1196 aus

1707 1227 1940 1290 Aegypt.
1977 1239 2031 1288 p.
2072 1225 2139 1271 74
2180 1220 2319 1287 seq.)
2354 1222 2642 1283 Rampsem
2688 1222 2803 1266 ter·

1709 1295 1845 1344 tium
1880 1298 1935 1343 et
1985 1292 2232 1358 quintum
2282 1289 2577 1339 vicesimae
2623 1287 2797 1351 dyna-

1707 1364 1850 1413 stiae
1879 1361 2172 1423 adficiens,
2209 1360 2277 1410 de
2311 1359 2507 1425 quibus
2541 1357 2613 1407 cf.
2646 1360 2793 1406 nott.

1708 1433 1781 1483 ad
1816 1431 1891 1491 11,
1950 1431 2040 1481 121
2091 1435 2195 1481 etc.
2271 1430 2354 1479 De
2408 1425 2621 1478 colosso
2668 1430 2803 1474 ante

1708 1502 1812 1551 hoc
1826 1499 2086 1566 templum
2110 1503 2311 1562 erecto,
2324 1495 2594 1548 Amasidis
2612 1509 2800 1559 opere,

1710 1572 1910 1622 Noster
1969 1568 2156 1618 retulit
2199 1568 2277 1630 11,
2340 1567 2455 1628 176,
2511 1565 2599 1615 cui
2651 1564 2803 1614 adde

1711 1655 1852 1706 quae
1909 1638 2057 1703 apud
2113 1638 2369 1689 Strabon.
2429 1634 2611 1685 XVII.
2664 1648 2802 1699 pag.
2860 1640 2866 1645 ’

1716 1711 1844 1760 1161
1884 1707 2078 1759 Almel.
2117 1722 2243 1772 pag.
2287 1706 2390 1758 807
2440 1703 2678 1754 Casaub.
2732 1702 2805 1751 de

1712 1779 1813 1828 hoc
1876 1776 2079 1842 templo
2144 1776 2400 1841 leguntur
2467 1772 2805 1838 amplissimo

1711 1851 1860 1897 certe
1894 1852 1949 1896 et
1976 1845 2433 1911 splendidissimo·
2496 1842 2665 1892 Cuius
2706 1841 2806 1890 ad-

1708 1916 1815 1967 huc
1851 1915 2049 1966 rudera
2085 1914 2435 1964 inveniuntur
2454 1911 2699 1975 dispersa
2727 1910 2805 1960 ad

1712 1986 1890 2036 vicum
1926 1983 2361 2049 Mit-Rahenny.
2434 1981 2559 2031 Vid.
2606 1979 2805 2029 Cham-

1713 2054 1843 2119 poll.
1884 2054 1921 2104 l.
1967 2052 2005 2103 l.
2045 2069 2171 2119 pag.
2211 2054 2313 2104 354
2350 2067 2464 2116 seq.
2516 2049 2622 2101 360
2657 2064 2802 2114 seq..

1709 2122 1940 2175 Roziere
1975 2124 2166 2173 Descr.
2205 2122 2273 2172 de
2318 2121 2563 2186 l'Egypt.
2604 2124 2649 2168 t.
2687 2118 2801 2179 ΙΙΙ,

1708 2209 1762 2258 p.
1800 2195 1920 2243 452.
1993 2192 2099 2255 Qui
2148 2191 2472 2254 Hephaesta
2513 2205 2555 2237 s.
2617 2185 2806 2237 Vulca-

1708 2279 1803 2312 nus
1822 2261 2102 2313 Herodoto
2122 2260 2320 2311 dicitur
2340 2260 2491 2320 deus,
2519 2257 2662 2306 idem
2694 2263 2805 2316 est,

1710 2333 1804 2398 qui
1838 2336 2069 2381 vocatur
2100 2330 2323 2392 ΡΙιιΙιαΙι,
2360 2327 2505 2394 ignis
2541 2327 2651 2376 vim
2684 2331 2805 2376 tum

1710 2415 2022 2465 corpoream
2071 2405 2187 2449 tum
2235 2395 2659 2449 intellectualem
2709 2394 2809 2445 de-

1709 2469 1942 2522 clarans.
2015 2468 2142 2520 Vid.
2180 2472 2324 2519 nott.
2362 2467 2433 2518 ad
2466 2466 2543 2529 11,
2581 2464 2634 2517 3.

2132 2639 2267 2691 Car.
2307 2639 2368 2689 Ο.

1779 2735 2081 2807 κατέλεγον
2121 2734 2182 2790 οἱ
2222 2732 2373 2805 ἱρέες
2408 2729 2467 2789 ἐκ
2505 2735 2706 2805 βίβλου
2745 2755 2801 2788 κ.

1708 2827 1755 2861 τ.
1794 2811 1866 2878 λ.]
1907 2811 2113 2876 Scripsi
2141 2807 2339 2877 βίβλου
2374 2825 2470 2875 pro
2504 2807 2655 2873 vulg.
2690 2800 2799 2874 βό-

1711 2877 1867 2947 βλου,
1906 2882 2161 2946 quoniam
2199 2880 2266 2930 de
2296 2879 2429 2930 libro
2475 2894 2522 2929 s.
2560 2879 2803 2929 volmnine

1706 2965 2006 3015 papyraceo
2050 2950 2139 3000 hic
2175 2947 2527 3015 cogitandum
2575 2952 2663 2997 eet
2698 2946 2804 3011 (cs.

1710 3022 1849 3069 nott.
1903 3020 1971 3070 ad
2017 3019 2064 3081 Ι,
2119 3017 2261 3083 123),
2311 3033 2421 3068 non
2472 3016 2538 3067 de
2591 3015 2803 3081 planta,

1709 3090 1854 3138 unde
1909 3087 2041 3137 illud
2088 3087 2402 3149 conficitur,
2454 3086 2521 3135 de
2568 3100 2679 3150 qua
2727 3085 2802 3135 cf.

1714 3158 1791 3221 ΙΙ,
1826 3157 1897 3206 02
1934 3158 2116 3221 ibique
2139 3161 2280 3206 nott.
2356 3156 2480 3216 Qua
2514 3156 2584 3205 de
2619 3169 2680 3205 re
2707 3155 2805 3219 qni

1713 3228 2073 3291 scripserunt,
2120 3225 2278 3275 affert
2333 3224 2510 3275 Beck:
2565 3222 2803 3288 Allgem.

1712 3295 2046 3359 Weltgesch.
2092 3296 2140 3346 1.
2182 3311 2233 3359 p.
2273 3295 2394 3344 257.
2433 3293 2555 3355 755,
2602 3292 2805 3356 quibus

1713 3364 1838 3414 add.
1877 3365 1966 3416 W.
2005 3365 2070 3414 A.
2121 3362 2391 3414 Schmidt:
2440 3362 2546 3410 Die
2579 3360 2804 3412 Griech.

1713 3432 2134 3499 Papyrusrollen
2182 3449 2251 3482 zu
2288 3429 2473 3481 Berlin
2519 3432 2627 3480 etc.
2671 3445 2800 3495 pag.

1712 3505 1745 3552 4
1785 3518 1936 3568 seqq.
1975 3507 2031 3552 et
2068 3517 2207 3567 quae
2255 3499 2366 3549 alia
2411 3498 2573 3548 affert
2604 3500 2806 3549 Baum-

1714 3573 1869 3621 stark
1898 3573 1981 3622 in:
2029 3571 2225 3635 Pauly.
2273 3567 2691 3633 Realencyclop.
2732 3569 2800 3618 V.

1712 3656 1767 3705 p.
1792 3641 1926 3691 1154
1953 3655 2126 3705 seqq..
2167 3639 2428 3703 Lepsiue:
2472 3636 2803 3702 chronolog.

1714 3710 1767 3761 d.
1803 3711 2037 3774 Aegypt.
2085 3709 2132 3758 I.
2176 3724 2226 3772 p.
2280 3707 2369 3759 32.
2407 3735 2475 3743 -
2513 3705 2596 3755 Ad
2645 3721 2807 3771 argu·

1714 3784 1952 3828 mentum
1992 3777 2100 3828 loci
2142 3777 2279 3827 haec
2328 3780 2514 3826 monet
2548 3775 2807 3827 Creuzer.

1713 3848 1945 3909 (Comm.
1976 3842 2218 3897 Herodd.
2257 3861 2311 3910 p.
2353 3843 2511 3907 197):
2549 3844 2698 3907 „Qui
2728 3844 2807 3894 lo-

1713 3932 1809 3968 eus
1852 3932 1997 3967 nuuc
2043 3916 2258 3981 planius
2306 3913 2633 3979 intelligitur
2679 3919 2809 3978 post

1713 3991 1995 4051 protracta
2040 4001 2106 4035 ex
2156 3984 2458 4049 hypogaeis
2506 3982 2804 4032 Thebaicie

1710 4055 1985 4106 volumina
2002 4068 2327 4119 papyracea,
2350 4068 2459 4103 non
2474 4050 2649 4102 solum
2672 4053 2806 4101 ima-

1713 4125 1931 4189 ginibus
1979 4128 2199 4185 ornata,
2248 4136 2438 4171 verum
2478 4121 2643 4170 etiam
2691 4120 2806 4170 late

1711 4193 2025 4257 patentibus
2068 4193 2372 4256 scripturae
2419 4189 2687 4240 columnis
2724 4204 2806 4239 re-

1712 4262 1881 4322 serta3
1925 4262 2068 4312 unde
2115 4266 2263 4311 recte
2299 4258 2514 4324 colligit
2551 4258 2803 4307 doctissi-

1710 4346 1827 4381 mus
1862 4330 2099 4382 Iomard.
2141 4330 2197 4378 in
2233 4328 2506 4392 Deecript.
2547 4327 2615 4377 de
2655 4326 2799 4391 l'Eg.

1708 4401 1932 4467 Antiqq.
1958 4399 2038 4452 11.
2071 4413 2198 4464 pag.
2226 4395 2348 4461 358,
2373 4410 2485 4447 uon
2507 4393 2666 4447 modo
2694 4400 2802 4445 tes-
