3109 5092
1284 392 1545 455 OLIO.
1587 395 1638 455 Ι.
1685 403 1805 457 181.

2557 388 2682 450 357

401 574 635 662 ἕτερον
665 567 743 640 δὲ
769 575 1037 639 ἔσωθεν
1064 579 1279 657 τεῖχος
1315 570 1659 659 περιθέει,
1711 562 1794 637 οὐ
1842 571 2069 659 πολλῷ
2103 569 2231 657 τέῳ
2271 562 2678 637 ἆσθενέστε·

403 704 526 766 ρον
554 679 675 743 τοῦ
719 676 949 760 ἑτέρου
987 678 1268 759 τείχεος,
1311 671 1735 760 στεινότερον
1767 672 1861 738 δέ.
1929 666 2038 737 Ἐν
2067 669 2143 738 δὲ
2171 667 2421 756 φάρσεϊ
2448 671 2675 740 ἑκατέ-

404 807 499 872 ρῳ
526 782 643 866 τῆς
673 776 901 855 πόλιος
927 781 1287 863 τετείχιστο
1315 778 1390 845 ἐν
1415 778 1631 870 μέσῳ,
1672 778 1748 844 ἐν
1786 775 1879 865 τῷ
1906 768 1987 840 τά
2026 769 2340 861 βασιλήτα
2384 772 2511 860 μὲν
2554 799 2675 843 πε-
2765 823 2784 836 .

401 962 675 1016 nonnullis
700 963 858 1014 codd.
882 962 1159 1024 omissum,
1179 960 1276 1012 sed
1299 961 1495 1025 scripsi

402 1030 691 1097 περιθέει,
730 1037 791 1082 ut
816 1047 983 1096 supra
1007 1031 1053 1095 Ι,
1082 1031 1201 1094 178,
1229 1032 1494 1096 probante

400 1103 638 1156 Bredov.
680 1118 738 1167 Ρ.
770 1100 904 1162 373;
952 1100 1096 1151 idem
1141 1102 1369 1151 verbum
1406 1115 1494 1151 ea-

404 1174 525 1224 dem
562 1171 958 1238 significatione
1000 1170 1248 1222 adhibuit
1267 1172 1490 1221 Homer.

402 1243 490 1295 Ili.
539 1243 648 1305 VI,
699 1241 821 1294 320.
876 1240 1042 1304 VIII,
1097 1241 1222 1293 494.
1289 1240 1490 1305 Odyss.

405 1313 614 1375 XXIV,
662 1312 782 1362 208.
831 1309 954 1362 coll.
1004 1309 1282 1360 Plutarch.
1319 1311 1487 1360 Morr.

404 1379 542 1449 (ΙΙ.)
592 1397 646 1446 p.
685 1383 787 1433 705
820 1379 886 1430 A.
947 1379 1495 1445 Schweighaeuserus

407 1452 446 1503 l.
482 1451 519 1501 l.
559 1452 693 1501 haec
727 1450 896 1501 verba
937 1448 1006 1499 de
1037 1449 1132 1500 illo
1168 1465 1349 1512 muro,
1402 1448 1497 1514 qui

407 1521 706 1572 secundum
756 1524 1043 1584 utramque
1100 1520 1254 1570 fluvii
1310 1519 1497 1569 urbem

409 1590 738 1656 permeantis
770 1591 942 1654 ripam
983 1589 1179 1639 ductus
1217 1593 1365 1652 erat,
1409 1582 1496 1637 αἰ-

408 1653 624 1725 μασιὴν
682 1660 884 1711 Noster
955 1658 1193 1721 dixerat,
1263 1653 1499 1723 intelligi

408 1730 550 1781 vult.
631 1728 789 1793 Quod
842 1727 961 1778 fieri
1004 1743 1170 1793 posse
1212 1733 1380 1793 negat
1427 1728 1497 1778 R.

412 1800 639 1851 Iacobs:
676 1800 761 1849 De
784 1813 1020 1849 mensur.
1042 1798 1308 1849 Herodot.
1330 1814 1385 1863 p.
1413 1797 1495 1858 19,

410 1886 551 1933 cum,
587 1867 693 1920 hoc
730 1869 777 1918 si
812 1867 1056 1918 indicare
1090 1867 1356 1917 voluisset
1390 1867 1499 1917 No·

408 1944 549 2003 ster,
586 1930 661 1987 τό
699 1931 763 1988 δὲ
798 1931 991 2000 ἕτερον
1034 1938 1225 2003 ntique
1261 1936 1499 1986 scriben-

409 2010 537 2061 dum
571 2008 799 2059 fuisset:
840 2021 1009 2071 quare
1037 2007 1104 2057 de
1127 2006 1238 2057 alio
1275 2020 1497 2071 prorsus

411 2095 563 2130 muro
594 2078 741 2128 intra
775 2075 901 2138 illa,
943 2091 1083 2141 quae
1107 2080 1274 2126 antea
1299 2075 1498 2126 descri-

409 2149 538 2215 psit,
578 2146 793 2197 moenia
827 2145 992 2196 ducto
1029 2145 1116 2196 hic
1145 2144 1496 2210 cogitandum

411 2233 532 2269 esse
579 2220 793 2276 censet,
840 2215 977 2265 adeo
1021 2219 1083 2265 ut
1119 2214 1225 2265 duo
1264 2213 1500 2279 Babylo-

411 2304 534 2338 nem
560 2284 1012 2337 circumdederint
1050 2286 1188 2335 muri
1210 2284 1315 2344 vel,
1355 2283 1500 2348 quod

410 2356 494 2407 illi
528 2354 878 2406 verisimilius
914 2353 1161 2416 videtur,
1202 2354 1500 2404 secundum

412 2428 611 2478 flumen
653 2423 855 2489 singuli
902 2427 1117 2473 tantum
1163 2423 1303 2473 muri
1338 2422 1501 2472 exsti-

414 2497 608 2559 terint,
665 2495 763 2545 sed
810 2492 1073 2558 reliquum
1119 2493 1271 2543 urbis
1315 2506 1503 2542 monu-

413 2570 652 2617 mentum
700 2580 729 2614 e
778 2563 989 2614 duobus
1028 2563 1196 2612 muris
1244 2561 1502 2612 constite-

412 2638 504 2687 rit.
588 2634 854 2700 Equidem
902 2637 965 2682 ut
1008 2633 1227 2683 minime
1272 2632 1503 2681 interce·

415 2706 570 2769 dam,
621 2706 669 2753 si
709 2704 832 2768 quis
871 2717 991 2752 cum
1030 2702 1219 2753 eodem
1253 2701 1372 2751 viro
1412 2699 1505 2750 do-

414 2781 505 2826 cto
549 2774 717 2823 verba
761 2772 1142 2823 antecedentia
1184 2767 1354 2820 τοῦτο
1399 2761 1503 2833 μὲν

413 2836 487 2907 δὴ
524 2834 587 2892 τὸ
625 2845 810 2907 τεῖχος
858 2832 1061 2905 θώρηξ
1103 2830 1217 2894 ἐστὶ
1255 2840 1322 2890 de
1357 2838 1504 2888 omni

411 2914 563 2964 urbis
598 2912 963 2973 munimento,
1013 2908 1240 2960 inclusis
1289 2923 1505 2973 quoque

416 2983 554 3034 muri
591 2981 839 3046 partibus
885 2979 1179 3030 secundum
1217 2982 1504 3042 utramque

416 3053 569 3103 fluvii
591 3051 764 3116 ripam
790 3048 988 3110 ductis,
1024 3046 1331 3113 intelligere
1351 3046 1501 3108 velit,

416 3124 498 3173 ita
534 3122 820 3187 quominus
856 3118 1025 3170 verba
1045 3134 1197 3184 seqq.
1238 3116 1304 3167 de
1327 3117 1501 3167 altero

415 3192 536 3242 sive
573 3189 810 3241 secundo
848 3204 1001 3240 muro
1039 3190 1185 3238 intra
1218 3185 1370 3236 illum
1408 3186 1503 3235 du-

418 3266 507 3313 cto
546 3261 692 3311 circa
724 3259 910 3310 urbem
946 3256 1275 3322 intelligam,
1313 3254 1402 3304 vel
1436 3267 1499 3303 eo

416 3329 705 3397 prohibeor
720 3368 733 3390 ,
756 3328 902 3395 quod
932 3328 1091 3378 huius
1115 3325 1339 3376 alterius
1364 3320 1502 3371 muri

416 3399 624 3452 nullum
650 3399 828 3450 adhuc
849 3397 1139 3463 vestigium
1164 3394 1356 3458 reperi,
1380 3405 1499 3441 cum

420 3485 605 3522 omnes
657 3470 950 3533 scriptores
1013 3467 1081 3517 de
1134 3479 1241 3514 uno
1288 3464 1500 3510 tantum

416 3553 569 3591 muro
624 3538 942 3604 loquantur,
991 3549 1166 3599 neque
1211 3531 1500 3596 quisquam

416 3611 522 3660 huc
562 3608 813 3659 retulerit
836 3605 1051 3669 Iosephi
1075 3603 1278 3667 (contr.
1300 3599 1496 3662 Apion.

417 3680 464 3738 Ι,
503 3677 598 3743 20)
636 3677 725 3728 vel
773 3676 954 3741 potius
988 3671 1180 3751 Berosi
1229 3669 1400 3746 verbra
1434 3666 1501 3716 de

417 3748 900 3804 Nebucadnezare,
947 3742 1067 3807 qui:
1120 3735 1499 3802 υπερεβαλετο

416 3820 568 3878 τρεῖς
603 3810 707 3881 μὲν
740 3813 841 3878 τῆς
878 3808 1050 3863 ἔνδον
1086 3802 1304 3864 πόλεως
1345 3820 1502 3869 περι-

420 3880 651 3954 βόλους,
696 3886 849 3947 τρεῖς
890 3874 953 3930 δὲ
989 3877 1092 3944 τῆς
1124 3873 1229 3939 ἔξω
1265 3868 1500 3936 πόλεως,

416 3948 555 4012 τοὺς
606 3947 710 4016 μὲν
766 3943 822 4013 ἐξ
882 3941 1062 4006 dm}
1106 3944 1363 3997 πλίνθου
1408 3940 1506 3994 καὶ

416 4015 737 4086 ἀσφάλτου,
786 4011 922 4077 τοὺς
967 4016 1002 4067 ὃ
1069 4007 1135 4078 ’ἔξ
1183 4006 1363 4078 αὐτῆς
1405 4011 1505 4078 τῆς

420 4091 691 4142 πλίνθου.
767 4091 965 4155 Itaque
1006 4089 1063 4138 in
1092 4083 1507 4149 Schweighaeu-

420 4162 529 4214 seri
566 4160 839 4212 sententia
873 4158 1217 4224 acquiescere
1249 4152 1454 4205 malim.

491 4230 789 4296 τετείχιστο
837 4219 897 4279 ἐν
946 4226 1127 4292 μέσῳ,
1175 4216 1236 4274 ἐν
1274 4220 1353 4290 τῷ
1402 4215 1505 4288 μὲν

420 4292 488 4351 τὰ
525 4291 790 4368 βασιλήϊα
818 4313 871 4349 κ.
899 4313 947 4347 τ.
982 4295 1055 4362 λ.]
1094 4295 1296 4360 Vulgo:
1336 4282 1396 4342 ἔν
1427 4288 1507 4358 τῷ

421 4357 501 4434 ἦε
518 4385 551 4418 ν
583 4361 652 4419 τὰ
681 4360 973 4437 βασιλήϊοι,
1001 4366 1147 4432 quod
1169 4364 1508 4416 retinuerunt

424 4438 727 4506 Schweigh.
767 4442 823 4494 et
859 4436 1230 4498 Gaisfordius3
1268 4447 1408 4494 unus
1442 4431 1507 4482 li-

1597 959 1694 1009 ber
1739 956 2090 1009 Florentinus
2150 949 2282 1007 εἷεν.
2374 956 2682 1008 Gronovius

1598 1032 1907 1078 correxerat
1950 1017 2009 1077 ἐν
2061 1023 2140 1093 τῷ
2183 1020 2312 1090 μὲν
2349 1019 2418 1075 τὰ
2460 1023 2543 1092 β.,
2595 1029 2683 1077 cui

1597 1097 1963 1161 adstipulatur
2006 1095 2402 1160 Wesselingius
2449 1096 2520 1145 ad
2554 1097 2684 1147 Dio-

1597 1167 1712 1217 dor.
1755 1167 1829 1229 11,
1864 1166 1900 1216 8
1929 1181 2259 1231 provocans,
2310 1165 2549 1231 itemque
2581 1167 2683 1216 Be-

1595 1237 1798 1287 nedict.
1836 1237 1893 1286 in
1930 1237 2076 1286 Actt.
2117 1250 2248 1286 sem.
2273 1249 2388 1300 reg.
2418 1235 2572 1300 Lips.
2599 1235 2678 1287 ΙΙ.

1593 1323 1648 1372 Ρ.
1700 1307 1822 1357 284.
1879 1294 2120 1357 Κοοιιῖιιε
2175 1302 2442 1354 maluerat
2499 1294 2560 1353 ἐν
2603 1301 2684 1354 τεῦ

1598 1369 1720 1440 μὲν
1758 1365 1892 1438 ἕνὶ,
1940 1374 2086 1440 quod
2117 1373 2470 1439 responderet
2501 1355 2683 1424 verbis

1598 1444 1952 1510 sequentibus
1989 1435 2050 1493 ἐν
2094 1435 2158 1493 δὲ
2206 1440 2286 1508 τῷ
2319 1431 2504 1510 ἑτέρῳ.
2576 1441 2685 1493 Sed

1596 1515 1772 1580 magis
1818 1512 2027 1579 placuit
2078 1514 2173 1574 iis,
2225 1512 2319 1577 qui
2353 1516 2479 1576 post
2512 1512 2686 1562 Hero·

1600 1586 1786 1636 dotum
1831 1584 2074 1646 edidere,
2131 1582 2393 1633 Gronovii
2437 1582 2686 1631 emenda-

1599 1655 1705 1717 tio,
1765 1669 1927 1719 quam
1987 1651 2330 1718 impugnavit
2377 1649 2682 1716 Schweigh.

1601 1723 1860 1788 vulgatae
1913 1721 2137 1773 lectioni
2187 1719 2569 1785 patrocinans,
2628 1719 2686 1769 in

1602 1809 1710 1858 qua
1746 1792 1969 1843 verbum
2016 1779 2118 1855 ἦεν
2155 1788 2520 1839 necessarium
2564 1801 2682 1840 esse

1600 1861 1747 1925 vult,
1787 1862 1875 1912 vel
1949 1867 2131 1926 ropter
2152 1874 2247 1921 ea,
2287 1872 2428 1923 quae
2456 1871 2686 1922 sequan-

1601 1936 1689 1981 tur
1737 1924 1793 1988 ἐς
1838 1877 1945 1994 ἐμὲ3
1979 1927 2146 1978 τοῦτο
2202 1921 2282 1976 ἔτι
2325 1918 2450 1990 ἐὸν,
2510 1941 2578 1975 ne
2618 1942 2687 1977 ue

1599 2016 1730 2052 vero
1776 1999 2013 2050 attendit
2054 1999 2282 2048 formam
2328 1996 2538 2060 epicam
2622 2007 2686 2044 εν

1598 2072 1658 2120 in
1679 2070 1960 2120 Herodoto
1995 2068 2124 2118 ferri
2147 2082 2256 2116 non
2281 2079 2463 2130 posse.
2505 2065 2685 2125 Quare

1602 2139 1864 2192 Gronovii
1901 2136 2334 2189 emendationem
2365 2149 2530 2184 unam
2564 2150 2687 2198 pro-

1603 2210 1729 2260 bam
1789 2208 2101 2259 iudicarunt
2162 2205 2360 2256 Struve
2425 2202 2682 2268 (Specim.

1602 2280 1828 2342 Quaest.
1865 2276 2106 2328 Herodd.
2132 2275 2177 2325 Ι.
2214 2290 2271 2339 Ρ.
2296 2275 2363 2326 37
2399 2271 2561 2339 not.),
2599 2272 2684 2322 vir

1602 2348 1794 2399 doctus
1856 2348 1914 2397 in
1987 2343 2370 2412 Ephemeridd.
2436 2342 2682 2392 Ienenss.

1607 2418 1759 2469 1817.
1795 2432 1878 2467 nr.
1922 2417 2038 2468 165.
2075 2432 2131 2480 p.
2171 2412 2301 2474 383,
2353 2415 2409 2460 et
2447 2410 2683 2461 Bredov.

1599 2504 1652 2553 p.
1693 2487 1760 2537 59
1809 2490 1864 2537 et
1907 2485 2036 2546 4053
2084 2498 2219 2548 quos
2266 2480 2459 2531 merito
2512 2480 2688 2529 secuti

1603 2560 1731 2606 sunt
1765 2554 2006 2605 Dindorf
2036 2558 2090 2603 et
2125 2549 2371 2602 Dietseh.
2444 2548 2530 2598 Ad
2569 2563 2686 2598 ver-

1604 2626 1732 2676 bum
1780 2623 2079 2687 τετείχιστο
2128 2621 2208 2680 (in
2257 2633 2362 2683 quo
2409 2618 2688 2681 augmenti

1601 2692 1960 2758 reduplicatio
1995 2688 2314 2753 negligitur,
2372 2689 2436 2733 ut
2473 2684 2526 2746 Ι,
2585 2684 2686 2735 180

1603 2763 1759 2828 init.)
1802 2760 2075 2827 pertinent
2123 2753 2438 2832 sequentia:
2485 2744 2555 2802 τὰ
2587 2751 2685 2820 βοι-
2723 2774 2728 2780 ·

1604 2824 1795 2896 σιλήϊα
1829 2834 1885 2880 et
1918 2818 2058 2881 Διὸς
2095 2823 2278 2887 Βηλου
2312 2815 2474 2886 ἷρον,
2510 2839 2686 2889 neque

1601 2903 1771 2968 igitur
1817 2893 2249 2960 impersonaliter
2284 2890 2421 2941 illud
2457 2893 2559 2942 erit
2599 2908 2686 2943 ac-

1604 2969 1937 3036 cipiendum,
1991 2979 2114 3013 cum
2156 2977 2222 3012 ex
2254 2959 2522 3011 Herodoti
2566 2978 2687 3012 sen-

1603 3038 1778 3091 tentia
1812 3040 2098 3099 utrumque
2133 3030 2466 3093 aedificium,
2515 3036 2569 3081 et
2603 3048 2687 3082 re-

1601 3110 1693 3173 gia
1728 3105 1853 3156 aula
1891 3120 1937 3156 s.
1974 3101 2237 3168 palatium
2275 3101 2332 3151 et
2365 3101 2515 3151 Iovis
2552 3106 2686 3151 tem-

1600 3177 1776 3243 plum,
1824 3175 1880 3223 in
1915 3188 2114 3238 magno
2165 3177 2221 3221 et
2268 3169 2446 3234 amplo
2483 3171 2683 3234 spatie,

1602 3245 1745 3312 quod
1782 3243 1947 3293 muris
1987 3240 2253 3292 inclusum
2289 3244 2435 3302 erat,
2478 3245 2687 3290 exstru-

1602 3321 1747 3366 ctum
1787 3312 2022 3378 cogitari
2057 3310 2273 3360 debeat.
2349 3309 2545 3372 Itaque
2578 3310 2686 3358 He-

1600 3383 1782 3435 rodoti
1825 3381 1994 3432 verba
2039 3380 2118 3429 sic
2163 3377 2399 3441 accipio:
2446 3375 2511 3426 In
2543 3385 2686 3426 utra-

1599 3469 1695 3520 que
1719 3452 1858 3503 urbis
1881 3458 2034 3514 parte
2068 3463 2228 3512 eaque
2260 3447 2422 3496 media
2455 3442 2688 3508 (exstru-

1600 3528 1692 3574 cta
1741 3521 1816 3587 et)
1871 3522 2022 3569 muris
2066 3515 2374 3567 cirenandata
2416 3522 2594 3577 erant,
2634 3516 2687 3563 in

1600 3596 1768 3643 altera
1822 3591 2008 3654 reyz‘um
2065 3587 2312 3649 palacium
2367 3598 2472 3633 eum
2530 3597 2574 3631 s.
2636 3584 2689 3632 in

1598 3676 1776 3724 maana
1821 3658 2087 3721 validoque
2134 3655 2368 3717 circuitu,
2419 3657 2470 3704 in
2517 3654 2688 3702 altera

1602 3732 1741 3783 Iovis
1775 3729 1895 3778 Beli
1938 3725 2163 3788 templum
2197 3726 2368 3773 aeneis
2411 3725 2580 3787 portis
2612 3724 2687 3772 in-

1600 3806 1857 3852 structum.
1942 3792 2312 3854 Gaisfordius,
2362 3792 2455 3857 qui
2500 3791 2688 3856 vulga-

1603 3876 1716 3921 tam
1749 3866 2036 3917 lectionem
2060 3849 2165 3926 ἦεν
2190 3861 2406 3925 retinet,
2443 3865 2690 3926 repetere

1604 3937 1814 3990 mavult
1848 3951 1878 3985 e
1912 3932 2283 3999 superioribus
2319 3932 2498 3996 ipsum
2519 3929 2689 3980 τετεί-

1604 4021 1761 4075 χιστο
1805 4005 2039 4070 indeque
2079 4002 2160 4053 sic
2205 4002 2384 4052 locum
2427 4001 2691 4066 interpre-

1606 4083 1781 4130 tatur:
1829 4078 1882 4126 in
1915 4083 2133 4139 utraque
2167 4072 2308 4123 urbis
2348 4073 2553 4137 regione
2586 4086 2689 4119 mn-

1605 4151 1823 4200 nimenta
1863 4151 2129 4197 exameta
2171 4149 2349 4193 eranu-
2397 4145 2450 4192 in
2496 4155 2560 4190 ea
2592 4140 2691 4190 sci-

1605 4223 1746 4280 licet,
1781 4218 1834 4266 in
1867 4231 1969 4282 qua
2000 4216 2146 4280 regia
2171 4215 2319 4275 aula,
2354 4212 2692 4262 mwzimentum

1606 4295 1723 4340 erat
1750 4293 1938 4337 vastum
1965 4285 2292 4348 vala’dmnque.
2350 4280 2505 4342 Quae
2527 4280 2692 4327 inter-

1607 4359 1840 4425 pretatio
1894 4356 2026 4406 mihi
2061 4352 2277 4419 quidem
2320 4351 2388 4401 ab
2423 4346 2692 4399 Herodoti

1608 4444 1773 4490 sensu
1810 4427 2064 4478 aberrare
2097 4421 2338 4491 videtur,
2376 4434 2498 4469 cum
2519 4418 2693 4474 Hero-
