3109 5092
485 298 608 358 694
1353 295 1895 357 HERODOTI

487 478 688 539 λίθον
716 467 983 539 ἀπιέναι
1015 467 1118 537 ἐπ’
1153 479 1377 555 οἴκου,
1426 472 1722 557 φέροντα
1747 465 1874 556 τὴν
1905 464 2212 554 κεφαλὴν
2254 472 2373 534 τοῦ
2400 462 2771 552 ἀδελφεοῦ.

439 570 599 652 3Ὠς
640 572 714 641 δὲ
758 568 972 661 ἡμέρη
1011 575 1313 659 ἐγένετο,
1370 571 1741 641 ἐσελθόντα
1777 568 1898 638 τὸν
1948 571 2229 657 βασιλέα
2277 572 2342 648 ές
2394 566 2469 638 τὸ
2517 578 2773 655 οἴκημα

489 681 988 764 ἐκπεπλῆχθαι,
1030 670 1311 763 ὁρέοντα
1353 674 1429 744 τὸ
1467 681 1659 762 σῶμα
1697 679 1819 742 τοῦ
1863 670 2090 760 φωρὸς
2135 675 2212 740 ἐν
2254 678 2335 760 τῇ
2378 672 2557 759 πάγῃ
2594 664 2772 738 ἄνευ

487 785 603 867 τῆς
647 784 945 867 κεφαλῆς
985 776 1139 861 ἐὸν,
1185 777 1260 847 τὸ
1303 778 1378 847 δὲ
1422 789 1668 865 οἴκημα
1707 774 1935 856 ἀσινὲς
1974 777 2085 844 καὶ
2132 772 2288 843 οὔτε
2329 781 2570 844 ἔσοδον
2609 771 2773 841 οὔτε

493 888 773 951 ἔκδυσιν
811 877 1141 970 οὐδεμίαν
1181 888 1354 969 ἔχον.
1439 878 1911 969 ἀπορεύμενον
1966 882 2048 948 δέ
2082 906 2202 966 μιν
2242 878 2405 948 τάδε
2458 882 2771 965 ποιῆσαι·

494 992 616 1055 τοῦ
656 983 883 1073 φωρὸς
922 981 1042 1053 τὸν
1082 987 1293 1053 νέκυν
1320 982 1487 1053 κατὰ
1526 990 1651 1052 τοῦ
1678 990 1928 1070 τείχεος
1966 981 2497 1070 κατακρεμάσαι,
2545 979 2773 1067 φυλά-

498 1116 660 1168 κους
701 1088 775 1155 δὲ
817 1084 1029 1157 αὐτοῦ
1074 1088 1579 1175 καταστήσαντα
1622 1091 2061 1156 ἐντείλασθαί
2094 1106 2253 1173 σφι,
2295 1081 2417 1153 τὸν
2445 1079 2532 1153 ἂν
2558 1089 2771 1152 ἴδων-

497 1220 605 1260 ται
634 1187 1155 1259 ἀποκλαύσαντα
1183 1185 1224 1278 ἢ
1255 1190 1870 1278 κατοικτισάμενον,
1901 1187 2363 1313 συλλαβόντας
2382 1184 2577 1275 ἄγειν
2604 1184 2778 1274 πρὸς

498 1292 773 1362 ἑωυτόν.
852 1290 1409 1381 ἀνακρεμαμένου
1464 1294 1539 1361 δὲ
1593 1298 1717 1361 τοῦ
1772 1294 2012 1370 νέκυος
2063 1289 2189 1381 τὴν
2235 1294 2488 1379 μητέρα
2532 1294 2777 1369 δεινως

498 1397 767 1482 φέρειν
844 1393 1084 1481 λόγους
1148 1396 1223 1464 δὲ
1284 1394 1450 1484 πρὸς
1499 1393 1619 1463 τὸν
1674 1394 2029 1484 περιεόντα
2086 1400 2295 1463 παῖδα
2358 1394 2777 1482 ποιευμένην

499 1496 944 1585 προστάσσειν
982 1494 1199 1591 αὐτῷ,
1243 1526 1409 1567 οτεω
1452 1498 1679 1591 τρόπῳ
1723 1498 2043 1581 δύναται,
2089 1501 2552 1586 μηχανᾶσθαι,
2598 1522 2777 1575 οκως
2873 1573 2879 1578 ,

497 1598 572 1668 τὸ
601 1604 791 1688 σῶμα
817 1606 938 1669 τοῦ
968 1597 1306 1687 ἀδελφεοῦ
1336 1600 1715 1680 καταλύσας
1742 1615 1998 1688 κομιεῖ·
2044 1606 2107 1668 εἰ
2133 1600 2207 1669 δὲ
2234 1599 2496 1669 τούτων
2521 1595 2771 1687 ἀμελή-

500 1724 602 1772 σει
626 1756 644 1787 ,
692 1706 1103 1773 διαπειλέειν
1131 1702 1382 1791 αὐτὴν,
1429 1700 1516 1783 ὠς
1549 1709 1848 1774 ἐλθοῦσα
1883 1701 2049 1792 πρὸς
2091 1700 2210 1772 τὸν
2249 1706 2528 1790 βασιλέα
2553 1701 2773 1790 μηνύ-

457 1830 480 1869 4
508 1827 610 1875 σει
658 1803 867 1877 αὐτὸν
910 1812 1144 1895 ἔχοντα
1182 1803 1263 1876 τὰ
1291 1806 1612 1896 χρήματα.
1677 1801 1791 1885 Ὡς
1830 1806 1905 1875 δὲ
1932 1810 2235 1894 χαλεπῶς
2277 1805 2692 1894 ἐλαμβάνετο
2732 1801 2777 1892 ἡ

500 1909 718 1998 μήτηρ
768 1915 890 1978 τοῦ
933 1908 1321 1997 περιεόντος
1360 1908 1633 1993 παιδὸς,
1677 1910 1790 1976 καὶ
1833 1906 2046 1978 πολλὰ
2083 1906 2248 1997 πρὸς
2295 1905 2511 1998 αὐτὴν
2554 1911 2780 1995 λέγων

501 2009 627 2080 οὐκ
657 2016 929 2097 ἔπειθε,
976 2013 1536 2102 ἐπιτεχνήσασθαι
1570 2011 1797 2081 τοιάδε
1825 2040 1963 2100 μιν.
2041 2009 2241 2091 ὅνους
2267 2011 2773 2081 κατασκευασά-

502 2142 745 2202 μενον,
787 2117 898 2183 καὶ
940 2112 1188 2194 ἀσκοὺς
1230 2115 1577 2204 πλήσαντα
1605 2125 1833 2191 οἴνου,
1880 2117 2219 2183 ἐπιθεῖναι
2257 2116 2363 2184 ἐπὶ
2405 2120 2542 2182 τῶν
2569 2112 2779 2199 ὄνων,

501 2218 614 2284 καὶ
648 2223 877 2284 ἔπειτα
910 2217 1221 2286 ἐλαύνειν
1255 2216 1532 2297 αὐτούς·
1597 2213 1684 2296 ὥς
1717 2216 1791 2285 δὲ
1818 2214 1984 2284 κατὰ
2008 2214 2164 2296 τοὺς
2194 2216 2662 2304 φυλάσσοντας
2690 2208 2782 2305 ἦν

500 2317 620 2386 τὸν
659 2318 1082 2408 κρεμάμενον
1119 2324 1361 2401 νέκυν,
1415 2319 1877 2390 ἐπισπάσαντα
1907 2324 2045 2388 τῶν
2085 2317 2314 2389 ἀσκῶν
2344 2319 2468 2388 δύο
2510 2315 2552 2407 ἦ
2594 2336 2780 2407 τρεῖς

503 2427 849 2502 ποδεῶνας
879 2420 1090 2492 αὐτὸν
1130 2423 1322 2493 λύειν
1348 2419 1801 2511 ἀπαμμένους.
1873 2417 1963 2501 ὥς
2003 2423 2077 2491 δὲ
2108 2426 2298 2511 ἔρῤεε
2325 2418 2361 2492 ὁ
2389 2421 2606 2507 οἶνος,
2644 2421 2777 2511 τὴν

566 2694 797 2748 ἔκδυσιν
820 2689 1097 2763 ουδεμίαν
1119 2696 1271 2768 ἔχον]
1307 2698 1584 2765 οὐδεμίαν

498 2785 619 2819 oum
654 2769 826 2820 Gsisf.
829 2771 1080 2847 reposui
1115 2786 1212 2835 pro
1265 2762 1581 2850 οὐδεμίην.

566 2852 708 2885 κατα
748 2834 850 2886 τοῦ
882 2837 1093 2902 τείχεος
1139 2834 1579 2905 κατακρεμάσαι]

498 2905 536 2954 i.
577 2921 623 2954 e.
664 2922 734 2954 ex
768 2922 905 2956 muro
940 2908 1277 2985 suspendisse.
1354 2910 1438 2959 De
1478 2924 1581 2959 usu

497 2974 916 3037 praepositionis
973 2968 1114 3024 κατὰ
1168 2978 1427 3027 monitum
1477 2978 1582 3028 hoo

441 3084 449 3094 .
496 3041 620 3092 loeo
641 3040 848 3091 aliato
834 3059 888 3091 ιιι
911 3044 1158 3093 Fischer-i
1176 3046 1580 3097 Animadversa.

500 3111 570 3161 ad
597 3109 817 3161 Weller.
844 3112 935 3161 Gr.
960 3113 1054 3163 Gr.
1082 3113 1189 3175 111,
1217 3114 1271 3164 b.
1306 3130 1433 3179 pag.
1465 3117 1581 3166 177.

499 3178 623 3231 vid.
653 3180 857 3231 Herod.
879 3181 1036 3243 VIII,
1062 3182 1148 3244 53,
1185 3183 1279 3232 ubi
1315 3184 1401 3233 vel
1432 3179 1582 3234 κάτω

497 3249 744 3312 additur,
783 3254 838 3300 et
874 3250 1130 3313 conf.11,
1166 3250 1234 3302 39
1270 3253 1452 3319 ibique
1486 3254 1580 3304 ad-

496 3324 696 3370 notatt.
746 3347 817 3361 —-
867 3320 996 3370 Mox
1049 3289 1415 3371 ἐντείλασθαί
1463 3336 1581 3386 σφι

498 3389 765 3439 edidimus
800 3405 921 3439 oum
948 3390 1125 3441 Gaisf.
1163 3407 1260 3492 pro
1285 3391 1435 3458 vulg.
1467 3384 1576 3443 ἐντ.

496 3472 527 3507 σ
599 3471 720 3507 ισι.

542 3475 671 3592 ᾳτὴν
703 3519 919 3592 μητέρα
948 3524 1151 3586 δεινῶς
1175 3486 1396 3595 φέρειν]
1435 3530 1584 3593 Moe,-

492 3612 668 3647 rorem
705 3599 894 3648 matris
947 3598 1076 3649 inde
1130 3596 1368 3662 explico,
1437 3585 1583 3663 quod

494 3665 592 3714 filii
628 3665 887 3728 cadaver,
928 3683 1034 3717 non
1065 3669 1169 3717 rite
1204 3667 1478 3717 eonditum
1517 3683 1583 3717 ae

496 3727 791 3798 sepultum,
829 3741 891 3786 ut
916 3736 1308 3801 Aegyptiorum
1343 3737 1584 3800 postula-

494 3803 591 3852 bat
625 3804 818 3867 religio
850 3804 950 3869 (11,
989 3806 1058 3856 85
1087 3806 1284 3871 seqq.,)
1321 3807 1583 3855 remansit

494 3886 671 3935 neque
728 3873 854 3923 inde
905 3874 975 3922 sd
1025 3874 1318 3924 inferorum
1372 3874 1582 3926 incolas

495 3939 710 3990 admitti
743 3942 862 4006 ipse
897 3941 1040 3992 filius
1075 3948 1310 4008 poterat.

1052 4096 1102 4144 4.

562 4169 639 4235 ὡς
675 4170 738 4225 δὲ
774 4092 1102 4243 χαλειῗῶς
1139 4170 1575 4262 ἐλαμβάνετο

491 4239 527 4311 ἡ
584 4239 768 4311 μήτηρ
817 4246 922 4297 τοῦ
968 4242 1299 4309 περιεόντος
1343 4244 1575 4317 παιδὸς]

490 4316 768 4369 Immerito
804 4317 997 4369 verba:
1046 4314 1082 4382 ἡ
1117 4310 1302 4383 μήτηρ
1348 4318 1450 4369 τοῦ
1479 4332 1576 4369 πε-

1684 2587 1939 2659 ριεόντος
1974 2587 2182 2652 παιδὸς
2213 2596 2580 2663 Wesselingio
2616 2597 2774 2649 aliis-

1683 2682 1789 2731 que
1814 2670 2071 2730 suspeota
2092 2670 2220 2715 sunt
2242 2666 2382 2717 visa.
2416 2667 2604 2733 Neque
2627 2669 2774 2718 enim

1684 2735 1919 2785 subiecti
1947 2735 2004 2784 in
2040 2735 2284 2799 proxima
2318 2736 2582 2787 orationis
2617 2743 2775 2801 parte

1684 2805 1867 2855 subita
1901 2805 2131 2854 mutatio
2166 2820 2266 2854 nos
2303 2805 2573 2856 offendere
2609 2806 2777 2857 debet

1679 2873 1841 2993 gnam
1875 2873 1946 2923 ad
1988 2869 2085 2922 καὶ
2126 2866 2306 2924 πολλὰ
2340 2905 2411 2915 --
2434 2866 2611 2940 λεγων
2664 2868 2775 2925 οὐκ

1712 2941 1882 2992 πειθε
1902 2943 2079 3008 suppl.
2111 2933 2141 2991 ὁ
2165 2942 2363 3005 παῖς),
2390 2945 2589 3010 quippe
2612 2961 2772 3009 quae,

1685 3013 1887 3064 omisso
1924 3013 2262 3077 pronomine,
2301 3013 2389 3063 vel
2424 3015 2642 3064 serioris
2682 3031 2773 3066 ae-

1685 3083 1817 3131 tatis
1844 3082 2199 3146 scriptoribus
2237 3080 2383 3132 haud
2418 3088 2503 3133 est
2526 3084 2771 3136 insolita.

1684 3151 1810 3202 Vid.
1850 3167 1991 3214 quae
2024 3151 2081 3199 in
2118 3150 2372 3201 Creuzeri
2406 3152 2771 3205 Melett.111.

1682 3236 1808 3285 pag.
1850 3220 1919 3272 36
1966 3220 2262 3299 disputavi.
2335 3221 2525 3285 Neque
2567 3223 2772 3274 locutio

1682 3286 1937 3353 χαλεπῶς
1964 3281 2351 3354 λαμβάνεσθαι
2386 3290 2579 3353 habet,
2624 3292 2772 3357 quod

1682 3374 1782 3409 nos
1829 3358 2095 3417 offendat3
2152 3363 2237 3409 est
2285 3360 2427 3410 enim
2473 3360 2773 3425 interprete

1683 3426 2225 3493 Schweighaeuser-0·
2274 3444 2462 3493 aspere
2496 3434 2770 3493 incessere,
2830 3489 2844 3502 ο

1679 3511 1926 3558 premere.
1966 3496 2122 3546 Cous.
2148 3497 2313 3548 Dion.
2335 3497 2491 3549 Cass.
2513 3499 2656 3562 LIV,
2679 3500 2767 3550 21.
2814 3530 2821 3535 ·

1683 3566 1828 3615 Plat.
1867 3564 1934 3615 de
1969 3566 2142 3647 Legg.
2179 3567 2225 3617 Ι.
2264 3584 2319 3645 p.
2358 3568 2481 3619 637.

1753 3625 1829 3692 ὡς
1863 3627 1927 3683 δὲ
1963 3628 2140 3683 κατὰ
2176 3627 2346 3693 τούς
2375 3630 2771 3700 φυλάσσοντας

1680 3690 1777 3768 ἦν]
1814 3703 1851 3752 i.
1888 3718 1935 3754 e.
1966 3719 2088 3754 cum
2119 3720 2176 3754 eo
2196 3702 2318 3755 loeo
2356 3710 2530 3767 esset,
2567 3706 2659 3756 ubi
2686 3706 2770 3756 illi

1683 3778 1865 3833 erant,
1925 3773 2016 3838 qui
2079 3773 2313 3835 cadaver
2364 3774 2766 3853 custodiebant.

1681 3840 1791 3890 Ubi
1824 3846 1954 3891 nota
1988 3857 2142 3890 usum
2176 3844 2597 3908 praepositionis
2629 3836 2772 3894 κατὰ

1679 3909 1894 3973 (prope,
1948 3914 2125 3969 iuxta,
2181 3909 2306 3974 ad),
2368 3914 2434 3963 de
2472 3929 2577 3979 quo
2613 3913 2772 3979 plura

1678 3979 1970 4099 Figoherus
2019 3979 2088 4029 ad
2122 3980 2767 4049 Weller.111,b.pag.

1748 4112 1863 4165 τῶν
1897 4109 2090 4166 ασκῶν
2115 4108 2597 4183 -ἆπαμμένους]
2638 4118 2674 4169 i.
2718 4135 2765 4169 e.

1677 4188 1860 4235 uer-hcm
1893 4187 2022 4237 duos
2055 4191 2135 4237 vel
2164 4193 2272 4237 tres
2303 4190 2518 4250 petiolas
2559 4202 2767 4266 suspen-

1677 4270 1766 4304 sos
1802 4252 1869 4318 (s.
1909 4253 2195 4321 pendulos)
2238 4258 2465 4309 solvisse.
2539 4249 2769 4305 ποδεὼν

1678 4328 1763 4374 est
1801 4328 1929 4376 utris
1959 4328 2176 4388 petiolas
2209 4341 2256 4376 s.
2296 4325 2603 4391 prominens
2638 4340 2767 4391 pars
