3109 5092
369 286 493 347 550

372 465 454 549 τῇ
494 457 714 547 χώρῃ,
756 451 927 524 ὅθεν
968 477 1096 541 περ
1139 452 1252 519 καὶ
1274 445 1597 540 ’Έλληνες
1630 448 1917 539 ἤρξαντο
1952 453 2384 538 νομισθῆναι.

1225 274 1768 338 HERODOTI

2464 442 2647 524 ὅστις

375 564 450 634 δὲ
480 561 560 630 τὰ
587 564 951 646 Καβείρων
976 551 1171 644 ὄργια
1211 553 1579 645 μεμύηται,
1617 553 1699 624 τὰ
1724 552 2200 643 Σαμοθρήτκες
2229 548 2645 621 ἐπιτελέουσι

373 661 877 753 παραλαβόντες
904 656 1082 745 παρὰ
1097 663 1501 747 Πελασγῶν,
1531 647 1727 738 οὗτος
1757 653 1943 746 ὡνὴρ
1968 656 2147 742 οἶδε,
2177 654 2253 726 τὸ
2281 655 2477 741 λέγω.
2521 649 2646 741 τὴν

311 751 336 764 ᾳ
371 767 500 858 γὰρ
555 768 1048 855 Σαμοθρηΐκην
1094 771 1320 832 οἴκεον
1373 761 1703 850 πρότερον
1746 762 2086 847 Πελασγοὶ
2127 749 2351 840 οὗτοι,
2409 761 2481 826 οἵ
2521 781 2648 843 περ

370 871 788 959 Ἀθηναίοισι
819 863 1122 936 σύνοικοι
1154 867 1463 952 ἐγένοντο
1500 866 1614 933 καὶ
1660 889 1843 954 παρα
1879 863 2143 933 τούτων
2170 858 2649 951 Σαμοθρήικες

373 1073 620 1132 nienses,
657 1067 716 1117 id
752 1069 836 1116 est
866 1065 1065 1130 primos
1101 1063 1319 1113 Atticae
1355 1068 1462 1114 ter·

375 1157 470 1194 rae
503 1137 709 1190 incolas
747 1135 819 1185 ad
857 1134 1200 1200 Pelasgieam
1236 1134 1462 1198 stirpem

375 1208 703 1277 pertinuisse
715 1207 917 1256 Noster
934 1203 1340 1253 enuntiaverat:
1361 1202 1459 1252 hos

376 1281 549 1346 igitur
582 1274 944 1327 Athenienses
968 1271 1131 1336 longo
1166 1276 1292 1335 post
1329 1276 1462 1321 tem·

379 1363 535 1415 pore,
606 1360 728 1395 cum
790 1343 900 1392 iam
960 1340 1218 1391 Hellenes
1269 1339 1460 1391 haberi

379 1416 688 1480 coepissent
751 1415 1059 1493 statumque
1118 1408 1460 1474 Pelasgicum

379 1483 711 1552 primitivum
736 1481 904 1557 quasi
917 1479 1209 1540 exuissent,
1229 1479 1286 1526 in
1311 1494 1467 1529 suam

380 1564 579 1606 terram
609 1543 700 1617 (ἐν
729 1548 798 1616 τῇ
825 1540 1003 1615 χωρῃ)
1034 1548 1172 1598 alios
1197 1549 1470 1613 recepisse

382 1627 580 1675 Noster
608 1623 687 1672 ait
711 1619 974 1683 Pelasgos
1009 1617 1248 1668 advenas
1277 1615 1467 1666 συνοί-

381 1707 538 1754 κους,
577 1693 614 1741 i.
654 1707 703 1741 e.
739 1704 851 1739 una
889 1702 1009 1738 cum
1048 1687 1181 1753 ipsis
1227 1687 1285 1736 in
1321 1692 1468 1737 terra

382 1763 571 1815 Attica
603 1760 943 1810 habitantes:
983 1756 1125 1807 unde
1160 1760 1330 1821 patet,
1368 1757 1467 1806 hos

384 1832 644 1896 Pelasgos
682 1827 967 1895 postmodo
1017 1827 1325 1891 ingressos,
1375 1825 1469 1890 qui

383 1901 643 1953 Mercurii
677 1914 836 1949 sacra
860 1901 1184 1960 statuasque
1219 1911 1249 1945 e
1286 1896 1473 1946 Samo-

388 1970 602 2020 thracia
640 1966 953 2028 attulerint,
991 1965 1131 2015 bene
1166 1964 1472 2015 discernen-

387 2040 485 2090 dos
524 2054 640 2088 esse
677 2038 747 2087 ab
778 2037 891 2085 illis
929 2034 1220 2100 primitivis
1255 2034 1473 2085 Atticae

387 2115 567 2159 terrae
602 2106 820 2167 incolis,
860 2120 995 2170 quos
1030 2109 1084 2153 et
1112 2103 1260 2167 ipsos
1287 2102 1474 2152 Pelas·

389 2191 488 2242 gos
525 2175 696 2225 fuisse
729 2173 995 2222 Herodoti
1031 2173 1137 2221 sert
1171 2173 1469 2232 sententia3

390 2246 488 2296 sed
527 2243 690 2293 iidem
727 2243 899 2291 fuisse
942 2239 1193 2290 videntur
1229 2241 1470 2305 Pelasgi,

390 2315 482 2381 qui
504 2305 569 2362 τὸ
597 2301 952 2374 Πελασγικὸν
971 2314 1371 2371 exstruxerunt,
1409 2311 1476 2360 de

391 2399 498 2448 quo
543 2379 748 2431 Herod.
796 2381 863 2443 V,
912 2379 1000 2441 64,
1060 2379 1259 2444 quique
1311 2379 1476 2429 etiam

392 2452 514 2503 aliis
560 2449 830 2501 Herodoti
875 2448 1011 2498 locis
1057 2463 1477 2499 commemoran-

391 2527 481 2573 tur
524 2520 620 2583 VI,
661 2518 759 2571 136
797 2535 910 2584 seq.
954 2518 1073 2570 140.
1110 2518 1206 2577 IV,
1248 2518 1370 2569 145.
1405 2547 1477 2558 -

391 2591 572 2641 τελειν
607 2557 674 2647 ἐς
700 2577 980 2653 ’Ἕλληνας
1025 2592 1135 2638 est:
1184 2587 1480 2639 Hellenibus

391 2662 676 2722 accenseri,
697 2659 764 2708 de
785 2674 892 2725 qua
907 2658 1061 2708 verbi
1084 2657 1311 2707 notione
1331 2657 1476 2707 conf.

392 2731 578 2794 Viger.
606 2728 673 2779 de
709 2728 966 2778 idiotism.
989 2744 1044 2792 p.
1081 2726 1179 2778 187
1203 2732 1258 2777 et
1282 2728 1480 2778 Sebae-

394 2800 494 2850 fer.
517 2797 726 2848 Melett.
755 2813 882 2862 pag.
915 2797 1003 2847 28.
1077 2796 1161 2846 Ad
1197 2811 1480 2861 argumen-

395 2873 509 2918 tum
546 2866 653 2915 loci
690 2866 834 2915 haud
874 2866 988 2915 scio
1029 2880 1100 2914 an
1135 2865 1326 2914 referri
1357 2880 1479 2929 pos-

396 2938 470 2986 sit
493 2935 780 2998 antiquum
806 2934 1060 2983 Mercurii
1085 2933 1298 2998 signum
1318 2934 1483 2984 Athe-

396 3018 586 3055 narum
618 3002 672 3050 in
719 3018 846 3052 arce
894 3003 951 3050 in
988 3001 1232 3052 Poliadis
1282 3002 1482 3067 templo

397 3090 432 3124 a
467 3072 733 3135 Cecrope,
771 3077 832 3120 ut
865 3070 1139 3133 ferebant,
1177 3071 1484 3122 dedicatum

398 3144 799 3206 myrtei-umque
819 3139 965 3189 soliis
990 3139 1249 3202 velatum,
1280 3157 1348 3190 ne
1380 3141 1484 3191 sci-

396 3211 527 3261 licet
540 3210 842 3259 Mercurius
870 3208 1272 3274 ithyphallicus,
1300 3215 1482 3260 erecto

399 3280 609 3332 fascino
645 3283 1114 3343 repraesentatus,
1156 3280 1481 3345 conspicuus

399 3352 541 3401 foret
575 3349 909 3415 virginisque
945 3348 1286 3399 castissimae
1321 3350 1377 3399 in
1398 3366 1484 3399 sa-

399 3419 577 3471 crario
614 3419 751 3468 talia
777 3423 1120 3483 apparerent.
1192 3419 1316 3469 vid.
1345 3421 1485 3469 Pau-

401 3505 521 3540 san.
541 3489 589 3551 1,
616 3491 679 3539 27
710 3493 766 3538 et
796 3489 1003 3538 Stuart.
1032 3488 1255 3553 Antiqq.
1283 3489 1482 3541 Athen.

400 3559 448 3614 1.
476 3573 610 3640 pag.
649 3559 747 3609 471
796 3574 935 3608 vers.
976 3572 1225 3639 german.

467 3640 624 3684 oeric
660 3621 724 3676 δὲ
753 3620 824 3676 τὰ
859 3623 1159 3693 Καβείρων
1192 3618 1356 3692 ὄργια
1391 3641 1484 3692 με·

400 3689 629 3762 μύηται]
671 3690 942 3762 Καβειροι
977 3696 1230 3747 dicuntur
1266 3697 1343 3747 dii
1377 3712 1487 3746 ma-

402 3765 521 3830 gni,
559 3771 836 3829 potentes,
875 3766 966 3831 qui
993 3767 1050 3815 in
1074 3766 1485 3816 Samothracum

402 3833 574 3882 initiis
622 3833 897 3894 coluntur,
954 3835 1180 3885 multum
1225 3835 1486 3886 celebrati

401 3905 645 3950 veterum
705 3904 761 3951 in
823 3903 1196 3967 religionibus.
1285 3906 1353 3956 In
1402 3904 1487 3955 his

403 3969 618 4020 Cabiris
630 3971 1018 4020 samothraciis
1035 3978 1283 4036 quartum
1306 3973 1488 4024 locum

403 4037 646 4090 tenuisse
699 4043 917 4088 constat
960 4042 1221 4091 Oasmihcm
1269 4059 1315 4093 s.
1351 4043 1487 4092 Gad-

403 4109 588 4169 mttwn,
629 4107 856 4160 eundem
902 4109 1017 4157 fere
1066 4116 1229 4175 atque
1275 4113 1486 4161 Mercu-

403 4178 556 4235 rium,
596 4190 752 4257 quem
777 4177 933 4227 modo
958 4177 1318 4230 indicavimus
1346 4181 1486 4245 ithy-

404 4211 693 4309 phallicum
724 4246 782 4294 in
814 4247 1085 4311 mysteriis
1110 4249 1332 4311 cultum,
1370 4251 1484 4314 qui-

404 4314 506 4364 bus
551 4314 826 4364 initiatum
873 4315 1042 4367 fuisse
1087 4315 1347 4368 historiae
1391 4335 1486 4384 pa-

1562 1071 1700 1115 trem
1735 1065 1907 1115 multa
1948 1069 2206 1131 arguunt.
2278 1062 2386 1114 Sed
2435 1061 2502 1111 de
2552 1062 2652 1112 Ca-

1562 1136 1690 1185 biris
1722 1136 1859 1199 ipsis
1898 1134 1950 1184 h.
1983 1134 2021 1184 l.
2060 1134 2117 1183 in
2150 1134 2465 1185 universum
2490 1146 2655 1195 agere

1562 1219 1669 1253 non
1705 1210 1887 1254 vacat.
1960 1206 2044 1253 De
2069 1203 2312 1265 Cabiris,
2341 1201 2435 1267 qui
2469 1200 2524 1249 in
2553 1201 2653 1251 Sa·

1563 1273 1868 1323 mothracia
1922 1273 2200 1337 coluntur,
2262 1270 2544 1322 Herodoto
2592 1274 2654 1320 ut

1564 1343 1650 1392 hic
1700 1342 1852 1394 locus
1903 1341 2171 1403 declarat,
2233 1342 2369 1392 bene
2416 1339 2654 1404 cognitis

1568 1416 1691 1477 post
1726 1413 2050 1463 Creuzerum
2086 1411 2343 1475 (Dionys.
2382 1424 2507 1473 pag.
2554 1409 2656 1459 149

1571 1498 1687 1546 seq.
1724 1481 1965 1545 symbol.
2009 1481 2113 1531 111.
2160 1496 2212 1544 p.
2265 1480 2329 1530 17
2372 1493 2521 1542 seqq.
2566 1477 2653 1527 ed.

1570 1551 1725 1612 tert.)
1752 1556 1809 1601 et
1839 1549 2131 1615 Schelling.
2154 1549 2262 1614 (De
2283 1547 2655 1599 Samothrace.
2712 1572 2717 1577 ·

1572 1621 1828 1684 Mysterr.
1873 1636 1925 1685 p.
1965 1619 2032 1669 97
2070 1636 2185 1683 seq.
2239 1619 2337 1669 107
2391 1617 2529 1682 seq.)
2568 1633 2659 1667 ac-

1572 1694 1759 1740 curate
1800 1689 2056 1738 disseruit
2085 1688 2329 1739 Gerhard
2364 1686 2403 1738 l.
2452 1687 2491 1736 l.
2529 1702 2656 1751 pag.

1572 1758 1675 1808 208
1724 1774 1874 1824 seqq.
1929 1757 2031 1808 249
2089 1772 2239 1823 seqq.
2331 1756 2658 1821 Guigniaut:

1574 1826 1854 1890 Religions
1889 1828 1957 1877 de
1987 1825 2301 1892 l’antiquite
2328 1831 2436 1876 etc.
2475 1826 2542 1875 T.
2579 1825 2657 1874 II.

1575 1897 1638 1946 P.
1661 1896 1766 1945 111.
1803 1913 1855 1961 p.
1898 1897 2035 1947 1072
2061 1913 2235 1961 seqq„
2267 1895 2361 1946 ubi
2390 1893 2552 1945 simul
2580 1910 2661 1944 re·

1575 1970 1763 2016 censet
1793 1966 1977 2015 varias
2012 1966 2249 2016 virorum
2276 1965 2558 2015 doctorum
2593 1963 2662 2013 de

1574 2035 1659 2085 his
1701 2034 2010 2085 numinibus
2038 2036 2356 2096 sententias,
2384 2032 2662 2083 Welckeri

1576 2103 1857 2170 (Aeschyl.
1894 2103 2102 2168 Trilog.
2139 2120 2191 2168 p.
2220 2103 2324 2154 232
2357 2099 2559 2167 seqq.),
2597 2101 2660 2152 C.

1578 2174 1645 2225 O.
1686 2171 1934 2223 Muelleri
1981 2173 2335 2236 (Orchomen.
2385 2187 2511 2238 pag.
2559 2171 2665 2223 450

1577 2240 1775 2308 seqq.),
1816 2242 2079 2292 Lobeckii
2117 2240 2494 2307 (Aglaopham.
2534 2256 2661 2306 pag.

1582 2310 1716 2362 1202
1754 2310 1949 2377 seqq.),
1989 2311 2246 2362 aliorum:
2294 2326 2436 2375 quae
2484 2312 2668 2361 omnia

1580 2380 1776 2431 afferre
1821 2382 1890 2431 ab
1935 2381 2039 2430 hoc
2082 2381 2208 2432 loco
2260 2381 2496 2431 alienum
2543 2395 2668 2430 esse

1579 2450 1814 2500 videtur.
1925 2451 2114 2516 Neque
2174 2451 2317 2499 enim
2377 2466 2459 2501 me
2522 2449 2666 2513 fugit

1581 2534 1792 2570 omnem
1833 2517 1976 2569 hanc
2024 2519 2091 2570 de
2135 2518 2347 2570 Cabiris
2393 2520 2667 2583 quaestio-

1582 2604 1704 2639 nem
1739 2592 1930 2638 nostra
1972 2593 2154 2639 aetate
2198 2588 2363 2639 valde
2397 2587 2668 2652 discepta-

1581 2663 1695 2707 tam
1743 2671 1863 2707 esse
1905 2656 2175 2723 valdeque
2225 2663 2666 2709 controversam:

1580 2726 1725 2777 unde
1768 2725 1828 2776 id
1870 2732 2017 2777 certe
2063 2727 2193 2776 mihi
2240 2728 2459 2792 probari
2507 2742 2670 2792 posse

1582 2795 1827 2858 videtur,
1876 2795 2194 2847 cabirorum
2230 2797 2465 2862 indeque
2500 2797 2665 2847 etiam

1583 2863 1806 2916 Casmili
1846 2881 1890 2916 s.
1947 2866 2230 2930 Mercurii,
2292 2869 2385 2932 qui
2443 2871 2671 2933 quartus

1584 2934 1902 2986 Cabirorum
1920 2939 2032 2998 est,
2071 2951 2230 2986 sacra
2254 2952 2322 2986 ex
2346 2936 2555 2987 oriente
2591 2934 2667 2985 al-

1582 3005 1699 3055 lata
1736 3001 1819 3067 (ut
1834 3003 1922 3053 vel
1952 3020 2147 3056 nomen
2166 3006 2397 3072 indicat)
2423 3021 2544 3055 cum
2569 3006 2670 3054 Pe-

1582 3071 1753 3138 lasgis
1802 3074 2141 3138 tribuantur,
2206 3077 2356 3140 ipsos
2402 3073 2668 3138 Pelasgos

1580 3160 1648 3194 ex
1680 3142 1903 3192 orientis
1940 3145 2254 3208 regionibus
2293 3145 2351 3194 in
2395 3145 2669 3208 Europam

1584 3212 1974 3277 Graeciamque
2008 3215 2182 3278 ipsam
2216 3215 2492 3278 ingressos
2529 3226 2668 3275 esse,

1586 3287 1647 3333 ut
1682 3296 1846 3345 supra
1892 3281 1963 3331 ad
2006 3283 2051 3344 Ι,
2088 3284 2155 3334 57
2197 3283 2322 3334 coll.
2371 3282 2669 3347 posuimus.

1585 3351 1710 3405 Alia
1758 3350 1870 3400 vid.
1923 3355 2064 3401 nott.
2123 3351 2195 3402 ad
2254 3353 2360 3414 111,
2421 3351 2487 3402 37
2544 3350 2668 3401 coll.

1587 3420 1787 3472 Roeth:
1823 3419 2022 3472 Gesch.
2072 3420 2125 3470 d.
2175 3421 2385 3472 Philos.
2430 3421 2476 3471 1.
2528 3424 2669 3470 nott.

1589 3643 1726 3691 περ,
1775 3627 1919 3692 quod
1976 3642 2098 3677 eum
2144 3631 2366 3690 respuat
2412 3627 2671 3675 constans

1588 3696 1857 3749 Herodoti
1890 3712 2053 3759 usus,
2095 3695 2376 3746 meliorum
2410 3693 2671 3745 librorum

1590 3766 1920 3819 auctoritate
1943 3781 2064 3816 cum
2089 3764 2309 3817 Struvio
2332 3762 2583 3828 (Quaest.
2608 3763 2675 3813 de

1591 3836 1722 3889 dial.
1759 3836 1964 3886 Herod.
2013 3836 2060 3884 1.
2111 3851 2165 3900 p.
2221 3832 2303 3898 10)
2354 3833 2573 3896 reposui
2604 3828 2687 3880 οῖ’

1590 3920 1714 3986 περ.
1804 3904 1981 3955 Cobet
2012 3903 2124 3970 legi
2168 3901 2315 3952 vult:
2368 3895 2672 3966 Πελασγοὶ,

1591 3966 1794 4038 ωὑτοὶ,
1832 3972 2049 4052 τοίπερ.
2121 3973 2188 4022 In
2231 3970 2474 4037 proxime
2522 3975 2677 4020 ante-

1590 4043 1744 4095 cedd.
1779 4010 2066 4124 πρότερον
2115 4040 2303 4106 (prius)
2349 4040 2564 4104 accipio
2609 4039 2677 4088 de

1589 4112 1858 4176 Pelasgis,
1897 4112 2007 4177 qui,
2038 4115 2327 4175 antequam
2360 4109 2681 4160 inAttieam

1589 4182 1902 4247 migrarint,
1936 4180 2365 4231 Samothraciam
2385 4179 2679 4228 tenuerint.
2692 4241 2705 4251 ο

1590 4250 1747 4314 Quod
1781 4250 2117 4301 Herodotum
2174 4249 2355 4298 dicere
2400 4253 2569 4310 negat
2602 4247 2675 4296 H.

1586 4319 1776 4372 Riedel
1822 4318 2069 4384 (Iahrbb.
2102 4318 2142 4370 s.
2179 4316 2323 4368 Phil.
2352 4315 2540 4381 Suppl.
2577 4315 2673 4365 lv,
