3109 5092
1287 334 1541 397 CLIO.
1592 336 1643 395 I.
1686 343 1775 399 98.
2544 332 2664 394 219

389 509 612 580 Ταῦτά
662 487 746 598 κή
805 509 1113 594 λέγοντες
1173 517 1493 579 πείθουσι
1566 507 1859 589 ἑωυτοὺς
1903 507 2408 598 βασιλεύεσθαι.
2510 508 2653 580 Αὐ-
2673 524 2755 586 98

376 622 527 684 τίκα
562 614 636 683 δὲ
665 614 1263 702 προβαλλομένων,
1295 608 1529 682 ὅντινα
1564 613 1918 703 στήσονται
1946 614 2260 700 βασιλέα,
2298 608 2334 682 ὃ
2363 613 2658 703 Δηιόκης

377 711 463 808 ἦν
506 714 748 797 πολλὸς
791 711 925 784 ὑπὸ
960 712 1207 795 παντὸς
1245 713 1492 808 ἀνδρὸς
1534 720 1647 787 καὶ
1684 715 2223 806 προβαλλόμενος
2272 718 2383 786 καὶ
2432 718 2655 788 αἰνεό-

377 848 611 911 μενος,
659 822 727 900 §g
772 815 810 887 ὂ
857 824 1096 887 τοῦτον
1141 822 1567 890 καταινέουσι
1609 823 1888 908 βασιλέα
1935 826 2129 906 σφίσι
2177 818 2373 888 εἶναι.
2460 816 2531 888 ‘0
2588 819 2652 891 δ’

380 927 649 995 ἐκέλευε
694 919 940 1002 αὐτούς
974 927 1153 992 οίκιά
1187 950 1258 992 τε
1292 927 1523 1016 ἑωυτῷ
1564 921 1714 1006 ἄξια
1756 928 1872 1011 τῆς
1905 930 2260 1012 βασιληΐης
2299 928 2655 1013 οἰκοδομῆ-

380 1049 525 1113 σαι,
583 1028 693 1100 καὶ
743 1030 1068 1114 κρατῦναι
1118 1022 1326 1096 αὐτὸν
1375 1027 1838 1118 δορυφόροισι.
1917 1032 2180 1096 ποιεῦσι
2228 1023 2313 1115 δὴ
2347 1032 2556 1097 ταῦτα
2597 1034 2668 1097 oc

381 1137 628 1220 Μῆδοι.
677 1130 1148 1217 οἰκοδομέουσί
1168 1157 1239 1199 τε
1268 1128 1397 1221 γὰρ
1425 1127 1611 1223 αὐτῷ
1639 1138 1817 1201 οἰκία
1843 1128 2101 1219 μεγάλα
2142 1157 2212 1199 τε
2243 1131 2357 1198 καὶ
2394 1131 2657 1221 ἰσχυρὰ,

378 1240 493 1305 ἵνα
527 1231 726 1315 αὐτὸς
763 1240 1015 1322 ἔφρασε
1065 1239 1180 1322 τῆς
1220 1233 1472 1325 χώρης,
1530 1237 1640 1304 καὶ
1693 1231 2116 1323 δορυφόρους
2163 1229 2345 1326 αὐτῷ
2392 1236 2654 1321 ἐπιτρέ-

380 1358 582 1409 πουσι
618 1340 691 1407 ἐκ
734 1337 1007 1407 πάντων
1043 1336 1311 1426 Μήδων
1356 1341 1866 1421 καταλέξασθαι.
1939 1333 2011 1406 ‘0
2056 1337 2167 1418 δὲ,
2215 1332 2304 1417 ὥς
2333 1343 2487 1425 ’ἔσχε
2533 1336 2660 1427 τὴν

378 1439 621 1532 ἀρχὴν,
675 1438 830 1521 τούς
875 1439 1161 1530 Μήδους
1201 1439 1537 1530 ἠνάγκασε
1584 1447 1659 1511 ἓν
1701 1440 1992 1530 πόλισμα
2033 1439 2484 1529 ποιήσασθαι,
2546 1444 2658 1511 καὶ

379 1550 577 1614 τοῦτο
625 1547 1209 1634 περιστέλλοντας,
1261 1551 1398 1615 τῶν
1454 1542 1681 1615 ἄλλων
1726 1548 1927 1615 ἕσσον
1972 1548 2430 1633 ἐπιμέλεσθαι.
2508 1571 2653 1615 πει-

380 1651 695 1738 θομένων
728 1648 803 1718 δὲ
835 1650 944 1717 καὶ
973 1653 1182 1717 ταῦτα
1215 1654 1355 1719 τῶν
1387 1648 1687 1738 Μήδων,
1730 1651 2104 1737 οἰκοδομέει
2150 1656 2370 1736 τείχεα
2398 1648 2657 1738 μεγάλα

380 1780 450 1822 τε
495 1753 607 1820 καὶ
656 1751 980 1840 καρτερὰ,
1038 1756 1247 1821 ταῦτα
1301 1750 1382 1821 τὰ
1435 1758 1566 1823 νῦν
1602 1750 1974 1841 Ἀγβάτανα
2016 1756 2366 1840 κέκληται,
2427 1756 2660 1841 ἕτερον

1574 1956 1809 2005 Βτοᾱον.
1869 1972 1924 2020 p.
1984 1954 2084 2006 145
2142 1954 2329 2018 reponi
2376 1953 2494 2003 vult
2545 1946 2661 2003 ἐπι-

1574 2016 1879 2087 τράπουσι,
1957 2023 2102 2090 quod
2182 2023 2332 2074 dedit
2413 2023 2659 2074 Dietsch.

1573 2094 1723 2145 Idem
1756 2095 2001 2145 obtinere
2036 2094 2196 2144 video
2235 2094 2318 2156 11,
2371 2094 2472 2144 120
2513 2093 2663 2144 aliis-

1575 2181 1678 2230 que
1712 2165 1847 2215 locis
1886 2164 2030 2214 haud
2067 2163 2276 2229 paucis,
2303 2179 2437 2228 quos
2476 2178 2662 2214 omues

1572 2235 1844 2300 corrigere
1888 2235 2232 2284 temerarium
2282 2234 2471 2298 utique
2515 2233 2661 2286 vide-

1573 2309 1678 2367 tur,
1718 2322 1840 2356 cum
1875 2305 2188 2355 Herodotus
2226 2309 2456 2368 utraque
2493 2304 2668 2354 forma

1573 2376 1653 2425 uti
1692 2375 1949 2441 potuerit.

382 1953 513 2004 solis
551 1953 700 2018 agris
735 1952 976 2003 colendis
1013 1952 1203 2005 Medos
1241 1971 1469 2020 occupa-

380 2028 467 2073 tos
504 2023 674 2074 fuisse
709 2023 927 2073 minime
968 2021 1041 2072 sit
1087 2023 1387 2089 probabile.

714 2197 845 2246 CAP.
885 2197 1136 2247 XCVIII.

451 2289 664 2347 Αὐτίκα
701 2292 762 2348 δὲ
800 2295 1304 2366 προβαλλομένων,
1351 2286 1387 2347 ὅ
1401 2314 1465 2346 ν-

382 2383 539 2418 τινα
588 2359 889 2431 στήσονται
931 2365 1183 2435 βασιλέα]
1230 2368 1469 2419 Νἰωίιιω

378 2438 467 2490 hic
524 2436 1043 2490 Schellershemiano
1099 2438 1238 2489 libro
1297 2437 1471 2488 indul-

383 2509 522 2558 sisse
551 2507 805 2558 videntur
847 2509 1148 2574 Schweigh.
1201 2512 1255 2585 ej
1292 2507 1467 2560 Gaisf.

382 2578 682 2629 scribentes
719 2569 844 2626 τόν
879 2593 1040 2627 τινα
1077 2593 1175 2643 pro
1212 2592 1284 2626 ov
1321 2593 1466 2640 τινα,

381 2646 527 2714 quod
560 2647 617 2697 in
660 2647 885 2714 reliquis
930 2647 1085 2697 libris
1130 2662 1296 2698 manu
1338 2648 1470 2698 scri·

381 2718 492 2783 ptis
527 2720 583 2767 et
617 2716 781 2767 editis
815 2715 981 2782 vulgo
1022 2721 1317 2783 comparet.
1366 2719 1469 2768 Re-

380 2787 545 2837 tiuuit
615 2802 830 2852 quoque
899 2787 1130 2848 Matth„
1210 2786 1471 2851 probante

380 2857 595 2916 δικ-ατο,
636 2871 794 2922 quem
838 2855 962 2906 vide
998 2856 1280 2907 laudatum
1316 2857 1386 2906 ad
1423 2857 1469 2920 Ι,

380 2927 469 2978 90.
529 2917 831 2990 στήσονται
881 2925 1120 2977 futurum
1174 2942 1238 2977 eo
1290 2942 1470 2989 sensu,

382 2997 450 3046 de
485 3011 591 3061 quo
631 3011 795 3060 supra
828 2996 1033 3046 dictum
1067 2996 1139 3047 ad
1171 2996 1216 3057 1,
1255 2995 1341 3047 65.
1384 2997 1467 3047 11.

384 3067 468 3116 Tu
519 3071 698 3115 verte:
750 3082 1003 3132 quemnam
1043 3081 1226 3132 regem
1272 3097 1342 3106 —
1377 3065 1476 3116 sibi

1640 2473 1735 2528 καὶ
1772 2474 1943 2527 τοῦτο
1992 2475 2477 2541 περιστέλλοντας]
2531 2478 2567 2530 i.
2614 2492 2662 2527 e.
2727 2483 2736 2491 “

1570 2548 1662 2597 hoc
1712 2551 1992 2612 praecipue
2044 2556 2286 2597 curantes
2341 2563 2405 2596 ac
2452 2554 2666 2604 tuentes,

1572 2619 1630 2667 in
1666 2633 1776 2668 una
1809 2617 1944 2666 urbe
1990 2615 2273 2667 condenda
2315 2616 2664 2680 praecipuam

1573 2703 1727 2738 suam
1786 2701 1969 2736 curam
2015 2689 2297 2750 ponentes.
2372 2685 2527 2735 Conf.
2583 2684 2662 2746 ΙΙ,

1581 2756 1698 2807 147.
1737 2756 1844 2817 ΙΙΙ,
1884 2754 1971 2806 31.
2008 2755 2137 2806 Mox
2174 2769 2359 2804 omues
2402 2753 2529 2803 libri
2564 2741 2663 2817 ἦσ-

1578 2840 1700 2886 σον,
1734 2825 1888 2875 cuius
1924 2823 2047 2875 loco
2090 2818 2257 2874 ἕσσον
2306 2825 2665 2886 reposuerunt

1575 2900 1805 2946 recentt.
1846 2894 1966 2946 edd.
2008 2910 2130 2944 cum
2165 2891 2398 2944 Bredov.
2445 2910 2503 2958 p.
2539 2892 2662 2952 144,

1575 2981 1733 3031 quem
1775 2981 1876 3031 ego
1923 2980 2138 3030 quoque
2180 2967 2400 3013 secutus
2442 2979 2562 3014 sum
2610 2967 2665 3013 et

1574 3036 1627 3086 h.
1664 3035 1702 3086 l.
1742 3040 1798 3085 et
1835 3035 1912 3096 11,
1947 3034 1999 3097 6,
2024 3034 2119 3084 ubi
2152 3034 2265 3083 vid.

381 3138 616 3186 creaturi
645 3137 760 3186 sint.

453 3192 526 3270 ἦν
561 3196 772 3262 πολλὸς
799 3234 869 3243 -—
896 3195 1357 3271 προβαλλόμενος
1378 3199 1472 3253 καὶ

381 3265 734 3341 αἰνεόμενος]
770 3274 1055 3340 Participii
1098 3290 1252 3325 usum
1292 3274 1347 3323 iu
1383 3274 1468 3324 his

385 3344 715 3397 dictionibus
753 3343 961 3408 aliquot
992 3343 1252 3409 exemplis
1288 3344 1475 3394 docuit

384 3413 583 3467 Matth.
626 3416 676 3476 §-
717 3415 846 3494 55⁴³,
873 3414 925 3463 h.
1005 3453 1018 3465 .
1053 3408 1205 3476 1087;
1250 3413 1345 3463 ubi
1385 3414 1472 3463 iti-

384 3485 506 3537 dem
546 3487 673 3548 post
709 3482 887 3541 πολυς
934 3430 1081 3534 εἶναι
1125 3483 1471 3549 participium

382 3553 1473 3676 {332¹fflsssshssliussp⁸305⁸1issl⁶u¹sst¹2tpssi

383 3691 618 3760 siugulis
656 3692 972 3757 explicetur.
1012 3692 1148 3743 Add.
1198 3692 1470 3742 Kuehuer.

386 3765 483 3816 Gr.
522 3763 616 3814 Gr.
659 3765 709 3826 g.
751 3762 871 3825 661,
911 3763 1067 3813 VIII.
1107 3762 1325 3812 Latini:
1360 3762 1472 3824 fre-

384 3848 542 3899 quens
578 3830 642 3881 ab
680 3847 970 3898 unoquoque
1005 3835 1113 3883 viro
1157 3832 1474 3894 proponeba-

380 3911 468 3954 tur
492 3909 544 3951 et
576 3901 887 3952 laudabatur
923 3902 1151 3953 Deioces.
1199 3902 1286 3950 Tu
1326 3900 1471 3950 conf.

381 3972 514 4031 VII,
565 3971 681 4020 158.
730 3970 829 4033 IX,
874 3969 963 4021 91.
1038 3970 1195 4031 Quod
1231 3970 1476 4034 sequitur

383 4031 441 4097 ἐς
480 4034 530 4101 ὃ,
566 4039 642 4088 nil
680 4039 785 4089 nisi
820 4040 1003 4102 donec,
1040 4039 1118 4090 bis
1152 4040 1276 4090 dass
1310 4039 1476 4105 signi-

383 4111 551 4162 ficare
610 4108 798 4159 docuit
862 4111 1061 4160 Sti-uve
1124 4110 1351 4171 Quaest.
1412 4107 1477 4157 de

384 4179 607 4230 dialect.
636 4178 842 4229 Herod.
877 4179 1036 4243 Spec.
1069 4178 1115 4228 1.
1154 4194 1208 4243 p.
1233 4178 1296 4226 41
1323 4192 1476 4243 seqq.

385 4248 944 4300 omuibus'Herodoti
984 4247 1119 4298 locis
1166 4245 1369 4296 allatis.
1407 4273 1478 4282 —
1540 4293 1545 4298 .

387 4320 457 4369 Iu
501 4333 652 4381 seqq.
705 4308 1070 4380 ἐπιτρέπουσι
1121 4331 1307 4366 omnes
1353 4315 1478 4366 reti-

385 4391 523 4442 nent
569 4384 698 4436 libri
756 4385 975 4454 scripti,
1037 4386 1234 4453 quibus
1287 4384 1477 4436 invitis

1644 3119 1823 3171 ταῦτα
1864 3111 1932 3170 τὰ
1968 3118 2077 3170 νῦν
2119 3109 2424 3186 Ἀγβάτανα
2469 3115 2663 3197 κέκλή-

1576 3206 1685 3256 ται,
1722 3186 1917 3253 ἕτερον
1956 3182 2122 3255 ἑτέρῳ
2172 3180 2358 3245 κύκλῳ
2406 3181 2663 3238 ένεστεω-

1576 3259 1666 3325 τα]
1696 3251 2001 3326 Ἀγβάτανα
2035 3276 2063 3310 ο
2102 3259 2247 3309 binis
2282 3257 2457 3320 libris,
2495 3256 2666 3307 Medi·

1577 3347 1673 3382 ceo
1711 3329 1928 3395 alioque
1959 3328 2302 3388 restitutum,
2342 3333 2403 3377 ut
2445 3327 2491 3386 Ι,
2546 3327 2662 3402 110.

1581 3399 1699 3452 153.
1738 3400 1843 3462 111,
1879 3399 1964 3450 62.
1990 3397 2184 3449 64.92.
2221 3394 2439 3460 Reliqui
2465 3391 2663 3459 Ἐκβα-

1575 3484 1744 3532 τανα,
1803 3468 1948 3533 quod
2006 3471 2155 3515 recte
2219 3466 2413 3529 opinor
2478 3462 2665 3513 reiecit

1574 3537 1997 3602 Wesselingius‚
2047 3534 2376 3585 auctoritate
2429 3531 2664 3582 confisus

1575 3608 1840 3672 Stephani
1863 3605 2157 3671 Byzantini
2192 3619 2244 3668 p.
2288 3604 2369 3664 12,
2404 3602 2497 3664 qui
2533 3600 2666 3650 alte-

1576 3693 1689 3728 ram
1728 3676 2053 3740 scripturam
2098 3672 2313 3737 probat.
2385 3670 2509 3720 vid.
2546 3673 2661 3720 not.

1576 3750 1819 3797 nostram
1849 3744 1916 3794 ad
1942 3743 2157 3793 Ctesiae
2177 3743 2455 3804 Excerptt.
2478 3742 2662 3790 Perss.

1576 3821 1628 3880 §-
1664 3818 1715 3865 2.
1756 3830 1882 3879 pag.
1908 3812 1995 3863 88.
2033 3810 2423 3862 Add.Passov.
2451 3808 2663 3859 Melett.

1578 3886 1785 3937 critice.
1835 3884 1893 3933 in
1937 3879 2192 3946 Aeschyli
2245 3880 2400 3929 Pers.
2463 3895 2516 3944 p.
2573 3876 2660 3929 48.

1577 3955 1810 4006 Bredov.
1850 3969 1904 4018 p.
1952 3951 2065 4011 100,
2117 3950 2210 4015 qui
2255 3949 2397 3999 hauc
2440 3948 2667 3999 formam

1579 4024 1697 4089 (per
1733 4014 1863 4088 Ἀγ.)
1915 4020 2058 4087 apud
2113 4019 2453 4070 Herodotum
2506 4017 2667 4069 unice

1582 4092 1862 4144 ferendam
1897 4107 2018 4142 esse
2053 4095 2201 4141 recte
2236 4089 2667 4152 statuit;·atque

1582 4163 1718 4213 facit
1766 4163 1872 4212 huc
1924 4161 2066 4211 idem
2117 4175 2342 4221 nomen,
2391 4156 2550 4223 quale
2610 4156 2667 4204 iu

1582 4234 1754 4283 Esrae
1786 4231 1925 4281 libro
1960 4231 2057 4292 VI,
2099 4230 2152 4280 2.
2189 4229 2451 4292 scriptum
2485 4227 2667 4276 exstat

1583 4317 1823 4386 Μῃῖξηὲξ
1874 4316 1996 4369 coll.
2054 4314 2178 4364 libri
2225 4311 2427 4364 Iudith.
2486 4309 2665 4371 initio,

1582 4386 1677 4437 ubi
1706 4384 1987 4439 Medorum
2022 4399 2117 4434 rex
2134 4378 2463 4449 Arpbaxada
2493 4378 2668 4430 Ecba-
