3109 5092
1087 370 1591 430 EUTERPE.
1635 373 1721 434 11.
1769 382 1859 438 99.

334 545 587 626 ἔχεται,
659 538 1125 629 φρασσόμενος
1169 538 1300 611 ἀνὰ
1338 547 1475 612 πᾶν
1521 548 1687 624 ἔτος.

2484 374 2607 437 643

1784 550 1848 613 εἰ
1887 542 2015 634 γὰρ
2059 543 2371 634 ἐθελήσει
2401 544 2602 636 ῥήξας

331 637 712 732 ὑπερβῆναι
750 639 786 712 ὁ
814 641 1108 731 ποταμὸς
1133 645 1376 734 ταύτῃ,
1422 651 1744 726 κίνδυνος
1770 646 1950 737 πάσῃ
1990 650 2234 736 Μέμφι
2262 658 2597 717 κατακλυ-
2616 713 2634 727 ,

327 750 591 833 σθῆναί
612 748 770 815 ἐστι.
858 742 948 826 ὥς
987 747 1063 815 δὲ
1096 752 1190 839 τῷ
1215 753 1409 836 Μῆνι
1450 748 1667 842 τούτῳ
1707 756 1801 844 τῷ
1829 748 2072 844 πρώτῳ
2101 752 2443 845 γενομένῳ
2473 759 2595 840 βα-

328 850 507 916 σιλέι·
527 851 768 938 χέρσον
797 853 1151 936 γεγονέναι
1178 847 1254 919 τὸ
1282 847 1708 941 ἀπεργμένον
1724 905 1743 939 ,
1783 858 1981 922 τοῦτο
2009 854 2135 942 μὲν
2161 856 2237 923 έν
2263 850 2447 946 αὐτῷ
2474 852 2597 922 πό-

328 960 439 1020 λιν
466 958 687 1020 κτίσαι
725 951 1016 1040 ταύτην,
1068 948 1211 1041 ἥτις
1236 959 1369 1023 νῦν
1406 956 1690 1043 Μέμφις
1719 958 2026 1025 καλέεται
2046 979 2059 992 ·

327 1152 518 1215 alveo,
565 1153 669 1202 alio
701 1166 898 1201 curcum
931 1151 1132 1216 dir-1911,
1168 1152 1262 1217 qui
1296 1167 1417 1218 pro-

329 1222 546 1272 hibetur
580 1236 744 1271 cursu
787 1219 956 1284 priori
993 1221 1211 1285 alioque
1249 1222 1415 1272 fluere

327 1297 556 1341 coactus
583 1296 686 1340 est.
755 1288 1165 1340 Rennelius·ad
1195 1306 1412 1342 sensum

326 1360 474 1409 haud
509 1359 649 1409 male
685 1359 764 1409 sic
798 1357 1006 1408 reddit:
1056 1360 1226 1409 dieser
1260 1361 1413 1426 abac·

322 1429 550 1493 qrabene
595 1429 799 1479 Winkel
842 1429 933 1477 cles
978 1429 1066 1477 Nic
1111 1427 1168 1492 (1.
1206 1427 1244 1479 l.
1283 1445 1411 1494 pag.

327 1498 476 1564 (502).
548 1499 737 1563 Neque
782 1497 941 1547 aliter
973 1497 1194 1562 Lhardy
1232 1498 1325 1563 (ad
1365 1500 1412 1562 1,

329 1569 419 1632 72)
473 1567 540 1617 de
597 1583 661 1617 eo
712 1566 823 1618 Nili
869 1566 1092 1618 brachio
1138 1567 1414 1633 intelligit,

327 1637 472 1702 quod
500 1652 535 1689 a
567 1637 734 1701 priori
768 1634 1012 1713 (vetere)
1015 1636 1175 1687 alveo
1197 1653 1413 1700 separa-

328 1717 428 1757 tum
475 1707 622 1768 fluit,
667 1709 731 1755 ut
781 1721 906 1755 mox
955 1697 1019 1754 τὸ
1056 1696 1415 1770 ἀπεργμένον

327 1776 396 1825 de
427 1791 495 1825 ea
540 1782 720 1826 terrae
754 1779 937 1840 parte,
991 1775 1048 1823 in
1094 1790 1254 1840 quam
1306 1790 1413 1841 quo

327 1846 505 1895 minus
539 1844 737 1894 fluvius
773 1857 946 1910 aquas
983 1858 1112 1894 suaa
1150 1844 1413 1895 coniiciat

324 1914 614 1979 impeditus
650 1919 751 1964 est.
816 1912 989 1964 Aliter
1017 1915 1238 1964 Bunsen
1275 1912 1313 1964 l.
1351 1912 1411 1977 1.,

323 1985 418 2049 qui
453 1984 534 2034 sic
569 1984 799 2048 accipit:
839 1981 1025 2046 „diese
1042 1983 1294 2048 Biegung
1313 1982 1409 2033 des

323 2053 474 2115 Nile,
522 2052 723 2104 welche
761 2050 904 2117 (vom
944 2052 1191 2117 Damme)
1227 2053 1408 2118 einge-

324 2125 541 2187 zwitngt
575 2122 777 2172 lauftst‘
811 2151 882 2161 --
917 2121 1003 2173 Ad
1044 2123 1219 2185 ipsam
1253 2122 1406 2171 vocis

327 2193 555 2242 formam
594 2191 840 2242 Ionicam
880 2190 1218 2255 (of.1,154
1265 2190 1404 2254 etc.)

324 2260 505 2312 omnia
566 2261 719 2311 dabit
781 2259 1016 2311 BredoV.
1087 2275 1226 2339 pag.
1286 2258 1404 2311 153.

325 2322 720 2394 φρασσόμενος
779 2329 978 2379 dieitur
1027 2327 1137 2379 Nili
1193 2320 1404 2393 ἀγκών,

323 2403 592 2465 quatenus
627 2398 917 2465 quotannis
968 2399 1208 2449 munitur
1249 2404 1404 2462 septo

322 2468 409 2518 vel
442 2469 624 2532 potius
678 2471 888 2532 septum
928 2466 1153 2533 (agger)
1201 2473 1408 2518 exstru-

324 2543 472 2588 ctum
504 2538 799 2603 quotannis
817 2537 1075 2599 invisitur
1100 2542 1175 2599 et,
1209 2535 1407 2601 siquid

322 2622 497 2726 3232.
533 2605 1046 2738 22⁶3322.„.¹3”533.
1069 2606 1225 2725 ¹233
1252 2606 1409 2736 3332:

319 2745 415 2795 liele
444 2744 857 2810 moeqebessert.“

390 2810 445 2864 εἰ
475 2807 581 2879 γὰρ
617 2804 874 2877 ἐθελήσει
923 2804 1100 2878 ἆήξας
1144 2826 1194 2861 κ.
1242 2825 1291 2860 τ.
1327 2808 1400 2875 λ.]

321 2883 407 2932 Ad
450 2882 778 2935 locutionem
826 2883 973 2932 conf.
1025 2886 1166 2931 nott.
1215 2879 1286 2930 ad
1323 2879 1401 2943 11,

327 2953 408 3003 14.
447 2953 493 3015 1,
517 2952 604 3003 32.
646 2943 824 3015 ὄήξας
846 2950 965 3002 scil.
996 2964 1268 3016 aggerem,
1295 2963 1401 3014 quo

319 3022 376 3071 in
412 3021 574 3073 alium
613 3020 826 3071 alveum
850 3021 1046 3070 fluvius
1073 3020 1267 3070 ductus
1286 3023 1404 3068 erat

321 3105 490 3155 coque
511 3090 913 3142 continebatur.
951 3082 1147 3155 ταύτῃ,
1184 3088 1223 3139 i.
1250 3103 1299 3137 e.
1339 3102 1404 3137 ea

321 3164 501 3225 parte,
560 3175 669 3224 qua
714 3159 863 3224 prius
909 3159 1085 3209 undas
1126 3156 1403 3220 volvebat,

320 3243 426 3295 quo
472 3230 528 3278 in
578 3227 700 3279 loco
749 3228 1024 3278 exsiccato
1071 3242 1214 3278 nunc
1274 3226 1403 3276 urbs

317 3297 584 3362 Memphis
630 3301 749 3346 erat
794 3300 1094 3347 exstructa.
1173 3294 1406 3346 wilkin-

322 3382 512 3418 aonum
569 3365 706 3416 haec
761 3370 1090 3415 tractantem
1143 3365 1403 3415 Manners

324 3442 431 3487 etc.
470 3435 516 3486 Ι.
554 3450 607 3499 p.
644 3433 714 3485 90
749 3435 797 3483 si
828 3435 1105 3495 andimus,
1156 3435 1248 3487 vix
1284 3438 1407 3484 tan-

322 3515 436 3555 tum
471 3503 598 3554 inde
643 3503 943 3567 periculum
984 3470 1106 3553 urbi
1142 3504 1404 3554 exsistere

322 3572 528 3640 potuit,
561 3573 716 3623 cuius
739 3573 898 3623 modo
921 3579 1106 3637 partes
1137 3571 1404 3637 quaedam

322 3643 607 3693 inferiores
644 3641 1025 3692 detrimentum
1071 3647 1186 3691 tum
1234 3641 1405 3705 cepis-

323 3716 471 3775 sent,
509 3710 557 3760 si
593 3710 704 3762 Nili
742 3726 917 3776 aquae
953 3710 1193 3761 effractis
1238 3724 1403 3774 agge·

322 3783 472 3833 ribus
508 3795 569 3831 se
603 3779 765 3829 nimis
800 3780 1133 3832 effudissent.

389 3841 683 3915 γεγονέναι
728 3840 792 3897 τὸ
841 3840 1223 3912 ἀπεργμένον]
1263 3848 1299 3897 ἰ.
1350 3862 1400 3898 e.

320 3923 367 3971 is
412 3926 608 3970 traam
666 3925 871 3981 terrae,
927 3918 1060 3968 unde
1099 3918 1278 3981 fluvius
1313 3932 1400 3981 ay-

314 4004 439 4054 9ere
460 3988 746 4038 obstructo·
726 4003 826 4036 tam
849 3985 1128 4049 prohibitus
1144 3992 1236 4043 ese,
1263 4001 1402 4049 quem

315 4059 571 4124 perfluere
617 4058 827 4120 amem
862 4072 960 4107 non
1006 4057 1182 4117 pontit.
1213 4078 1283 4089 —
1314 4052 1402 4104 Ad

320 4131 649 4178 structuram
685 4141 764 4187 ex
805 4122 1090 4175 antecedd.
1134 4119 1309 4187 suppl.
1347 4116 1409 4171 οἱ

320 4188 469 4276 ἱρέες
502 4190 712 4258 ἔλεγον.

388 4257 559 4315 πόλιν
596 4261 782 4313 κτίσαι
829 4253 1073 4325 ταύτην,
1123 4248 1249 4324 ἥτις
1295 4257 1407 4309 νῦν

319 4330 558 4398 Μέμφις
570 4324 847 4397 καλέεται]
864 4332 947 4380 De
979 4330 1083 4381 hac
1102 4328 1234 4379 urhe
1250 4328 1408 4379 multi

321 4400 514 4452 multa.
580 4399 695 4452 Nos
732 4399 799 4450 de
836 4400 955 4463 ipso
993 4399 1141 4449 urbis
1163 4397 1285 4449 loco
1323 4402 1406 4448 at-

2145 962 2284 1026 ἔστι
2318 953 2446 1045 γὰρ
2484 957 2598 1026 καὶ

1517 1170 1625 1220 que
1666 1156 1884 1207 nomine
1930 1155 2195 1221 quaedam
2253 1157 2342 1208 hic
2387 1157 2601 1213 notabi-

1515 1239 1656 1275 mus.
1724 1226 1865 1276 Nam
1901 1225 2067 1276 situm
2102 1226 2220 1277 eius
2255 1227 2407 1277 vario
2439 1227 2600 1278 modo

1514 1294 1828 1344 indicarunt
1860 1294 1965 1344 viri
2011 1295 2181 1356 docti3
2231 1311 2457 1361 quorum
2505 1297 2599 1362 qui

1515 1362 1662 1428 apud
1699 1363 1868 1415 Gizeh
1906 1379 1954 1415 s.
1989 1332 2219 1426 Djizali,
2270 1363 2416 1430 qnod
2451 1380 2597 1415 nunc

1514 1438 1770 1495 vocatur,
1827 1432 1884 1481 in
1932 1432 2263 1483 occidentali
2316 1434 2427 1485 Nili
2479 1434 2598 1498 ripa

1516 1501 1792 1567 Memphin
1861 1500 2135 1552 conditam
2196 1502 2367 1553 fuisse
2423 1502 2599 1568 perhi-

1518 1570 1676 1633 bent,
1733 1571 1771 1619 ii
1824 1570 1912 1621 vel
1960 1571 2140 1622 Plinio
2192 1577 2334 1622 teste
2370 1571 2471 1636 (H.
2523 1573 2594 1624 N.

1515 1608 1771 1703 XXXVI,
1804 1639 1893 1704 16)
1932 1641 2129 1691 erroris
2164 1642 2319 1706 argui
2345 1646 2594 1705 possunt.

1515 1710 1589 1759 Et
1622 1709 1796 1759 secuti
1833 1714 1962 1759 sunt
2009 1708 2102 1759 alii
2137 1711 2593 1774 peregrinatores,

1514 1780 1610 1842 qni
1646 1779 1716 1828 ab
1751 1779 1859 1827 isto
1903 1777 2027 1829 loco
2073 1779 2351 1829 meridiem
2403 1794 2593 1829 versus

1513 1845 1882 1911 proficiscenti
1910 1846 2186 1912 Memphin
2222 1849 2382 1897 sitam
2422 1848 2595 1897 fuisse

1515 1920 1799 1967 censerent
1856 1916 1925 1965 iis
1973 1916 2028 1965 in
2086 1915 2251 1978 lociS,
2309 1916 2404 1973 ubi
2450 1918 2592 1968 nunc

1507 1990 1726 2035 exstant
1759 1985 1872 2035 vici
1906 1984 2021 2033 bini
2048 1983 2376 2049 Murahenny
2397 1990 2452 2036 et
2476 1986 2584 2036 Mo·

1507 2055 1710 2105 kunnan
1730 2054 1847 2104 sive
1873 2054 2325 2107 Monam-Ramnete
2359 2059 2416 2105 et
2443 2055 2594 2106 Mok-

1507 2124 1671 2176 huam.
1771 2124 1925 2184 Quae
1954 2162 1959 2165 .
1984 2124 2258 2174 sententia
2315 2122 2593 2177 Gallorum

1510 2207 1724 2258 qnoque
1777 2192 2059 2243 doctorum
2117 2208 2400 2244 assensum
2445 2192 2592 2255 tulit,

1506 2263 1564 2311 in
1599 2262 1721 2327 ipsa
1753 2260 1879 2312 loca
1913 2265 2170 2313 accurate
2188 2262 2592 2327 inquirentium,

1508 2332 1590 2381 ita
1626 2337 1688 2380 ut
1724 2332 1841 2382 iure
1876 2332 2194 2396 acquiscere
2229 2334 2428 2397 possis.
2462 2332 2590 2384 vid.

1508 2398 1807 2465 Champoll.
1848 2401 2117 2465 L'Egypt.
2158 2416 2306 2451 sous.
2351 2401 2391 2452 l.
2422 2399 2590 2452 Phar.

1511 2470 1559 2519 1.
1591 2485 1716 2534 pag.
1754 2469 1856 2521 342
1885 2484 2037 2535 seqq.
2076 2473 2131 2520 et
2159 2485 2286 2535 pag.
2322 2470 2424 2521 347
2455 2485 2593 2534 seq„

1507 2539 1788 2589 Mannert:
1820 2538 2127 2603 Geograph.
2150 2538 2202 2589 d.
2219 2539 2377 2590 Gr.u.
2400 2539 2588 2589 Roem.
2636 2546 2656 2562 ¹

1508 2608 1577 2670 X,
1615 2608 1663 2657 l.
1701 2622 1830 2672 pag.
1879 2608 1983 2657 450
2027 2606 2152 2657 coll.
2203 2621 2323 2656 cum
2363 2606 2588 2658 Rennel.

1509 2692 1562 2740 p.
1601 2674 1709 2728 599
1739 2690 1890 2739 seqq.
1930 2679 1985 2725 et
2020 2675 2434 2726 Schlichthorst.
2473 2674 2511 2724 l.
2549 2673 2588 2727 l.

1507 2760 1635 2809 pag.
1678 2743 1748 2793 89
1783 2758 1963 2808 seqq.;
1997 2745 2235 2794 omnium
2269 2759 2399 2794 vero
2431 2758 2594 2794 accu-

1504 2812 1781 2865 ratissime
1806 2812 1873 2862 de
1904 2811 2008 2863 hac
2029 2812 2162 2862 urbe
2179 2827 2324 2862 nunc
2345 2813 2590 2877 disputat

1505 2882 1658 2933 Cless
1694 2882 1779 2932 in:
1817 2880 1993 2947 Pauly
2028 2881 2446 2947 Realencyclop.
2489 2882 2587 2933 IV.

1505 2968 1561 3017 p.
1616 2950 1747 3003 1766
1793 2966 1945 3016 seqq.
2015 2951 2164 3014 Quos
2211 2951 2359 3002 viros
2396 2952 2589 3002 doctos

1506 3019 1823 3081 consulant,
1871 3020 1962 3085 qui
1996 3019 2155 3085 plura
2189 3020 2257 3071 de
2292 3020 2443 3071 urbis
2478 3036 2591 3071 ma-

1505 3090 1789 3155 gnitudine
1825 3094 1881 3139 et
1915 3089 2203 3154 splendore
2236 3090 2452 3141 edoceri
2497 3106 2590 3141 cu-

1504 3160 1686 3224 piant,
1738 3159 1806 3209 ab
1842 3158 2108 3209 Herodoti
2141 3159 2591 3225 interpretatione

1504 3228 1651 3279 haud
1679 3230 1792 3279 scio
1815 3243 1886 3278 an
1918 3229 2079 3279 nimis
2112 3227 2307 3280 aliena.
2379 3229 2592 3281 N‘omen

1503 3298 1655 3349 urbis
1694 3298 1774 3348 sic
1811 3299 2203 3362 interpretatur
2237 3297 2588 3349 Iablonskius

1506 3366 1685 3429 (vocc.
1722 3367 1894 3430 Aegg.
1933 3381 2059 3430 pag.
2099 3364 2243 3430 137),
2279 3368 2351 3415 ‘ut
2389 3369 2590 3429 plenam

1505 3435 1741 3486 bonorum
1775 3434 2069 3499 intelligat.
2129 3434 2246 3485 Nec
2266 3433 2494 3483 multum
2516 3433 2588 3482 ab

1505 3519 1570 3554 eo
1606 3503 1811 3554 recedit
1845 3500 2147 3567 Champoll.
2195 3502 2233 3552 l.
2282 3502 2321 3553 l.
2372 3517 2428 3566 p.
2467 3500 2587 3562 363,

1506 3572 1601 3637 qui
1633 3574 1732 3622 loci
1773 3571 1891 3621 bom·
1931 3570 2384 3635 significationem
2423 3570 2481 3619 in
2524 3584 2592 3618 ea

1507 3655 1643 3691 voce
1701 3641 1880 3691 inesse
1940 3639 2233 3690 existimat.
2320 3639 2591 3689 Graecum

1505 3724 1635 3760 vero
1676 3724 1873 3760 nomen
1926 3709 2093 3759 refert
2143 3707 2214 3758 ad
2261 3706 2591 3772 Aegyptium

1507 3778 1662 3841 Mefl,
1712 3793 1818 3843 quo
1865 3775 1960 3827 illa
2008 3778 2139 3827 urbs
2187 3778 2257 3827 ab
2303 3776 2589 3840 Aegyptiis

1504 3862 1693 3897 revera
1728 3846 1894 3897 fuerit
1925 3846 2189 3897 vocitata.
2260 3845 2328 3895 In
2350 3845 2591 3896 Hebrae-

1504 3931 1655 3969 orum
1700 3915 1876 3966 literis
1919 3920 2150 3965 vocatur
2193 3914 2361 3977 Noph,
2408 3913 2587 3977 Moph.

1501 3984 1670 4036 Plura
1715 3986 1913 4036 Gesen.
1972 3983 2042 4034 ad
2087 3984 2252 4035 Iesai.
2302 3983 2452 4045 XIX,
2501 3982 2587 4034 13.

1505 4070 1636 4120 pag.
1672 4053 1794 4106 622.
1868 4053 1997 4117 Ipsa
2039 4052 2434 4118 Aegyptiorum
2481 4068 2591 4103 mo-

1504 4129 1768 4175 numenta
1806 4137 2000 4173 nomen
2035 4121 2185 4172 urbis
2228 4122 2374 4172 notis
2419 4121 2592 4172 hiero-

1507 4192 1777 4257 glyphicis
1804 4190 2133 4242 delineatum
2163 4191 2419 4241 exhibent
2442 4191 2591 4240 Men·

1505 4262 1657 4325 nofre
1684 4278 1730 4312 s.
1759 4261 1909 4312 Men·
1913 4262 2031 4323 παῤ,
2059 4259 2244 4311 unde·
2230 4275 2405 4325 ipsum
2426 4260 2591 4311 Grae-

1508 4345 1631 4380 cum
1656 4345 1853 4381 nomen
1883 4329 2174 4380 deductum
2199 4328 2409 4391 volunt,
2446 4326 2591 4393 quod

1509 4403 1651 4450 teste
1689 4397 1982 4451 Plutarcho
2036 4397 2105 4448 de
2151 4397 2287 4448 Isid.
2336 4400 2390 4446 et
2443 4396 2588 4446 Osir.

2041 4477 2177 4540 41*
