3109 5092
296 1681 415 1744 188

437 373 559 435 374

1300 367 1838 430 HERODOTI

435 552 660 614 NON.
725 532 940 623 Οὗτος
981 537 1256 631 ὅτάφος
1297 532 1383 630 ἦν
1410 538 1759 630 ἀκίνητος,
1801 545 1994 632 μέχρι
2034 531 2117 611 οὗ
2162 537 2229 621 ἐς
2257 551 2557 631 Δαρεῖον
2587 567 2707 610 πε-

433 654 673 739 ριῆλθε
715 641 756 736 ἦ
797 653 1132 735 βασιληΐη.
1202 650 1475 738 Δαρείῳ
1518 644 1594 714 δὲ
1637 646 1750 713 καὶ
1791 643 2020 715 δεινὸν
2069 642 2298 727 ἐδόκεε
2340 644 2514 715 εἶναι
2556 651 2708 736 τῇσι

430 750 680 839 πύλῃσι
703 750 980 839 ταύτῃσι
1010 748 1225 839 μηδὲν
1250 750 1572 837 χρέεσθαι
1590 769 1605 784 ·
1662 750 1772 817 καὶ
1805 747 2165 839 χρημάτων
2194 752 2529 837 κειμένων
2547 798 2564 833 ,
2593 750 2707 818 καὶ

430 851 655 924 αὐτῶν
681 858 819 922 τῶν
847 853 1203 942 χρημάτων
1232 848 1790 939 ἐπικαλεομένων,
1820 851 1909 941 μὴ
1938 848 2021 920 οὗ
2047 860 2282 941 λαβεῖν
2310 849 2500 921 αὐτά.
2547 858 2704 943 τῇσι

430 958 505 1027 δὲ
535 955 783 1045 πύλῃσι
811 956 1091 1046 ταύτῃσι
1130 951 1335 1024 οὐδὲν
1364 951 1602 1042 ἐχρᾶτο
1627 960 1828 1025 τοῦδε
1859 961 2113 1040 εἵνεκα,
2156 953 2257 1024 ὅτι
2285 951 2461 1043 ὑπὲρ
2489 982 2702 1043 κεφα-

429 1066 546 1149 λῆς
570 1065 641 1129 os
675 1056 933 1147 ἐγίνετο
960 1056 997 1128 ὁ
1025 1057 1264 1148 νεκρὸς
1293 1056 1811 1139 διεξελαύνοντι.
1877 1057 2142 1141 ἀνοίξας
2184 1059 2260 1127 δὲ
2315 1056 2435 1127 τὸν
2487 1059 2707 1146 τάφον

431 1155 587 1253 εὗρε
630 1161 929 1254 χρήματα
973 1162 1098 1252 μὲν
1137 1159 1252 1247 οὔ,
1308 1158 1428 1231 τὸν
1471 1160 1546 1230 δὲ
1593 1159 1839 1251 νεκρὸν
1877 1163 1989 1231 καὶ
2029 1161 2384 1251 γράμματα
2430 1164 2709 1248 λέγοντα

426 1266 621 1337 τάδε·
678 1274 785 1335 ΕΙ
815 1273 971 1335 ΜΗ
1010 1272 1537 1334 ΑΠΛΗΣΤΟΣ
1583 1271 1698 1332 ΤΕ
1731 1273 1928 1333 ΕΑΣ
1959 1272 2502 1334 ΧΡΗΜΑΤΩΝ
2539 1272 2712 1333 ΚΑΙ

432 1376 1202 1450 AIEXPOKEPAHZ,
1266 1374 1453 1435 ΟΤΙ(
1492 1374 1635 1435 ΑΝ
1672 1375 2069 1437 ΝΕΚΡΩΝ
2108 1375 2439 1436 ΘΗΚΑΣ
2472 1374 2701 1435 ΑΝΕ-

432 1479 731 1541 ΩιΓΕΣ.
811 1468 1001 1558 Αὕτη
1042 1473 1167 1559 μέν
1212 1497 1345 1539 νυν
1385 1464 1426 1557 ἦ
1468 1476 1779 1557 βασίλεια
1817 1470 2091 1559 τοιαύτη
2134 1498 2234 1551 τις
2278 1473 2543 1558 λέγεται
2588 1497 2702 1557 γε·

428 1578 696 1646 νέσθαι.

498 1831 568 1892 οὖ
602 1831 710 1906 γὰρ
746 1829 1003 1906 ἄμεινον]
1042 1840 1079 1890 i.
1120 1854 1168 1889 e.
1206 1853 1364 1905 neque
1391 1840 1517 1889 enim

422 1911 674 1975 proderit.
733 1908 1047 1959 Formulam
1072 1908 1242 1970 hanc,
1281 1923 1389 1973 qua
1424 1924 1516 1973 po-

424 1981 695 2031 tissimum
721 1979 1032 2042 utebantur,
1068 1978 1115 2028 si
1140 1977 1269 2043 quid
1295 1977 1515 2027 noxium

426 2056 590 2115 atque
611 2048 807 2098 inutile
825 2048 941 2097 fore
961 2052 1314 2108 testarentur,
1341 2063 1515 2096 exem·

425 2119 530 2184 plis
594 2118 806 2182 aliquot
868 2116 1165 2166 illustravit
1220 2116 1514 2166 Wesselin-

427 2189 571 2253 gius.
642 2189 689 2236 E
726 2187 930 2236 Nostro
971 2186 1115 2235 conf.
1152 2185 1259 2249 111,
1299 2186 1385 2235 71.
1423 2187 1509 2236 82.

429 2257 551 2308 134.
606 2255 720 2305 148.
769 2255 897 2316 VII,
946 2254 1045 2305 169
1093 2253 1227 2319 ibiq.
1277 2258 1418 2305 nott.
1457 2258 1512 2304 et

425 2324 623 2377 Iacobs
670 2322 740 2373 ad
785 2322 997 2373 Aelian.
1048 2323 1116 2374 N.
1162 2324 1227 2373 A.
1276 2323 1372 2387 VI,
1420 2324 1509 2375 40.

426 2411 481 2460 p.
521 2394 643 2446 228.

493 2494 658 2563 μέχρι
696 2481 1096 2560 οὖ-περιῆλθε]
1134 2493 1362 2546 Plurimi
1385 2494 1512 2546 libri

422 2562 615 2632 μέχρις
675 2569 868 2617 contra
913 2564 1285 2614 Herodoteum
1332 2581 1509 2629 usum,

425 2637 492 2687 de
529 2651 635 2702 quo
662 2635 806 2686 conf.
842 2634 913 2684 ad
948 2634 996 2696 1,
1040 2633 1158 2685 181.
1228 2635 1313 2684 De
1343 2635 1509 2685 verbo

421 2703 825 2771 περιέρχεσθαι
870 2704 929 2752 in
972 2703 1058 2753 his
1104 2704 1313 2754 usitato
1360 2704 1509 2756 conf.

422 2776 468 2825 1.
507 2775 558 2825 7.
599 2774 716 2826 120.
756 2773 936 2824 96.-
961 2773 1091 2823 Mox
1125 2773 1325 2823 retinui
1358 2769 1509 2838 χρέε-

423 2842 592 2906 σθαι,
658 2858 693 2892 a
745 2842 989 2906 plurimis
1041 2841 1195 2891 libris
1252 2841 1506 2902 allatum3

420 2911 599 2962 Bekk.
640 2916 696 2962 et
729 2909 978 2960 Dietsch.
1029 2926 1130 2975 pro
1176 2926 1325 2961 more
1371 2907 1507 2976 χρᾶ-

424 2978 592 3044 σθαι,
636 2979 781 3044 quod
826 2978 1006 3028 nullus
1044 2979 1136 3029 hic
1183 2979 1400 3030 exhibet
1446 2979 1510 3028 li-

420 3050 537 3099 ber.
621 3047 704 3098 cf.
752 3046 990 3099 Bredov.
1036 3063 1090 3112 p.
1135 3045 1240 3100 380
1287 3052 1343 3098 et
1381 3048 1506 3098 vide

423 3118 569 3167 infra
604 3118 650 3180 1,
687 3115 811 3167 207.

486 3193 563 3266 μὴ
612 3191 683 3250 οὖ
726 3196 925 3264 λαβεῖν
969 3189 1136 3263 αὐτά]
1173 3192 1249 3264 μὴ
1300 3190 1370 3249 οὗ
1413 3217 1507 3266 po-

418 3272 557 3334 suit,
580 3291 595 3306 ·
614 3270 899 3336 quoniam,
960 3270 1208 3334 quamvis
1255 3285 1366 3319 non
1416 3287 1505 3321 ex-

415 3355 607 3408 pressa
622 3341 681 3390 in
707 3336 1161 3389 antecedentibus
1194 3339 1502 3404 negatione,

416 3418 598 3462 tamen
634 3408 911 3460 sententia
946 3409 1205 3473 negativa
1248 3424 1388 3474 quae
1423 3410 1505 3460 di-

417 3482 560 3532 citur
596 3477 893 3532 antecedit.
965 3477 1054 3527 Cf.
1102 3477 1359 3534 Kuehner
1406 3480 1501 3531 Gr.

417 3550 510 3604 Gr.
551 3548 605 3612 ξ.
652 3546 773 3610 718,
820 3549 871 3597 2.
911 3574 979 3582 -
1015 3547 1083 3597 In
1134 3562 1288 3612 seqq.
1332 3547 1500 3599 libros

414 3619 664 3669 meliores
708 3617 885 3668 secuti
928 3631 1051 3666 cum
1088 3616 1262 3667 Gaisf.
1316 3619 1506 3667 rescri-

413 3690 618 3807 {zissss
643 3675 1502 3819 §3‘2222.<3‘2.3“¹s.¹²2222532

413 3823 495 3874 δέ.
566 3823 912 3875 Baeuussein:
948 3824 1129 3873 Ueber
1158 3822 1246 3873 die
1281 3823 1497 3875 Griech.

413 3892 562 3944 Mod.
611 3908 665 3956 p.
710 3892 809 3944 137
857 3894 1034 3942 citans
1091 3907 1158 3941 ex
1202 3891 1258 3942 h.
1308 3891 1349 3943 l.
1388 3883 1498 3957 ἐγέ-

414 3975 562 4023 νετο,
600 3960 959 4011 indicativum
985 3961 1284 4026 praeteriti,
1323 3961 1412 4012 cui
1438 3963 1494 4014 h.

414 4030 452 4081 l.
488 4019 561 4077 ἄν
589 4028 835 4079 additum
869 4046 978 4080 non
1001 4031 1295 4093 invenitur,
1333 4046 1401 4080 ex
1433 4047 1499 4083 ea

410 4097 656 4159 ratione,
702 4113 810 4161 qua
858 4099 981 4163 quis
1019 4098 1176 4163 quid,
1223 4099 1369 4164 quod
1402 4117 1498 4166 po-

408 4168 558 4220 nitur
593 4169 833 4230 tantum,
870 4171 1134 4232 tanquam
1169 4183 1228 4218 re
1251 4184 1383 4219 vera
1415 4170 1496 4221 fa-

409 4241 558 4289 ctum
602 4235 784 4285 animo
838 4235 946 4286 sibi
993 4237 1277 4301 proponit,
1327 4239 1495 4304 expli-

408 4320 535 4357 care
583 4303 783 4356 studet.
855 4306 942 4355 Tu
987 4306 1057 4356 cf.
1106 4305 1270 4355 etiam
1313 4308 1361 4370 1,
1404 4310 1492 4361 75.

477 4387 532 4443 εἰ
556 4381 634 4457 μὴ
671 4380 960 4457 ἄπληστος
995 4406 1051 4441 τε
1080 4386 1197 4457 ἔας]
1238 4386 1351 4451 ἔας
1380 4392 1494 4458 plo·-

570 1673 644 1745 Ὁ
679 1676 755 1745 δὲ
799 1673 883 1763 δὴ
908 1679 1134 1765 Κῦρος
1180 1671 1289 1743 ἐπὶ
1320 1671 1566 1762 ταύτης
1592 1680 1709 1764 τῆς
1734 1674 2054 1762 γυναικὸς
2081 1673 2199 1746 τὸν
2229 1681 2440 1745 παῖδα
2468 1673 2701 1765 ἐστρα-

1617 1841 1772 1907 rique
1822 1840 1948 1892 libri
2002 1843 2150 1909 iique
2193 1844 2383 1909 optimi
2430 1844 2704 1907 exhibent,

1655 1910 1763 1961 uod
1800 1913 1997 1976 probat
2032 1914 2266 1964 Bredmr.
2311 1930 2365 1978 p.
2412 1914 2535 1965 405.
2597 1913 2705 1964 Alii

1646 1995 1745 2037 εις.
1818 1981 1994 2048 Vulgo
2036 1976 2149 2046 ἕης.
2223 1982 2369 2033 Illud
2405 1989 2590 2034 tamen
2623 1999 2704 2033 re-

1616 2050 1908 2114 tinuimus,
1947 2067 2070 2102 cum
2105 2045 2169 2100 ἔα
2204 2052 2277 2101 sit
2313 2052 2487 2102 forma
2512 2054 2704 2118 imper-

1617 2119 1747 2169 fecti
1784 2121 2084 2185 antiquior,
2121 2122 2357 2172 Homero
2395 2127 2561 2188 atque
2598 2125 2705 2173 He-

1616 2188 1810 2239 rodoto
1847 2190 2073 2240 usitata.
2125 2190 2247 2241 Vid.
2283 2192 2488 2241 Herod.
2514 2193 2591 2253 ΙΙ,
2620 2192 2701 2244 19.

1614 2258 1842 2309 Fischer
1870 2261 1943 2309 ad
1969 2258 2187 2310 Weller.
2226 2260 2305 2312 II.
2330 2276 2384 2324 p.
2409 2261 2534 2312 498.
2573 2262 2699 2313 coll.

1614 2327 1807 2392 Heyne
1846 2328 2111 2379 Observv.
2150 2328 2224 2379 ad
2259 2329 2416 2380 Iliad.
2446 2332 2542 2394 IV,
2578 2331 2698 2382 321.

1615 2411 1742 2461 pag.
1770 2398 1893 2448 616.
1948 2398 2367 2462 Inscriptionem
2388 2401 2558 2465 ipsam
2586 2400 2704 2464 plu-

1614 2480 1700 2515 res
1749 2468 2043 2531 scriptores
2091 2472 2342 2532 posterae
2388 2469 2586 2519 aetatis
2621 2485 2703 2519 re-

1615 2535 1920 2598 petierunt,
1983 2552 2016 2585 a
2059 2536 2387 2604 wesseling.
2441 2539 2511 2589 ad
2555 2538 2607 2588 h.
2656 2538 2696 2589 l.

1613 2603 1845 2655 laudati.
1920 2606 2005 2655 Tu
2040 2605 2153 2656 vid.
2193 2608 2536 2671 potissimum
2577 2607 2703 2658 Plu-

1619 2673 1789 2723 tarch.
1830 2672 2026 2724 Moral.
2066 2674 2143 2726 II.
2183 2690 2308 2741 pag.
2361 2676 2460 2728 173
2495 2678 2540 2727 Β
2587 2676 2704 2738 (ubi

1613 2741 1930 2793 Sentit-umidi
1965 2743 2246 2806 tribuitur)
2283 2746 2416 2811 ibiq.
2452 2747 2701 2811 Wytten·

1612 2810 1773 2862 bach.
1828 2813 1884 2862 in
1934 2813 2343 2864 Animadverss.
2392 2816 2439 2874 1,
2477 2818 2530 2867 2.
2568 2832 2695 2881 pag.

1617 2879 1749 2932 1043
1784 2896 1899 2947 seq.
1970 2881 2054 2933 Ad
2085 2883 2396 2934 universum
2425 2883 2585 2934 huius
2612 2901 2702 2936 ca·

1612 2949 1741 3013 pitis
1777 2956 2152 3014 argumentum
2189 2953 2285 3004 Gr.
2324 2953 2583 3004 observat
2607 2955 2700 3018 (ex

1610 3018 1880 3069 Muenteri
1918 3019 2081 3069 libro:
2130 3022 2557 3088 Antiquariscbe
2593 3023 2699 3074 Ab·

1608 3086 1793 3138 handl.
1832 3103 1959 3153 pag.
1997 3088 2068 3139 98
2114 3089 2275 3154 seq.),
2312 3091 2597 3142 thesauros
2639 3094 2697 3143 in

1609 3156 1871 3220 sepulcris
1896 3173 2085 3224 regum
2107 3159 2385 3224 depositos
2413 3160 2545 3211 alibi
2568 3177 2700 3227 quo-

1610 3231 1713 3290 que
1746 3241 1842 3290 per
1876 3228 2261 3291 antiquitatem
2286 3231 2572 3281 memorari
2594 3247 2697 3282 nec

1610 3295 1826 3344 omnino
1861 3296 1965 3347 hoc
1993 3297 2281 3348 abhorrere
2302 3300 2371 3349 ab
2399 3300 2582 3350 indole
2610 3317 2698 3351 co-

1607 3364 1931 3429 gitandique
1966 3382 2113 3416 more
2141 3371 2404 3418 veterum.
2477 3369 2558 3419 Ac
2580 3386 2699 3433 per-

1609 3448 1772 3497 quam
1800 3434 1964 3483 simili
1985 3437 2199 3487 ratiene
2226 3437 2485 3488 Salomon
2512 3439 2569 3488 in
2587 3441 2696 3489 Da-

1604 3503 1748 3552 vidis
1786 3504 1961 3568 patris
2007 3504 2254 3570 sepulcro
2304 3522 2531 3572 magnos
2580 3508 2697 3559 the-

1609 3586 1801 3621 sauros
1845 3572 2156 3625 condidisse
2206 3576 2378 3626 fertur
2424 3574 2559 3638 (vid.
2609 3577 2695 3628 Ιο-

1608 3641 1760 3705 seph.
1785 3642 2009 3705 Antiqq.
2045 3643 2203 3695 Iudd.
2241 3645 2372 3707 VII,
2406 3646 2491 3696 15.
2529 3647 2689 3708 XIII,

1605 3709 1690 3772 8);
1739 3725 1874 3774 quos
1912 3712 2003 3776 qui
2049 3718 2243 3777 postea
2278 3725 2573 3779 aggressus
2609 3720 2695 3766 est

1603 3778 1880 3840 Herodes,
1944 3783 2065 3843 pari
2116 3782 2232 3833 fere
2291 3784 2454 3833 modo
2515 3784 2692 3835 falsus

1603 3847 1776 3898 fuisse
1815 3854 2068 3900 narratur
2088 3854 2257 3917 atque
2282 3853 2490 3902 Darius
2515 3853 2572 3901 in
2599 3854 2696 3903 Ni-

1603 3916 1825 3966 tocridis
1851 3919 2120 3980 sepulcro.
2170 3922 2255 3970 De
2272 3919 2393 3971 Beli
2423 3921 2690 3985 sepulcro,

1602 3985 1745 4050 quod
1771 3987 1977 4037 Xerxes
2014 3989 2181 4039 simili
2205 4004 2273 4039 ex
2302 3989 2553 4050 consilio,
2588 4006 2694 4042 nec

1600 4055 1809 4105 meliori
1845 4060 2029 4107 tamen
2063 4072 2322 4108 successu
2345 4059 2546 4124 aperiri
2580 4060 2690 4110 ius-

1599 4124 1704 4185 sit,
1739 4130 1933 4176 auctor
1968 4131 2053 4177 est
2075 4126 2290 4177 Aelian.
2326 4128 2395 4179 V.
2429 4128 2501 4179 H.
2527 4129 2686 4191 XIII,

1598 4191 1632 4242 3
1670 4192 1796 4243 coll.
1845 4194 1994 4246 Ctes.
2043 4195 2294 4262 fragmm.
2341 4196 2583 4248 Persice.
2632 4201 2683 4260 g.

1597 4264 1684 4312 21.
1723 4291 1794 4302 --
1827 4254 2070 4330 ἀνέῳγες
2119 4268 2436 4330 suspectum
2468 4266 2688 4316 videtur

1593 4330 1865 4382 Bredovio
1898 4347 2026 4398 pag.
2066 4334 2170 4386 314
2201 4334 2537 4398 praeferenti
2558 4326 2684 4384 ἀνέ-

1594 4412 1761 4464 οιγες.
