<?xml version="1.0" encoding="UTF-8"?>
<!DOCTYPE html PUBLIC "-//W3C//DTD XHTML 1.0 Transitional//EN"
    "http://www.w3.org/TR/xhtml1/DTD/xhtml1-transitional.dtd">
<html xmlns="http://www.w3.org/1999/xhtml" xml:lang="en" lang="en">
 <head>
  <title>
</title>
<meta http-equiv="Content-Type" content="text/html;charset=utf-8" />
  <meta name='ocr-system' content='tesseract 3.04.00' />
  <meta name='ocr-capabilities' content='ocr_page ocr_carea ocr_par ocr_line ocrx_word'/>
</head>
<body>
  <div class='ocr_page' id='page_1' title='image "./herodotihalicar02unkngoog_0159.png"; bbox 0 0 3109 5092; ppageno 0'>
   <div class='ocr_carea' id='block_1_1' title="bbox 1221 384 1709 449">
    <p class='ocr_par' dir='ltr' id='par_1_1' title="bbox 1221 384 1709 449">
     <span class='ocr_line' id='line_1_1' title="bbox 1221 384 1709 449; baseline 0 -4"><span class='ocrx_word' id='word_1_1' title='bbox 1221 384 1476 448; x_wconf 80' lang='lat' dir='ltr'><strong>OLIO.</strong></span> <span class='ocrx_word' id='word_1_2' title='bbox 1520 387 1573 446; x_wconf 92' lang='grc' dir='ltr'><strong>Ι.</strong></span> <span class='ocrx_word' id='word_1_3' title='bbox 1619 393 1709 449; x_wconf 83' lang='grc'><strong>65.</strong></span> 
     </span>
    </p>
   </div>
   <div class='ocr_carea' id='block_1_2' title="bbox 2485 384 2606 449">
    <p class='ocr_par' dir='ltr' id='par_1_2' title="bbox 2485 384 2606 449">
     <span class='ocr_line' id='line_1_2' title="bbox 2485 384 2606 449; baseline 0.033 -4"><span class='ocrx_word' id='word_1_4' title='bbox 2485 384 2606 449; x_wconf 76' lang='grc'><strong>139</strong></span> 
     </span>
    </p>
   </div>
   <div class='ocr_carea' id='block_1_3' title="bbox 316 550 2613 1290">
    <p class='ocr_par' dir='ltr' id='par_1_3' title="bbox 316 550 2613 1066">
     <span class='ocr_line' id='line_1_3' title="bbox 326 550 2613 649; baseline 0 -17"><span class='ocrx_word' id='word_1_5' title='bbox 326 569 426 633; x_wconf 83' lang='grc' dir='ltr'><strong><em>ἔτι</em></strong></span> <span class='ocrx_word' id='word_1_6' title='bbox 455 559 787 649; x_wconf 81' lang='grc' dir='ltr'><strong><em>πρότερον</em></strong></span> <span class='ocrx_word' id='word_1_7' title='bbox 821 558 1083 629; x_wconf 82' lang='grc' dir='ltr'><strong><em>τούτων</em></strong></span> <span class='ocrx_word' id='word_1_8' title='bbox 1112 562 1226 629; x_wconf 86' lang='grc' dir='ltr'><strong>καὶ</strong></span> <span class='ocrx_word' id='word_1_9' title='bbox 1264 558 1801 647; x_wconf 72' lang='grc' dir='ltr'><strong><em>κακονομώτατοι</em></strong></span> <span class='ocrx_word' id='word_1_10' title='bbox 1842 550 2016 648; x_wconf 85' lang='grc' dir='ltr'><strong><em>ἦσαν</em></strong></span> <span class='ocrx_word' id='word_1_11' title='bbox 2056 558 2300 647; x_wconf 77' lang='grc' dir='ltr'><strong><em>σχεδὸν</em></strong></span> <span class='ocrx_word' id='word_1_12' title='bbox 2335 561 2613 632; x_wconf 77' lang='grc' dir='ltr'><strong><em>πάντων</em></strong></span> 
     </span>
     <span class='ocr_line' id='line_1_4' title="bbox 316 659 2607 754; baseline -0.001 -19"><span class='ocrx_word' id='word_1_13' title='bbox 316 662 695 752; x_wconf 78' lang='grc' dir='ltr'><strong><em>Ἑλλήνων,</em></strong></span> <span class='ocrx_word' id='word_1_14' title='bbox 761 662 932 734; x_wconf 76' lang='grc' dir='ltr'><strong><em>κατά</em></strong></span> <span class='ocrx_word' id='word_1_15' title='bbox 971 691 1043 733; x_wconf 85' lang='grc' dir='ltr'><strong><em>τε</em></strong></span> <span class='ocrx_word' id='word_1_16' title='bbox 1095 665 1305 750; x_wconf 74' lang='grc' dir='ltr'><strong><em>σφέας</em></strong></span> <span class='ocrx_word' id='word_1_17' title='bbox 1352 660 1601 744; x_wconf 79' lang='grc' dir='ltr'><strong><em>αὐτοὺς</em></strong></span> <span class='ocrx_word' id='word_1_18' title='bbox 1655 665 1768 732; x_wconf 83' lang='grc' dir='ltr'><strong>καὶ</strong></span> <span class='ocrx_word' id='word_1_19' title='bbox 1820 665 2095 745; x_wconf 83' lang='grc' dir='ltr'><strong><em>ξείνοισι</em></strong></span> <span class='ocrx_word' id='word_1_20' title='bbox 2147 659 2607 754; x_wconf 76' lang='grc' dir='ltr'><strong><em>ἀπρόσμικτοι.</em></strong></span> 
     </span>
     <span class='ocr_line' id='line_1_5' title="bbox 328 756 2612 859; baseline 0 -21"><span class='ocrx_word' id='word_1_21' title='bbox 328 770 702 859; x_wconf 79' lang='grc' dir='ltr'><strong><em>μετέβαλον</em></strong></span> <span class='ocrx_word' id='word_1_22' title='bbox 731 767 807 835; x_wconf 73' lang='grc' dir='ltr'><strong>δὲ</strong></span> <span class='ocrx_word' id='word_1_23' title='bbox 835 756 969 837; x_wconf 72' lang='grc' dir='ltr'><strong>ὦδε</strong></span> <span class='ocrx_word' id='word_1_24' title='bbox 1001 770 1069 848; x_wconf 80' lang='grc' dir='ltr'><strong>ἐς</strong></span> <span class='ocrx_word' id='word_1_25' title='bbox 1100 764 1441 856; x_wconf 82' lang='grc' dir='ltr'><strong><em>εὐνομίην.</em></strong></span> <span class='ocrx_word' id='word_1_26' title='bbox 1496 766 1936 856; x_wconf 78' lang='grc' dir='ltr'><strong><em>Λυκούργου,</em></strong></span> <span class='ocrx_word' id='word_1_27' title='bbox 1965 770 2103 835; x_wconf 77' lang='grc' dir='ltr'><strong><em>τῶν</em></strong></span> <span class='ocrx_word' id='word_1_28' title='bbox 2128 772 2612 858; x_wconf 73' lang='grc' dir='ltr'><strong><em>Σπαρτιητέων</em></strong></span> 
     </span>
     <span class='ocr_line' id='line_1_6' title="bbox 330 866 2613 960; baseline -0.002 -16"><span class='ocrx_word' id='word_1_29' title='bbox 330 879 618 960; x_wconf 79' lang='grc' dir='ltr'><strong><em>δοκίμου</em></strong></span> <span class='ocrx_word' id='word_1_30' title='bbox 658 867 939 957; x_wconf 78' lang='grc' dir='ltr'><strong><em>ἀνδρὸς,</em></strong></span> <span class='ocrx_word' id='word_1_31' title='bbox 982 869 1301 951; x_wconf 77' lang='grc' dir='ltr'><strong><em>ἐλθόντος</em></strong></span> <span class='ocrx_word' id='word_1_32' title='bbox 1339 874 1407 952; x_wconf 77' lang='grc' dir='ltr'><strong>ἐς</strong></span> <span class='ocrx_word' id='word_1_33' title='bbox 1432 868 1754 958; x_wconf 76' lang='grc' dir='ltr'><strong><em>Δελφοὺς</em></strong></span> <span class='ocrx_word' id='word_1_34' title='bbox 1792 872 1900 939; x_wconf 78' lang='grc' dir='ltr'><strong>ἐπὶ</strong></span> <span class='ocrx_word' id='word_1_35' title='bbox 1943 867 2019 938; x_wconf 81' lang='grc' dir='ltr'><strong><em>τὸ</em></strong></span> <span class='ocrx_word' id='word_1_36' title='bbox 2045 871 2479 960; x_wconf 83' lang='grc' dir='ltr'><strong><em>χρηστήριον,</em></strong></span> <span class='ocrx_word' id='word_1_37' title='bbox 2523 866 2613 952; x_wconf 75' lang='grc' dir='ltr'><strong>ὥς</strong></span> 
     </span>
     <span class='ocr_line' id='line_1_7' title="bbox 333 968 2179 1066; baseline -0.001 -21"><span class='ocrx_word' id='word_1_38' title='bbox 333 975 517 1066; x_wconf 77' lang='grc' dir='ltr'><strong><em>ἐσήτε</em></strong></span> <span class='ocrx_word' id='word_1_39' title='bbox 558 978 624 1054; x_wconf 79' lang='grc' dir='ltr'><strong>ἐς</strong></span> <span class='ocrx_word' id='word_1_40' title='bbox 662 972 739 1043; x_wconf 88' lang='grc' dir='ltr'><strong><em>τὸ</em></strong></span> <span class='ocrx_word' id='word_1_41' title='bbox 778 975 1109 1064; x_wconf 76' lang='grc' dir='ltr'><strong><em>μέγαρον,</em></strong></span> <span class='ocrx_word' id='word_1_42' title='bbox 1155 972 1366 1054; x_wconf 74' lang='grc' dir='ltr'><em>εὐθὺς</em></span> <span class='ocrx_word' id='word_1_43' title='bbox 1408 968 1449 1063; x_wconf 78' lang='grc' dir='ltr'><em>ἡ</em></span> <span class='ocrx_word' id='word_1_44' title='bbox 1494 981 1732 1062; x_wconf 82' lang='grc' dir='ltr'><strong><em>Πυθίη</em></strong></span> <span class='ocrx_word' id='word_1_45' title='bbox 1773 976 1952 1060; x_wconf 77' lang='grc' dir='ltr'><strong><em>λέγει</em></strong></span> <span class='ocrx_word' id='word_1_46' title='bbox 1989 971 2179 1043; x_wconf 77' lang='grc' dir='ltr'><strong><em>τάδε·</em></strong></span> 
     </span>
    </p>

    <p class='ocr_par' dir='ltr' id='par_1_4' title="bbox 484 1084 2180 1186">
     <span class='ocr_line' id='line_1_8' title="bbox 484 1084 2180 1186; baseline 0.001 -19"><span class='ocrx_word' id='word_1_47' title='bbox 484 1098 733 1181; x_wconf 63' lang='grc' dir='ltr'><strong><em>Ἠκεις,</em></strong></span> <span class='ocrx_word' id='word_1_48' title='bbox 777 1089 825 1168; x_wconf 73' lang='grc' dir='ltr'><em>ὦ</em></span> <span class='ocrx_word' id='word_1_49' title='bbox 860 1100 1207 1186; x_wconf 77' lang='grc' dir='ltr'><strong><em>Λυκόοργε,</em></strong></span> <span class='ocrx_word' id='word_1_50' title='bbox 1252 1098 1395 1186; x_wconf 72' lang='grc' dir='ltr'><strong><em>ἐμὸν</em></strong></span> <span class='ocrx_word' id='word_1_51' title='bbox 1435 1105 1574 1169; x_wconf 79' lang='grc' dir='ltr'><strong><em>ποτὶ</em></strong></span> <span class='ocrx_word' id='word_1_52' title='bbox 1610 1107 1792 1167; x_wconf 84' lang='grc' dir='ltr'><strong><em>πίονα</em></strong></span> <span class='ocrx_word' id='word_1_53' title='bbox 1833 1099 2013 1185; x_wconf 81' lang='grc' dir='ltr'><strong><em>νηὸν,</em></strong></span> <span class='ocrx_word' id='word_1_54' title='bbox 2176 1084 2180 1089; x_wconf 28' lang='lat'><em>⁶</em></span> 
     </span>
    </p>

    <p class='ocr_par' dir='ltr' id='par_1_5' title="bbox 507 1202 2110 1290">
     <span class='ocr_line' id='line_1_9' title="bbox 507 1202 2110 1290; baseline 0.001 -21"><span class='ocrx_word' id='word_1_55' title='bbox 507 1206 660 1287; x_wconf 74' lang='grc' dir='ltr'><strong>Ζηνὶ</strong></span> <span class='ocrx_word' id='word_1_56' title='bbox 704 1209 877 1286; x_wconf 82' lang='grc' dir='ltr'><strong><em>φίλος</em></strong></span> <span class='ocrx_word' id='word_1_57' title='bbox 915 1206 1019 1269; x_wconf 77' lang='grc' dir='ltr'><strong>καὶ</strong></span> <span class='ocrx_word' id='word_1_58' title='bbox 1060 1210 1246 1270; x_wconf 74' lang='grc' dir='ltr'><strong><em>πᾶσιν</em></strong></span> <span class='ocrx_word' id='word_1_59' title='bbox 1276 1202 1577 1290; x_wconf 79' lang='grc' dir='ltr'><strong><em>Ὀλύμπια</em></strong></span> <span class='ocrx_word' id='word_1_60' title='bbox 1618 1202 1844 1289; x_wconf 74' lang='grc' dir='ltr'><strong><em>δώματ’</em></strong></span> <span class='ocrx_word' id='word_1_61' title='bbox 1895 1209 2110 1289; x_wconf 77' lang='grc' dir='ltr'><strong>ἔχουσι.</strong></span> 
     </span>
    </p>
   </div>
   <div class='ocr_carea' id='block_1_4' title="bbox 256 1380 1434 2705">
    <p class='ocr_par' dir='ltr' id='par_1_6' title="bbox 331 1380 1431 2352">
     <span class='ocr_line' id='line_1_10' title="bbox 331 1380 1424 1441; baseline 0.004 -11"><span class='ocrx_word' id='word_1_62' title='bbox 331 1381 481 1430; x_wconf 88' lang='lat' dir='ltr'><strong>lares</strong></span> <span class='ocrx_word' id='word_1_63' title='bbox 517 1394 644 1429; x_wconf 86' lang='lat' dir='ltr'><strong>suos</strong></span> <span class='ocrx_word' id='word_1_64' title='bbox 682 1380 763 1429; x_wconf 76' lang='lat' dir='ltr'><strong>uti</strong></span> <span class='ocrx_word' id='word_1_65' title='bbox 796 1380 1085 1441; x_wconf 80' lang='lat' dir='ltr'><strong>voluerint,</strong></span> <span class='ocrx_word' id='word_1_66' title='bbox 1122 1380 1293 1433; x_wconf 87' lang='lat' dir='ltr'><strong>donec</strong></span> <span class='ocrx_word' id='word_1_67' title='bbox 1328 1387 1424 1433; x_wconf 88' lang='lat' dir='ltr'><strong>aut</strong></span> 
     </span>
     <span class='ocr_line' id='line_1_11' title="bbox 333 1449 1424 1514; baseline 0.002 -13"><span class='ocrx_word' id='word_1_68' title='bbox 333 1451 393 1501; x_wconf 77' lang='lat' dir='ltr'><strong>vi</strong></span> <span class='ocrx_word' id='word_1_69' title='bbox 430 1453 529 1499; x_wconf 84' lang='lat' dir='ltr'><strong>aut</strong></span> <span class='ocrx_word' id='word_1_70' title='bbox 562 1454 707 1500; x_wconf 87' lang='lat' dir='ltr'><strong>metu</strong></span> <span class='ocrx_word' id='word_1_71' title='bbox 737 1450 955 1514; x_wconf 87' lang='lat' dir='ltr'><strong>incepto</strong></span> <span class='ocrx_word' id='word_1_72' title='bbox 992 1449 1256 1502; x_wconf 87' lang='lat' dir='ltr'><strong>desistere</strong></span> <span class='ocrx_word' id='word_1_73' title='bbox 1283 1468 1424 1503; x_wconf 85' lang='lat' dir='ltr'><strong>eam-</strong></span> 
     </span>
     <span class='ocr_line' id='line_1_12' title="bbox 334 1519 1424 1587; baseline 0.003 -17"><span class='ocrx_word' id='word_1_74' title='bbox 334 1535 444 1587; x_wconf 87' lang='lat' dir='ltr'><strong>que</strong></span> <span class='ocrx_word' id='word_1_75' title='bbox 509 1519 689 1584; x_wconf 84' lang='lat' dir='ltr'><strong>potius</strong></span> <span class='ocrx_word' id='word_1_76' title='bbox 754 1521 833 1570; x_wconf 87' lang='lat' dir='ltr'><strong>rei</strong></span> <span class='ocrx_word' id='word_1_77' title='bbox 890 1519 1137 1585; x_wconf 82' lang='lat' dir='ltr'><strong>publicae</strong></span> <span class='ocrx_word' id='word_1_78' title='bbox 1192 1522 1424 1573; x_wconf 84' lang='lat' dir='ltr'><strong>formam</strong></span> 
     </span>
     <span class='ocr_line' id='line_1_13' title="bbox 334 1592 1425 1657; baseline 0.005 -19"><span class='ocrx_word' id='word_1_79' title='bbox 334 1604 638 1653; x_wconf 69' lang='lat' dir='ltr'><strong>agnoscere</strong></span> <span class='ocrx_word' id='word_1_80' title='bbox 686 1594 1041 1656; x_wconf 76' lang='lat' dir='ltr'>cogerentur,</span> <span class='ocrx_word' id='word_1_81' title='bbox 1084 1592 1141 1641; x_wconf 89' lang='lat' dir='ltr'><strong>in</strong></span> <span class='ocrx_word' id='word_1_82' title='bbox 1183 1608 1292 1657; x_wconf 85' lang='lat' dir='ltr'><strong>qua</strong></span> <span class='ocrx_word' id='word_1_83' title='bbox 1335 1608 1425 1643; x_wconf 89' lang='lat' dir='ltr'><strong>ca-</strong></span> 
     </span>
     <span class='ocr_line' id='line_1_14' title="bbox 336 1659 1426 1726; baseline 0.002 -15"><span class='ocrx_word' id='word_1_84' title='bbox 336 1665 439 1726; x_wconf 87' lang='lat' dir='ltr'><strong>put</strong></span> <span class='ocrx_word' id='word_1_85' title='bbox 474 1659 686 1724; x_wconf 88' lang='lat' dir='ltr'><strong>imperii</strong></span> <span class='ocrx_word' id='word_1_86' title='bbox 733 1675 900 1725; x_wconf 88' lang='lat' dir='ltr'><strong>penes</strong></span> <span class='ocrx_word' id='word_1_87' title='bbox 938 1660 1234 1713; x_wconf 76' lang='lat' dir='ltr'>Dorienses</span> <span class='ocrx_word' id='word_1_88' title='bbox 1277 1667 1426 1713; x_wconf 83' lang='lat' dir='ltr'><strong>esset</strong></span> 
     </span>
     <span class='ocr_line' id='line_1_15' title="bbox 337 1727 1425 1797; baseline 0.001 -15"><span class='ocrx_word' id='word_1_89' title='bbox 337 1729 487 1782; x_wconf 86' lang='lat' dir='ltr'><strong>etc.“</strong></span> <span class='ocrx_word' id='word_1_90' title='bbox 528 1727 604 1794; x_wconf 89' lang='lat' dir='ltr'><strong>(p.</strong></span> <span class='ocrx_word' id='word_1_91' title='bbox 651 1731 720 1780; x_wconf 80' lang='lat'><strong>24</strong></span> <span class='ocrx_word' id='word_1_92' title='bbox 766 1730 927 1796; x_wconf 87' lang='lat' dir='ltr'><strong>seq.).</strong></span> <span class='ocrx_word' id='word_1_93' title='bbox 1000 1730 1105 1780; x_wconf 88' lang='lat' dir='ltr'><strong>His</strong></span> <span class='ocrx_word' id='word_1_94' title='bbox 1151 1731 1323 1797; x_wconf 81' lang='lat' dir='ltr'><strong>igitur</strong></span> <span class='ocrx_word' id='word_1_95' title='bbox 1357 1732 1425 1783; x_wconf 90' lang='lat' dir='ltr'><strong>de</strong></span> 
     </span>
     <span class='ocr_line' id='line_1_16' title="bbox 335 1798 1428 1867; baseline 0 -15"><span class='ocrx_word' id='word_1_96' title='bbox 335 1800 524 1852; x_wconf 85' lang='lat' dir='ltr'><strong>causis</strong></span> <span class='ocrx_word' id='word_1_97' title='bbox 558 1798 722 1849; x_wconf 77' lang='lat' dir='ltr'><strong>valde</strong></span> <span class='ocrx_word' id='word_1_98' title='bbox 756 1800 1031 1851; x_wconf 72' lang='lat' dir='ltr'><strong>turbatam</strong></span> <span class='ocrx_word' id='word_1_99' title='bbox 1067 1802 1428 1867; x_wconf 71' lang='lat' dir='ltr'>pessimisque</span> 
     </span>
     <span class='ocr_line' id='line_1_17' title="bbox 334 1869 1429 1937; baseline 0 -16"><span class='ocrx_word' id='word_1_100' title='bbox 334 1869 554 1935; x_wconf 70' lang='lat' dir='ltr'><strong>legibus</strong></span> <span class='ocrx_word' id='word_1_101' title='bbox 594 1873 835 1920; x_wconf 82' lang='lat' dir='ltr'><strong>utentem</strong></span> <span class='ocrx_word' id='word_1_102' title='bbox 873 1870 1152 1921; x_wconf 80' lang='lat' dir='ltr'><strong>civitatem</strong></span> <span class='ocrx_word' id='word_1_103' title='bbox 1188 1872 1429 1937; x_wconf 78' lang='lat' dir='ltr'><strong>Lycurgi</strong></span> 
     </span>
     <span class='ocr_line' id='line_1_18' title="bbox 336 1938 1429 2004; baseline 0.002 -14"><span class='ocrx_word' id='word_1_104' title='bbox 336 1938 612 2004; x_wconf 79' lang='lat' dir='ltr'><strong>sapientia</strong></span> <span class='ocrx_word' id='word_1_105' title='bbox 664 1939 926 1990; x_wconf 80' lang='lat' dir='ltr'><strong>refectam</strong></span> <span class='ocrx_word' id='word_1_106' title='bbox 988 1944 1043 1989; x_wconf 86' lang='lat' dir='ltr'><strong>et</strong></span> <span class='ocrx_word' id='word_1_107' title='bbox 1086 1940 1157 1990; x_wconf 88' lang='lat' dir='ltr'><strong>ad</strong></span> <span class='ocrx_word' id='word_1_108' title='bbox 1203 1941 1429 1992; x_wconf 84' lang='lat' dir='ltr'><strong>meliora</strong></span> 
     </span>
     <span class='ocr_line' id='line_1_19' title="bbox 336 2009 1431 2075; baseline 0.004 -17"><span class='ocrx_word' id='word_1_109' title='bbox 336 2009 659 2075; x_wconf 84' lang='lat' dir='ltr'><strong>perductam</strong></span> <span class='ocrx_word' id='word_1_110' title='bbox 705 2024 825 2060; x_wconf 88' lang='lat' dir='ltr'><strong>esse</strong></span> <span class='ocrx_word' id='word_1_111' title='bbox 870 2009 1138 2060; x_wconf 74' lang='lat' dir='ltr'>Herodoti</span> <span class='ocrx_word' id='word_1_112' title='bbox 1181 2016 1268 2062; x_wconf 87' lang='lat' dir='ltr'><strong>est</strong></span> <span class='ocrx_word' id='word_1_113' title='bbox 1310 2028 1431 2062; x_wconf 88' lang='lat' dir='ltr'><strong>sen-</strong></span> 
     </span>
     <span class='ocr_line' id='line_1_20' title="bbox 336 2079 1429 2144; baseline 0.001 -13"><span class='ocrx_word' id='word_1_114' title='bbox 336 2079 533 2131; x_wconf 81' lang='lat' dir='ltr'><strong>tentia.</strong></span> <span class='ocrx_word' id='word_1_115' title='bbox 568 2080 653 2129; x_wconf 86' lang='lat' dir='ltr'><strong>De</strong></span> <span class='ocrx_word' id='word_1_116' title='bbox 687 2080 928 2144; x_wconf 77' lang='lat' dir='ltr'><strong>Lycurgi</strong></span> <span class='ocrx_word' id='word_1_117' title='bbox 957 2081 1201 2131; x_wconf 86' lang='lat' dir='ltr'><strong>consiliis</strong></span> <span class='ocrx_word' id='word_1_118' title='bbox 1224 2082 1295 2132; x_wconf 91' lang='lat' dir='ltr'><strong>ad</strong></span> <span class='ocrx_word' id='word_1_119' title='bbox 1326 2082 1429 2134; x_wconf 86' lang='lat' dir='ltr'><strong>hoc</strong></span> 
     </span>
     <span class='ocr_line' id='line_1_21' title="bbox 336 2149 1431 2215; baseline 0.002 -15"><span class='ocrx_word' id='word_1_120' title='bbox 336 2149 740 2213; x_wconf 66' lang='lat' dir='ltr'><strong>assequendum</strong></span> <span class='ocrx_word' id='word_1_121' title='bbox 775 2149 1135 2215; x_wconf 77' lang='lat' dir='ltr'><strong>remediisque</strong></span> <span class='ocrx_word' id='word_1_122' title='bbox 1170 2152 1431 2202; x_wconf 84' lang='lat' dir='ltr'><strong>adhibitis</strong></span> 
     </span>
     <span class='ocr_line' id='line_1_22' title="bbox 338 2219 1431 2286; baseline 0.002 -16"><span class='ocrx_word' id='word_1_123' title='bbox 338 2219 484 2270; x_wconf 85' lang='lat' dir='ltr'><strong>idem</strong></span> <span class='ocrx_word' id='word_1_124' title='bbox 528 2219 615 2268; x_wconf 84' lang='lat' dir='ltr'><strong>vir</strong></span> <span class='ocrx_word' id='word_1_125' title='bbox 660 2220 858 2270; x_wconf 84' lang='lat' dir='ltr'><strong>doctus</strong></span> <span class='ocrx_word' id='word_1_126' title='bbox 905 2220 1166 2271; x_wconf 74' lang='lat' dir='ltr'><strong>disseruit</strong></span> <span class='ocrx_word' id='word_1_127' title='bbox 1211 2222 1247 2272; x_wconf 93' lang='lat' dir='ltr'><strong>l.</strong></span> <span class='ocrx_word' id='word_1_128' title='bbox 1296 2220 1334 2271; x_wconf 88' lang='lat' dir='ltr'><strong>l.</strong></span> <span class='ocrx_word' id='word_1_129' title='bbox 1373 2238 1431 2286; x_wconf 88' lang='lat' dir='ltr'><strong>p.</strong></span> 
     </span>
     <span class='ocr_line' id='line_1_23' title="bbox 338 2290 562 2352; baseline -0.022 -10"><span class='ocrx_word' id='word_1_130' title='bbox 338 2290 409 2342; x_wconf 78' lang='lat'><strong>39</strong></span> <span class='ocrx_word' id='word_1_131' title='bbox 446 2303 562 2352; x_wconf 87' lang='lat' dir='ltr'><strong>seq.</strong></span> 
     </span>
    </p>

    <p class='ocr_par' dir='ltr' id='par_1_7' title="bbox 410 2347 1432 2425">
     <span class='ocr_line' id='line_1_24' title="bbox 410 2347 1432 2425; baseline 0.003 -19"><span class='ocrx_word' id='word_1_132' title='bbox 410 2350 559 2408; x_wconf 75' lang='grc' dir='ltr'><strong><em>κατά</em></strong></span> <span class='ocrx_word' id='word_1_133' title='bbox 600 2372 669 2406; x_wconf 79' lang='grc' dir='ltr'><strong><em>τε</em></strong></span> <span class='ocrx_word' id='word_1_134' title='bbox 706 2356 883 2421; x_wconf 78' lang='grc' dir='ltr'><strong><em>σφέας</em></strong></span> <span class='ocrx_word' id='word_1_135' title='bbox 927 2347 1144 2416; x_wconf 64' lang='grc' dir='ltr'><strong><em>αὖτοὺς</em></strong></span> <span class='ocrx_word' id='word_1_136' title='bbox 1177 2376 1227 2409; x_wconf 80' lang='grc' dir='ltr'><strong>κ.</strong></span> <span class='ocrx_word' id='word_1_137' title='bbox 1267 2376 1315 2409; x_wconf 89' lang='grc' dir='ltr'><strong><em>τ.</em></strong></span> <span class='ocrx_word' id='word_1_138' title='bbox 1355 2358 1432 2425; x_wconf 82' lang='grc' dir='ltr'><strong>λ.]</strong></span> 
     </span>
    </p>

    <p class='ocr_par' dir='ltr' id='par_1_8' title="bbox 256 2427 1434 2705">
     <span class='ocr_line' id='line_1_25' title="bbox 338 2427 1432 2481; baseline 0 -3"><span class='ocrx_word' id='word_1_139' title='bbox 338 2427 476 2479; x_wconf 85' lang='lat' dir='ltr'><strong>Vult</strong></span> <span class='ocrx_word' id='word_1_140' title='bbox 503 2427 844 2478; x_wconf 85' lang='lat' dir='ltr'><strong>Herodotus:</strong></span> <span class='ocrx_word' id='word_1_141' title='bbox 880 2428 1308 2481; x_wconf 78' lang='lat' dir='ltr'><strong>Lacedaemonios</strong></span> <span class='ocrx_word' id='word_1_142' title='bbox 1333 2444 1432 2479; x_wconf 81' lang='lat' dir='ltr'><strong>om-</strong></span> 
     </span>
     <span class='ocr_line' id='line_1_26' title="bbox 256 2492 1434 2564; baseline -0.001 -14"><span class='ocrx_word' id='word_1_143' title='bbox 256 2492 269 2501; x_wconf 79' lang='grc'><strong>’</strong></span> <span class='ocrx_word' id='word_1_144' title='bbox 338 2503 473 2550; x_wconf 65' lang='lat' dir='ltr'><strong>niun</strong></span> <span class='ocrx_word' id='word_1_145' title='bbox 510 2499 629 2560; x_wconf 80' lang='lat' dir='ltr'><strong>sere</strong></span> <span class='ocrx_word' id='word_1_146' title='bbox 678 2499 987 2549; x_wconf 73' lang='lat' dir='ltr'><strong>Graecorum</strong></span> <span class='ocrx_word' id='word_1_147' title='bbox 1037 2502 1268 2561; x_wconf 52' lang='lat' dir='ltr'><strong>persenis</strong></span> <span class='ocrx_word' id='word_1_148' title='bbox 1313 2501 1434 2564; x_wconf 67' lang='lat' dir='ltr'><strong>Iegi-</strong></span> 
     </span>
     <span class='ocr_line' id='line_1_27' title="bbox 338 2569 1434 2632; baseline -0.001 -12"><span class='ocrx_word' id='word_1_149' title='bbox 338 2569 436 2620; x_wconf 71' lang='lat' dir='ltr'><strong>bus</strong></span> <span class='ocrx_word' id='word_1_150' title='bbox 464 2569 631 2631; x_wconf 71' lang='lat' dir='ltr'><strong>fuisse</strong></span> <span class='ocrx_word' id='word_1_151' title='bbox 656 2584 794 2629; x_wconf 75' lang='lat' dir='ltr'><strong>usos,</strong></span> <span class='ocrx_word' id='word_1_152' title='bbox 816 2572 949 2630; x_wconf 84' lang='lat' dir='ltr'><strong>tum,</strong></span> <span class='ocrx_word' id='word_1_153' title='bbox 972 2569 1107 2632; x_wconf 71' lang='lat' dir='ltr'><strong>qnod</strong></span> <span class='ocrx_word' id='word_1_154' title='bbox 1124 2571 1199 2619; x_wconf 83' lang='lat' dir='ltr'><strong>ad</strong></span> <span class='ocrx_word' id='word_1_155' title='bbox 1218 2586 1277 2619; x_wconf 81' lang='lat' dir='ltr'><strong>se</strong></span> <span class='ocrx_word' id='word_1_156' title='bbox 1296 2571 1434 2631; x_wconf 74' lang='lat' dir='ltr'><strong>ipsos</strong></span> 
     </span>
     <span class='ocr_line' id='line_1_28' title="bbox 340 2642 1434 2705; baseline -0.004 -14"><span class='ocrx_word' id='word_1_157' title='bbox 340 2644 659 2705; x_wconf 61' lang='lat' dir='ltr'><strong>{paor-mque</strong></span> <span class='ocrx_word' id='word_1_158' title='bbox 693 2645 905 2688; x_wconf 67' lang='lat' dir='ltr'><strong>munnam</strong></span> <span class='ocrx_word' id='word_1_159' title='bbox 944 2642 1078 2690; x_wconf 74' lang='lat' dir='ltr'><strong>incer</strong></span> <span class='ocrx_word' id='word_1_160' title='bbox 1109 2655 1167 2689; x_wconf 75' lang='lat' dir='ltr'><strong>se</strong></span> <span class='ocrx_word' id='word_1_161' title='bbox 1203 2653 1434 2689; x_wconf 71' lang='lat' dir='ltr'><strong>eomer·</strong></span> 
     </span>
    </p>
   </div>
   <div class='ocr_carea' id='block_1_5' title="bbox 341 2708 1482 2771">
    <p class='ocr_par' dir='ltr' id='par_1_9' title="bbox 341 2708 1482 2771">
     <span class='ocr_line' id='line_1_29' title="bbox 341 2708 1482 2771; baseline -0.002 -12"><span class='ocrx_word' id='word_1_162' title='bbox 341 2711 470 2759; x_wconf 68' lang='lat' dir='ltr'><strong>cim</strong></span> <span class='ocrx_word' id='word_1_163' title='bbox 498 2711 696 2765; x_wconf 76' lang='lat' dir='ltr'><strong>attinet,</strong></span> <span class='ocrx_word' id='word_1_164' title='bbox 732 2712 846 2758; x_wconf 78' lang='lat' dir='ltr'><strong>tum</strong></span> <span class='ocrx_word' id='word_1_165' title='bbox 876 2723 1009 2758; x_wconf 81' lang='lat' dir='ltr'><strong>vero</strong></span> <span class='ocrx_word' id='word_1_166' title='bbox 1046 2708 1228 2771; x_wconf 82' lang='lat' dir='ltr'><strong>etiam,</strong></span> <span class='ocrx_word' id='word_1_167' title='bbox 1263 2710 1314 2757; x_wconf 79' lang='lat' dir='ltr'><strong>in</strong></span> <span class='ocrx_word' id='word_1_168' title='bbox 1352 2723 1435 2757; x_wconf 87' lang='lat' dir='ltr'><strong>eo-</strong></span> <span class='ocrx_word' id='word_1_169' title='bbox 1476 2710 1482 2715; x_wconf 82' lang='grc'><strong>“</strong></span> 
     </span>
    </p>
   </div>
   <div class='ocr_carea' id='block_1_6' title="bbox 342 2775 1441 3258">
    <p class='ocr_par' dir='ltr' id='par_1_10' title="bbox 342 2775 1438 3107">
     <span class='ocr_line' id='line_1_30' title="bbox 342 2775 1435 2842; baseline -0.002 -14"><span class='ocrx_word' id='word_1_170' title='bbox 342 2794 456 2828; x_wconf 76' lang='lat' dir='ltr'><strong>nan</strong></span> <span class='ocrx_word' id='word_1_171' title='bbox 512 2793 619 2827; x_wconf 73' lang='lat' dir='ltr'><strong>cum</strong></span> <span class='ocrx_word' id='word_1_172' title='bbox 668 2779 867 2828; x_wconf 62' lang='lat' dir='ltr'><strong>exterit</strong></span> <span class='ocrx_word' id='word_1_173' title='bbox 926 2781 1235 2840; x_wconf 72' lang='lat' dir='ltr'><strong>comer-cio,</strong></span> <span class='ocrx_word' id='word_1_174' title='bbox 1289 2775 1435 2842; x_wconf 91' lang='lat' dir='ltr'><strong>quod</strong></span> 
     </span>
     <span class='ocr_line' id='line_1_31' title="bbox 342 2846 1437 2899; baseline -0.002 0"><span class='ocrx_word' id='word_1_175' title='bbox 342 2846 562 2899; x_wconf 81' lang='lat' dir='ltr'><strong>scilicet</strong></span> <span class='ocrx_word' id='word_1_176' title='bbox 587 2862 799 2897; x_wconf 88' lang='lat' dir='ltr'><strong>omnem</strong></span> <span class='ocrx_word' id='word_1_177' title='bbox 834 2862 955 2898; x_wconf 82' lang='lat' dir='ltr'><strong>curn</strong></span> <span class='ocrx_word' id='word_1_178' title='bbox 986 2846 1071 2897; x_wconf 88' lang='lat' dir='ltr'><strong>his</strong></span> <span class='ocrx_word' id='word_1_179' title='bbox 1108 2847 1437 2898; x_wconf 83' lang='lat' dir='ltr'><strong>recusabant</strong></span> 
     </span>
     <span class='ocr_line' id='line_1_32' title="bbox 342 2916 1438 2981; baseline -0.002 -12"><span class='ocrx_word' id='word_1_180' title='bbox 342 2916 810 2969; x_wconf 71' lang='lat' dir='ltr'><strong>consociationem</strong></span> <span class='ocrx_word' id='word_1_181' title='bbox 861 2932 1128 2981; x_wconf 86' lang='lat' dir='ltr'><strong>omneque</strong></span> <span class='ocrx_word' id='word_1_182' title='bbox 1182 2932 1438 2967; x_wconf 91' lang='lat' dir='ltr'><strong>commer-</strong></span> 
     </span>
     <span class='ocr_line' id='line_1_33' title="bbox 346 2984 1436 3053; baseline -0.001 -15"><span class='ocrx_word' id='word_1_183' title='bbox 346 2987 513 3038; x_wconf 86' lang='lat' dir='ltr'><strong>cium.</strong></span> <span class='ocrx_word' id='word_1_184' title='bbox 570 2984 731 3036; x_wconf 84' lang='lat' dir='ltr'><strong>Unde</strong></span> <span class='ocrx_word' id='word_1_185' title='bbox 788 2991 1018 3051; x_wconf 86' lang='lat' dir='ltr'><strong>apparet</strong></span> <span class='ocrx_word' id='word_1_186' title='bbox 1065 2987 1152 3036; x_wconf 81' lang='lat' dir='ltr'><strong>vis</strong></span> <span class='ocrx_word' id='word_1_187' title='bbox 1197 2987 1436 3053; x_wconf 88' lang='lat' dir='ltr'><strong>particu-</strong></span> 
     </span>
     <span class='ocr_line' id='line_1_34' title="bbox 344 3053 905 3107; baseline -0.007 0"><span class='ocrx_word' id='word_1_188' title='bbox 344 3057 525 3107; x_wconf 82' lang='lat' dir='ltr'><strong>larum</strong></span> <span class='ocrx_word' id='word_1_189' title='bbox 560 3069 628 3104; x_wconf 75' lang='lat' dir='ltr'><strong>rs</strong></span> <span class='ocrx_word' id='word_1_190' title='bbox 665 3085 736 3094; x_wconf 89' lang='lat'>—</span> <span class='ocrx_word' id='word_1_191' title='bbox 774 3053 905 3104; x_wconf 79' lang='grc' dir='ltr'><strong>καί.</strong></span> 
     </span>
    </p>

    <p class='ocr_par' dir='ltr' id='par_1_11' title="bbox 346 3114 1441 3258">
     <span class='ocr_line' id='line_1_35' title="bbox 418 3114 1440 3190; baseline 0.004 -18"><span class='ocrx_word' id='word_1_192' title='bbox 418 3121 661 3186; x_wconf 76' lang='grc' dir='ltr'><strong><em>ξείνοισι</em></strong></span> <span class='ocrx_word' id='word_1_193' title='bbox 690 3114 1097 3190; x_wconf 74' lang='grc' dir='ltr'><strong><em>ἀπρόσμικτοι]</em></strong></span> <span class='ocrx_word' id='word_1_194' title='bbox 1134 3124 1228 3175; x_wconf 89' lang='lat' dir='ltr'><strong>Sic</strong></span> <span class='ocrx_word' id='word_1_195' title='bbox 1254 3124 1440 3175; x_wconf 84' lang='lat' dir='ltr'><strong>dicun-</strong></span> 
     </span>
     <span class='ocr_line' id='line_1_36' title="bbox 346 3193 1441 3258; baseline -0.001 -13"><span class='ocrx_word' id='word_1_196' title='bbox 346 3200 459 3254; x_wconf 80' lang='lat' dir='ltr'><strong>tur,</strong></span> <span class='ocrx_word' id='word_1_197' title='bbox 497 3194 593 3258; x_wconf 89' lang='lat' dir='ltr'><strong>qui</strong></span> <span class='ocrx_word' id='word_1_198' title='bbox 626 3193 829 3244; x_wconf 84' lang='lat' dir='ltr'><strong>nullam</strong></span> <span class='ocrx_word' id='word_1_199' title='bbox 863 3209 983 3245; x_wconf 88' lang='lat' dir='ltr'><strong>cum</strong></span> <span class='ocrx_word' id='word_1_200' title='bbox 1017 3195 1216 3244; x_wconf 79' lang='lat' dir='ltr'><strong>exteris</strong></span> <span class='ocrx_word' id='word_1_201' title='bbox 1250 3195 1441 3245; x_wconf 87' lang='lat' dir='ltr'><strong>ineunt</strong></span> 
     </span>
    </p>
   </div>
   <div class='ocr_carea' id='block_1_7' title="bbox 347 3262 1487 3329">
    <p class='ocr_par' dir='ltr' id='par_1_12' title="bbox 347 3262 1487 3329">
     <span class='ocr_line' id='line_1_37' title="bbox 347 3262 1487 3329; baseline -0.003 -14"><span class='ocrx_word' id='word_1_202' title='bbox 347 3269 450 3315; x_wconf 84' lang='lat' dir='ltr'><strong>aut</strong></span> <span class='ocrx_word' id='word_1_203' title='bbox 481 3262 805 3327; x_wconf 84' lang='lat' dir='ltr'><strong>permittunt</strong></span> <span class='ocrx_word' id='word_1_204' title='bbox 844 3262 1311 3325; x_wconf 87' lang='lat' dir='ltr'><strong>consuetudinem,</strong></span> <span class='ocrx_word' id='word_1_205' title='bbox 1347 3264 1441 3329; x_wconf 88' lang='lat' dir='ltr'><strong>qui</strong></span> <span class='ocrx_word' id='word_1_206' title='bbox 1482 3271 1487 3275; x_wconf 77' lang='grc'><strong><em>’</em></strong></span> 
     </span>
    </p>
   </div>
   <div class='ocr_carea' id='block_1_8' title="bbox 346 3333 1450 4509">
    <p class='ocr_par' dir='ltr' id='par_1_13' title="bbox 346 3333 1450 4509">
     <span class='ocr_line' id='line_1_38' title="bbox 348 3333 1442 3398; baseline -0.003 -12"><span class='ocrx_word' id='word_1_207' title='bbox 348 3348 511 3386; x_wconf 88' lang='lat' dir='ltr'><strong>omne</strong></span> <span class='ocrx_word' id='word_1_208' title='bbox 530 3347 653 3383; x_wconf 88' lang='lat' dir='ltr'><strong>cum</strong></span> <span class='ocrx_word' id='word_1_209' title='bbox 670 3334 971 3398; x_wconf 79' lang='lat' dir='ltr'><strong>peregrinis</strong></span> <span class='ocrx_word' id='word_1_210' title='bbox 994 3333 1288 3385; x_wconf 86' lang='lat' dir='ltr'><strong>excludunt</strong></span> <span class='ocrx_word' id='word_1_211' title='bbox 1300 3350 1442 3384; x_wconf 90' lang='lat' dir='ltr'><strong>com-</strong></span> 
     </span>
     <span class='ocr_line' id='line_1_39' title="bbox 347 3402 1441 3467; baseline -0.001 -13"><span class='ocrx_word' id='word_1_212' title='bbox 347 3402 632 3454; x_wconf 84' lang='lat' dir='ltr'><strong>mercium.</strong></span> <span class='ocrx_word' id='word_1_213' title='bbox 695 3402 820 3452; x_wconf 89' lang='lat' dir='ltr'><strong>Vid.</strong></span> <span class='ocrx_word' id='word_1_214' title='bbox 873 3419 1013 3467; x_wconf 86' lang='lat' dir='ltr'><strong>quae</strong></span> <span class='ocrx_word' id='word_1_215' title='bbox 1053 3403 1352 3453; x_wconf 87' lang='lat' dir='ltr'><strong>laudantur</strong></span> <span class='ocrx_word' id='word_1_216' title='bbox 1384 3404 1441 3453; x_wconf 89' lang='lat' dir='ltr'><strong>in</strong></span> 
     </span>
     <span class='ocr_line' id='line_1_40' title="bbox 346 3471 1444 3537; baseline 0 -14"><span class='ocrx_word' id='word_1_217' title='bbox 346 3477 493 3523; x_wconf 86' lang='lat' dir='ltr'><strong>nott.</strong></span> <span class='ocrx_word' id='word_1_218' title='bbox 533 3471 885 3537; x_wconf 82' lang='lat' dir='ltr'><strong>Wesselingii</strong></span> <span class='ocrx_word' id='word_1_219' title='bbox 921 3478 977 3524; x_wconf 87' lang='lat' dir='ltr'><strong>et</strong></span> <span class='ocrx_word' id='word_1_220' title='bbox 1015 3472 1319 3537; x_wconf 78' lang='lat' dir='ltr'><strong>Schweigh.</strong></span> <span class='ocrx_word' id='word_1_221' title='bbox 1358 3474 1444 3523; x_wconf 92' lang='lat' dir='ltr'><strong>De</strong></span> 
     </span>
     <span class='ocr_line' id='line_1_41' title="bbox 346 3540 1444 3607; baseline 0.001 -15"><span class='ocrx_word' id='word_1_222' title='bbox 346 3544 476 3607; x_wconf 88' lang='lat' dir='ltr'><strong>ipsa</strong></span> <span class='ocrx_word' id='word_1_223' title='bbox 506 3556 567 3591; x_wconf 90' lang='lat' dir='ltr'><strong>re</strong></span> <span class='ocrx_word' id='word_1_224' title='bbox 600 3540 816 3607; x_wconf 77' lang='lat' dir='ltr'><strong>longior</strong></span> <span class='ocrx_word' id='word_1_225' title='bbox 851 3542 922 3593; x_wconf 85' lang='lat' dir='ltr'><strong>ad</strong></span> <span class='ocrx_word' id='word_1_226' title='bbox 950 3543 1005 3594; x_wconf 86' lang='lat' dir='ltr'><strong>h.</strong></span> <span class='ocrx_word' id='word_1_227' title='bbox 1040 3543 1078 3594; x_wconf 85' lang='lat' dir='ltr'><strong>l.</strong></span> <span class='ocrx_word' id='word_1_228' title='bbox 1118 3547 1298 3592; x_wconf 84' lang='lat' dir='ltr'><strong>exstat</strong></span> <span class='ocrx_word' id='word_1_229' title='bbox 1322 3541 1444 3593; x_wconf 91' lang='lat' dir='ltr'><strong>Bel-</strong></span> 
     </span>
     <span class='ocr_line' id='line_1_42' title="bbox 346 3611 1442 3677; baseline 0 -14"><span class='ocrx_word' id='word_1_230' title='bbox 346 3611 564 3677; x_wconf 80' lang='lat' dir='ltr'><strong>langeri</strong></span> <span class='ocrx_word' id='word_1_231' title='bbox 599 3611 901 3676; x_wconf 85' lang='lat' dir='ltr'><strong>disputatio</strong></span> <span class='ocrx_word' id='word_1_232' title='bbox 952 3613 1010 3662; x_wconf 89' lang='lat' dir='ltr'><strong>in</strong></span> <span class='ocrx_word' id='word_1_233' title='bbox 1044 3612 1305 3663; x_wconf 88' lang='lat' dir='ltr'><strong>Larcheri</strong></span> <span class='ocrx_word' id='word_1_234' title='bbox 1349 3628 1442 3663; x_wconf 92' lang='lat' dir='ltr'><strong>no-</strong></span> 
     </span>
     <span class='ocr_line' id='line_1_43' title="bbox 348 3680 1445 3745; baseline 0.001 -14"><span class='ocrx_word' id='word_1_235' title='bbox 348 3684 444 3732; x_wconf 77' lang='lat' dir='ltr'><strong>tis.</strong></span> <span class='ocrx_word' id='word_1_236' title='bbox 519 3681 749 3743; x_wconf 83' lang='lat' dir='ltr'><strong>Quaerit</strong></span> <span class='ocrx_word' id='word_1_237' title='bbox 802 3681 946 3731; x_wconf 89' lang='lat' dir='ltr'><strong>enim</strong></span> <span class='ocrx_word' id='word_1_238' title='bbox 1004 3680 1127 3742; x_wconf 87' lang='lat' dir='ltr'><strong>ille,</strong></span> <span class='ocrx_word' id='word_1_239' title='bbox 1175 3697 1282 3745; x_wconf 91' lang='lat' dir='ltr'><strong>quo</strong></span> <span class='ocrx_word' id='word_1_240' title='bbox 1338 3680 1445 3732; x_wconf 84' lang='lat' dir='ltr'><strong>fine</strong></span> 
     </span>
     <span class='ocr_line' id='line_1_44' title="bbox 350 3750 1443 3816; baseline -0.002 -14"><span class='ocrx_word' id='word_1_241' title='bbox 350 3750 643 3816; x_wconf 74' lang='lat' dir='ltr'><strong>Spartanis</strong></span> <span class='ocrx_word' id='word_1_242' title='bbox 688 3765 844 3800; x_wconf 88' lang='lat' dir='ltr'><strong>omne</strong></span> <span class='ocrx_word' id='word_1_243' title='bbox 887 3750 1052 3801; x_wconf 82' lang='lat' dir='ltr'><strong>suerit</strong></span> <span class='ocrx_word' id='word_1_244' title='bbox 1095 3750 1443 3802; x_wconf 86' lang='lat' dir='ltr'><strong>interdictum</strong></span> 
     </span>
     <span class='ocr_line' id='line_1_45' title="bbox 352 3819 1445 3885; baseline -0.002 -14"><span class='ocrx_word' id='word_1_245' title='bbox 352 3835 479 3871; x_wconf 87' lang='lat' dir='ltr'><strong>cum</strong></span> <span class='ocrx_word' id='word_1_246' title='bbox 526 3819 830 3883; x_wconf 78' lang='lat' dir='ltr'><strong>peregrinis</strong></span> <span class='ocrx_word' id='word_1_247' title='bbox 879 3819 1133 3885; x_wconf 82' lang='lat' dir='ltr'><strong>gentibus</strong></span> <span class='ocrx_word' id='word_1_248' title='bbox 1188 3835 1445 3871; x_wconf 87' lang='lat' dir='ltr'><strong>commer-</strong></span> 
     </span>
     <span class='ocr_line' id='line_1_46' title="bbox 352 3887 1443 3953; baseline -0.001 -13"><span class='ocrx_word' id='word_1_249' title='bbox 352 3889 517 3949; x_wconf 79' lang='lat' dir='ltr'><strong>cium,</strong></span> <span class='ocrx_word' id='word_1_250' title='bbox 568 3903 676 3951; x_wconf 86' lang='lat' dir='ltr'><strong>quo</strong></span> <span class='ocrx_word' id='word_1_251' title='bbox 721 3887 857 3938; x_wconf 86' lang='lat' dir='ltr'><strong>illud</strong></span> <span class='ocrx_word' id='word_1_252' title='bbox 902 3889 1119 3939; x_wconf 88' lang='lat' dir='ltr'><strong>omnino</strong></span> <span class='ocrx_word' id='word_1_253' title='bbox 1163 3889 1443 3953; x_wconf 85' lang='lat' dir='ltr'><strong>spectarit,</strong></span> 
     </span>
     <span class='ocr_line' id='line_1_47' title="bbox 352 3956 1446 4092; baseline -0.002 -15"><span class='ocrx_word' id='word_1_254' title='bbox 352 3956 950 4080; x_wconf 47' lang='lat'><strong>335251‘33023‘13&#39;3.</strong></span> <span class='ocrx_word' id='word_1_255' title='bbox 968 3958 1446 4092; x_wconf 53' lang='grc' dir='ltr'><strong>Ἑῗῖἱηέθέοιῖξὲῐ</strong></span> 
     </span>
     <span class='ocr_line' id='line_1_48' title="bbox 351 4091 1448 4163; baseline -0.003 -16"><span class='ocrx_word' id='word_1_256' title='bbox 351 4097 579 4163; x_wconf 80' lang='lat' dir='ltr'><strong>poterit,</strong></span> <span class='ocrx_word' id='word_1_257' title='bbox 614 4099 679 4146; x_wconf 85' lang='lat' dir='ltr'><strong>ut</strong></span> <span class='ocrx_word' id='word_1_258' title='bbox 708 4095 983 4146; x_wconf 73' lang='lat' dir='ltr'><strong>nonnullis</strong></span> <span class='ocrx_word' id='word_1_259' title='bbox 1018 4098 1197 4146; x_wconf 81' lang='lat' dir='ltr'><strong>visum</strong></span> <span class='ocrx_word' id='word_1_260' title='bbox 1232 4099 1336 4156; x_wconf 84' lang='lat' dir='ltr'><strong>est,</strong></span> <span class='ocrx_word' id='word_1_261' title='bbox 1362 4091 1448 4154; x_wconf 79' lang='grc' dir='ltr'><strong>ξε-</strong></span> 
     </span>
     <span class='ocr_line' id='line_1_49' title="bbox 352 4163 1448 4229; baseline -0.001 -15"><span class='ocrx_word' id='word_1_262' title='bbox 352 4163 631 4229; x_wconf 71' lang='grc' dir='ltr'><strong><em>νηλασίας</em></strong></span> <span class='ocrx_word' id='word_1_263' title='bbox 677 4165 823 4229; x_wconf 88' lang='lat' dir='ltr'><strong>quod</strong></span> <span class='ocrx_word' id='word_1_264' title='bbox 863 4169 1091 4216; x_wconf 86' lang='lat' dir='ltr'><strong>vocatur</strong></span> <span class='ocrx_word' id='word_1_265' title='bbox 1136 4165 1448 4214; x_wconf 87' lang='lat' dir='ltr'><strong>institutum</strong></span> 
     </span>
     <span class='ocr_line' id='line_1_50' title="bbox 348 4234 1448 4299; baseline -0.002 -14"><span class='ocrx_word' id='word_1_266' title='bbox 348 4235 461 4285; x_wconf 79' lang='lat' dir='ltr'><strong>iam</strong></span> <span class='ocrx_word' id='word_1_267' title='bbox 477 4235 927 4299; x_wconf 77' lang='lat' dir='ltr'><strong>anteLycurgum</strong></span> <span class='ocrx_word' id='word_1_268' title='bbox 944 4234 1260 4296; x_wconf 82' lang='lat' dir='ltr'><strong>invaluisse,</strong></span> <span class='ocrx_word' id='word_1_269' title='bbox 1288 4248 1448 4298; x_wconf 87' lang='lat' dir='ltr'><strong>quem</strong></span> 
     </span>
     <span class='ocr_line' id='line_1_51' title="bbox 350 4303 1450 4370; baseline -0.004 -15"><span class='ocrx_word' id='word_1_270' title='bbox 350 4303 522 4370; x_wconf 79' lang='lat' dir='ltr'><strong>vulgo</strong></span> <span class='ocrx_word' id='word_1_271' title='bbox 556 4303 720 4354; x_wconf 85' lang='lat' dir='ltr'><strong>istius</strong></span> <span class='ocrx_word' id='word_1_272' title='bbox 754 4303 996 4354; x_wconf 86' lang='lat' dir='ltr'><strong>instituti</strong></span> <span class='ocrx_word' id='word_1_273' title='bbox 1022 4308 1301 4354; x_wconf 75' lang='lat' dir='ltr'><strong>auctorem</strong></span> <span class='ocrx_word' id='word_1_274' title='bbox 1329 4318 1450 4365; x_wconf 88' lang='lat' dir='ltr'><strong>per-</strong></span> 
     </span>
     <span class='ocr_line' id='line_1_52' title="bbox 348 4372 1450 4437; baseline -0.004 -13"><span class='ocrx_word' id='word_1_275' title='bbox 348 4374 565 4424; x_wconf 84' lang='lat' dir='ltr'><strong>hibent.</strong></span> <span class='ocrx_word' id='word_1_276' title='bbox 612 4373 805 4437; x_wconf 78' lang='lat' dir='ltr'><strong>Neque</strong></span> <span class='ocrx_word' id='word_1_277' title='bbox 819 4388 950 4423; x_wconf 82' lang='lat' dir='ltr'><strong>vero</strong></span> <span class='ocrx_word' id='word_1_278' title='bbox 979 4388 1136 4422; x_wconf 85' lang='lat' dir='ltr'><strong>omne</strong></span> <span class='ocrx_word' id='word_1_279' title='bbox 1152 4372 1450 4436; x_wconf 84' lang='lat' dir='ltr'><strong>hospitium</strong></span> 
     </span>
     <span class='ocr_line' id='line_1_53' title="bbox 351 4441 1450 4509; baseline -0.001 -17"><span class='ocrx_word' id='word_1_280' title='bbox 351 4456 625 4509; x_wconf 78' lang='lat' dir='ltr'><strong>omneque</strong></span> <span class='ocrx_word' id='word_1_281' title='bbox 644 4456 767 4492; x_wconf 88' lang='lat' dir='ltr'><strong>cum</strong></span> <span class='ocrx_word' id='word_1_282' title='bbox 799 4442 999 4493; x_wconf 79' lang='lat' dir='ltr'><strong>exteris</strong></span> <span class='ocrx_word' id='word_1_283' title='bbox 1025 4441 1283 4508; x_wconf 78' lang='lat' dir='ltr'><strong>gentibus</strong></span> <span class='ocrx_word' id='word_1_284' title='bbox 1307 4455 1450 4493; x_wconf 90' lang='lat' dir='ltr'><strong>com·</strong></span> 
     </span>
    </p>
   </div>
   <div class='ocr_carea' id='block_1_9' title="bbox 1524 1380 2634 3623">
    <p class='ocr_par' dir='ltr' id='par_1_14' title="bbox 1524 1380 2634 3623">
     <span class='ocr_line' id='line_1_54' title="bbox 1526 1380 2618 1446; baseline 0.001 -15"><span class='ocrx_word' id='word_1_285' title='bbox 1526 1382 1784 1432; x_wconf 89' lang='lat' dir='ltr'><strong>mercium</strong></span> <span class='ocrx_word' id='word_1_286' title='bbox 1803 1380 2089 1446; x_wconf 84' lang='lat' dir='ltr'><strong>Spartanis</strong></span> <span class='ocrx_word' id='word_1_287' title='bbox 2109 1381 2457 1432; x_wconf 83' lang='lat' dir='ltr'><strong>interdictum</strong></span> <span class='ocrx_word' id='word_1_288' title='bbox 2484 1382 2618 1433; x_wconf 82' lang='lat' dir='ltr'><strong>fuis-</strong></span> 
     </span>
     <span class='ocr_line' id='line_1_55' title="bbox 1524 1451 2617 1516; baseline -0.001 -14"><span class='ocrx_word' id='word_1_289' title='bbox 1524 1468 1588 1502; x_wconf 85' lang='lat' dir='ltr'><strong>se</strong></span> <span class='ocrx_word' id='word_1_290' title='bbox 1623 1451 1866 1513; x_wconf 86' lang='lat' dir='ltr'><strong>credam,</strong></span> <span class='ocrx_word' id='word_1_291' title='bbox 1915 1467 2034 1502; x_wconf 90' lang='lat' dir='ltr'><strong>cum</strong></span> <span class='ocrx_word' id='word_1_292' title='bbox 2072 1453 2217 1503; x_wconf 86' lang='lat' dir='ltr'><strong>haud</strong></span> <span class='ocrx_word' id='word_1_293' title='bbox 2253 1467 2431 1516; x_wconf 88' lang='lat' dir='ltr'><strong>pauca</strong></span> <span class='ocrx_word' id='word_1_294' title='bbox 2464 1467 2617 1515; x_wconf 88' lang='lat' dir='ltr'><strong>repe-</strong></span> 
     </span>
     <span class='ocr_line' id='line_1_56' title="bbox 1525 1521 2618 1587; baseline -0.001 -15"><span class='ocrx_word' id='word_1_295' title='bbox 1525 1523 1738 1572; x_wconf 85' lang='lat' dir='ltr'><strong>riantur</strong></span> <span class='ocrx_word' id='word_1_296' title='bbox 1771 1522 2010 1585; x_wconf 73' lang='lat' dir='ltr'><strong>vestigia</strong></span> <span class='ocrx_word' id='word_1_297' title='bbox 2053 1521 2283 1587; x_wconf 87' lang='lat' dir='ltr'><strong>hospitii</strong></span> <span class='ocrx_word' id='word_1_298' title='bbox 2320 1522 2618 1587; x_wconf 85' lang='lat' dir='ltr'><strong>Spartano-</strong></span> 
     </span>
     <span class='ocr_line' id='line_1_57' title="bbox 1526 1593 2617 1656; baseline -0.003 -13"><span class='ocrx_word' id='word_1_299' title='bbox 1526 1607 1644 1643; x_wconf 87' lang='lat' dir='ltr'><strong>rum</strong></span> <span class='ocrx_word' id='word_1_300' title='bbox 1685 1607 1806 1641; x_wconf 88' lang='lat' dir='ltr'><strong>cum</strong></span> <span class='ocrx_word' id='word_1_301' title='bbox 1853 1593 2051 1642; x_wconf 85' lang='lat' dir='ltr'><strong>exteris</strong></span> <span class='ocrx_word' id='word_1_302' title='bbox 2096 1593 2248 1655; x_wconf 85' lang='lat' dir='ltr'><strong>initi,</strong></span> <span class='ocrx_word' id='word_1_303' title='bbox 2294 1607 2431 1655; x_wconf 90' lang='lat' dir='ltr'><strong>quos</strong></span> <span class='ocrx_word' id='word_1_304' title='bbox 2467 1593 2617 1656; x_wconf 86' lang='lat' dir='ltr'><strong>ipsos</strong></span> 
     </span>
     <span class='ocr_line' id='line_1_58' title="bbox 1527 1660 2617 1725; baseline -0.002 -13"><span class='ocrx_word' id='word_1_305' title='bbox 1527 1662 1690 1713; x_wconf 82' lang='lat' dir='ltr'><strong>festis</strong></span> <span class='ocrx_word' id='word_1_306' title='bbox 1726 1662 1957 1725; x_wconf 77' lang='lat' dir='ltr'><strong>Spartae</strong></span> <span class='ocrx_word' id='word_1_307' title='bbox 1994 1661 2283 1713; x_wconf 84' lang='lat' dir='ltr'><strong>celebratis</strong></span> <span class='ocrx_word' id='word_1_308' title='bbox 2318 1660 2466 1712; x_wconf 76' lang='lat' dir='ltr'><strong>haud</strong></span> <span class='ocrx_word' id='word_1_309' title='bbox 2489 1676 2617 1711; x_wconf 86' lang='lat' dir='ltr'><strong>raro</strong></span> 
     </span>
     <span class='ocr_line' id='line_1_59' title="bbox 1526 1730 2619 1797; baseline -0.001 -15"><span class='ocrx_word' id='word_1_310' title='bbox 1526 1731 1843 1782; x_wconf 76' lang='lat' dir='ltr'><strong>interfuisse</strong></span> <span class='ocrx_word' id='word_1_311' title='bbox 1857 1730 2105 1796; x_wconf 83' lang='lat' dir='ltr'><strong>legimus.</strong></span> <span class='ocrx_word' id='word_1_312' title='bbox 2143 1732 2472 1797; x_wconf 77' lang='lat' dir='ltr'><strong>Peregrinae</strong></span> <span class='ocrx_word' id='word_1_313' title='bbox 2495 1731 2619 1781; x_wconf 85' lang='lat' dir='ltr'><strong>stir-</strong></span> 
     </span>
     <span class='ocr_line' id='line_1_60' title="bbox 1526 1800 2620 1867; baseline -0.001 -17"><span class='ocrx_word' id='word_1_314' title='bbox 1526 1801 1613 1867; x_wconf 87' lang='lat' dir='ltr'><strong>pis</strong></span> <span class='ocrx_word' id='word_1_315' title='bbox 1649 1800 1859 1850; x_wconf 85' lang='lat' dir='ltr'><strong>incolas</strong></span> <span class='ocrx_word' id='word_1_316' title='bbox 1903 1802 2085 1864; x_wconf 88' lang='lat' dir='ltr'><strong>potius</strong></span> <span class='ocrx_word' id='word_1_317' title='bbox 2134 1802 2336 1866; x_wconf 79' lang='lat' dir='ltr'><strong>Sparta</strong></span> <span class='ocrx_word' id='word_1_318' title='bbox 2380 1803 2620 1850; x_wconf 89' lang='lat' dir='ltr'><strong>remotos</strong></span> 
     </span>
     <span class='ocr_line' id='line_1_61' title="bbox 1529 1869 2621 1936; baseline -0.002 -14"><span class='ocrx_word' id='word_1_319' title='bbox 1529 1870 1772 1922; x_wconf 83' lang='lat' dir='ltr'><strong>voluisse</strong></span> <span class='ocrx_word' id='word_1_320' title='bbox 1818 1870 2105 1932; x_wconf 79' lang='lat' dir='ltr'><strong>videntur,</strong></span> <span class='ocrx_word' id='word_1_321' title='bbox 2157 1872 2252 1936; x_wconf 91' lang='lat' dir='ltr'><strong>qui</strong></span> <span class='ocrx_word' id='word_1_322' title='bbox 2307 1885 2429 1921; x_wconf 86' lang='lat' dir='ltr'><strong>cum</strong></span> <span class='ocrx_word' id='word_1_323' title='bbox 2481 1869 2621 1920; x_wconf 83' lang='lat' dir='ltr'><strong>alius</strong></span> 
     </span>
     <span class='ocr_line' id='line_1_62' title="bbox 1530 1940 2623 2005; baseline -0.003 -14"><span class='ocrx_word' id='word_1_324' title='bbox 1530 1945 1717 1991; x_wconf 82' lang='lat' dir='ltr'><strong>essent</strong></span> <span class='ocrx_word' id='word_1_325' title='bbox 1760 1940 1976 2005; x_wconf 84' lang='lat' dir='ltr'><strong>generis</strong></span> <span class='ocrx_word' id='word_1_326' title='bbox 2020 1941 2306 2005; x_wconf 89' lang='lat' dir='ltr'><strong>ipsumque</strong></span> <span class='ocrx_word' id='word_1_327' title='bbox 2345 1940 2497 1989; x_wconf 83' lang='lat' dir='ltr'><strong>vitae</strong></span> <span class='ocrx_word' id='word_1_328' title='bbox 2532 1955 2623 2004; x_wconf 79' lang='lat' dir='ltr'><strong>ge-</strong></span> 
     </span>
     <span class='ocr_line' id='line_1_63' title="bbox 1529 2008 2621 2075; baseline -0.004 -14"><span class='ocrx_word' id='word_1_329' title='bbox 1529 2026 1635 2061; x_wconf 87' lang='lat' dir='ltr'><strong>nus</strong></span> <span class='ocrx_word' id='word_1_330' title='bbox 1668 2013 2006 2060; x_wconf 85' lang='lat' dir='ltr'><strong>sectarentur</strong></span> <span class='ocrx_word' id='word_1_331' title='bbox 2042 2009 2284 2071; x_wconf 82' lang='lat' dir='ltr'><strong>mollins,</strong></span> <span class='ocrx_word' id='word_1_332' title='bbox 2322 2008 2621 2075; x_wconf 87' lang='lat' dir='ltr'><strong>periculum</strong></span> 
     </span>
     <span class='ocr_line' id='line_1_64' title="bbox 1532 2080 2624 2144; baseline -0.003 -13"><span class='ocrx_word' id='word_1_333' title='bbox 1532 2086 1653 2132; x_wconf 87' lang='lat' dir='ltr'><strong>erat</strong></span> <span class='ocrx_word' id='word_1_334' title='bbox 1696 2095 1766 2129; x_wconf 89' lang='lat' dir='ltr'><strong>ne</strong></span> <span class='ocrx_word' id='word_1_335' title='bbox 1813 2080 2012 2129; x_wconf 85' lang='lat' dir='ltr'><strong>civium</strong></span> <span class='ocrx_word' id='word_1_336' title='bbox 2069 2081 2464 2144; x_wconf 72' lang='lat' dir='ltr'><strong>Spartanorum</strong></span> <span class='ocrx_word' id='word_1_337' title='bbox 2511 2096 2624 2129; x_wconf 89' lang='lat' dir='ltr'><strong>mo-</strong></span> 
     </span>
     <span class='ocr_line' id='line_1_65' title="bbox 1532 2149 2621 2212; baseline -0.002 -12"><span class='ocrx_word' id='word_1_338' title='bbox 1532 2166 1620 2200; x_wconf 86' lang='lat' dir='ltr'><strong>res</strong></span> <span class='ocrx_word' id='word_1_339' title='bbox 1657 2149 1928 2212; x_wconf 85' lang='lat' dir='ltr'><strong>frequenti</strong></span> <span class='ocrx_word' id='word_1_340' title='bbox 1976 2164 2096 2199; x_wconf 90' lang='lat' dir='ltr'><strong>cum</strong></span> <span class='ocrx_word' id='word_1_341' title='bbox 2145 2150 2253 2201; x_wconf 81' lang='lat' dir='ltr'><strong>illis</strong></span> <span class='ocrx_word' id='word_1_342' title='bbox 2297 2149 2621 2200; x_wconf 89' lang='lat' dir='ltr'><strong>commercio</strong></span> 
     </span>
     <span class='ocr_line' id='line_1_66' title="bbox 1533 2220 2620 2285; baseline 0 -16"><span class='ocrx_word' id='word_1_343' title='bbox 1533 2220 1977 2282; x_wconf 72' lang='lat' dir='ltr'><strong>depravarentur.</strong></span> <span class='ocrx_word' id='word_1_344' title='bbox 2016 2221 2095 2271; x_wconf 81' lang='lat' dir='ltr'><strong>Ac</strong></span> <span class='ocrx_word' id='word_1_345' title='bbox 2131 2221 2312 2285; x_wconf 88' lang='lat' dir='ltr'><strong>prisca</strong></span> <span class='ocrx_word' id='word_1_346' title='bbox 2346 2220 2620 2281; x_wconf 87' lang='lat' dir='ltr'><strong>instituta,</strong></span> 
     </span>
     <span class='ocr_line' id='line_1_67' title="bbox 1532 2290 2624 2357; baseline 0 -18"><span class='ocrx_word' id='word_1_347' title='bbox 1532 2290 1742 2354; x_wconf 85' lang='lat' dir='ltr'><strong>priscos</strong></span> <span class='ocrx_word' id='word_1_348' title='bbox 1791 2303 1967 2338; x_wconf 88' lang='lat' dir='ltr'><strong>mores</strong></span> <span class='ocrx_word' id='word_1_349' title='bbox 2017 2295 2352 2357; x_wconf 83' lang='lat' dir='ltr'><strong>quantopere</strong></span> <span class='ocrx_word' id='word_1_350' title='bbox 2408 2305 2624 2341; x_wconf 90' lang='lat' dir='ltr'><strong>conser-</strong></span> 
     </span>
     <span class='ocr_line' id='line_1_68' title="bbox 1530 2357 2622 2421; baseline 0.002 -12"><span class='ocrx_word' id='word_1_351' title='bbox 1530 2374 1664 2409; x_wconf 75' lang='lat' dir='ltr'><strong>vare</strong></span> <span class='ocrx_word' id='word_1_352' title='bbox 1701 2357 2010 2408; x_wconf 87' lang='lat' dir='ltr'><strong>studuerint</strong></span> <span class='ocrx_word' id='word_1_353' title='bbox 2027 2360 2221 2421; x_wconf 82' lang='lat' dir='ltr'><strong>Dores‚</strong></span> <span class='ocrx_word' id='word_1_354' title='bbox 2248 2376 2406 2412; x_wconf 88' lang='lat' dir='ltr'><strong>nemo</strong></span> <span class='ocrx_word' id='word_1_355' title='bbox 2426 2360 2622 2411; x_wconf 87' lang='lat' dir='ltr'><strong>nescit.</strong></span> 
     </span>
     <span class='ocr_line' id='line_1_69' title="bbox 1532 2428 2622 2494; baseline 0.001 -14"><span class='ocrx_word' id='word_1_356' title='bbox 1532 2431 1618 2480; x_wconf 91' lang='lat' dir='ltr'><strong>De</strong></span> <span class='ocrx_word' id='word_1_357' title='bbox 1637 2428 1742 2478; x_wconf 87' lang='lat' dir='ltr'><strong>hac</strong></span> <span class='ocrx_word' id='word_1_358' title='bbox 1765 2428 2154 2491; x_wconf 86' lang='lat' dir='ltr'><strong>Spartanorum</strong></span> <span class='ocrx_word' id='word_1_359' title='bbox 2181 2428 2488 2494; x_wconf 72' lang='grc' dir='ltr'><strong><em>ξενηλασία</em></strong></span> <span class='ocrx_word' id='word_1_360' title='bbox 2508 2429 2622 2481; x_wconf 84' lang='lat' dir='ltr'><strong>vid.</strong></span> 
     </span>
     <span class='ocr_line' id='line_1_70' title="bbox 1535 2497 2622 2563; baseline 0.001 -14"><span class='ocrx_word' id='word_1_361' title='bbox 1535 2500 1599 2549; x_wconf 87' lang='lat' dir='ltr'><strong>C.</strong></span> <span class='ocrx_word' id='word_1_362' title='bbox 1640 2497 1709 2549; x_wconf 90' lang='grc' dir='ltr'><strong>Ο.</strong></span> <span class='ocrx_word' id='word_1_363' title='bbox 1747 2497 1978 2548; x_wconf 65' lang='grc' dir='ltr'><strong>ΜιιοῑῙοι·</strong></span> <span class='ocrx_word' id='word_1_364' title='bbox 2009 2500 2143 2551; x_wconf 91' lang='lat' dir='ltr'><strong>Dor.</strong></span> <span class='ocrx_word' id='word_1_365' title='bbox 2189 2502 2267 2551; x_wconf 93' lang='lat'><strong>11.</strong></span> <span class='ocrx_word' id='word_1_366' title='bbox 2317 2516 2372 2563; x_wconf 88' lang='lat' dir='ltr'><strong>p.</strong></span> <span class='ocrx_word' id='word_1_367' title='bbox 2408 2500 2461 2551; x_wconf 84' lang='lat'><strong>8.</strong></span> <span class='ocrx_word' id='word_1_368' title='bbox 2499 2499 2622 2550; x_wconf 78' lang='lat'><strong>411.</strong></span> 
     </span>
     <span class='ocr_line' id='line_1_71' title="bbox 1536 2566 2621 2633; baseline 0.001 -15"><span class='ocrx_word' id='word_1_369' title='bbox 1536 2567 1661 2619; x_wconf 88' lang='lat' dir='ltr'><strong>coll.</strong></span> <span class='ocrx_word' id='word_1_370' title='bbox 1710 2568 1827 2617; x_wconf 71' lang='lat'><strong>157.</strong></span> <span class='ocrx_word' id='word_1_371' title='bbox 1877 2566 1998 2617; x_wconf 73' lang='lat' dir='ltr'><strong>22ss.</strong></span> <span class='ocrx_word' id='word_1_372' title='bbox 2044 2575 2098 2618; x_wconf 89' lang='lat' dir='ltr'><strong>et</strong></span> <span class='ocrx_word' id='word_1_373' title='bbox 2148 2585 2288 2633; x_wconf 93' lang='lat' dir='ltr'><strong>quae</strong></span> <span class='ocrx_word' id='word_1_374' title='bbox 2330 2569 2523 2629; x_wconf 77' lang='lat' dir='ltr'><strong>laudat</strong></span> <span class='ocrx_word' id='word_1_375' title='bbox 2558 2568 2621 2619; x_wconf 87' lang='lat' dir='ltr'><strong>C.</strong></span> 
     </span>
     <span class='ocr_line' id='line_1_72' title="bbox 1534 2637 2626 2690; baseline -0.002 -2"><span class='ocrx_word' id='word_1_376' title='bbox 1534 2640 1602 2688; x_wconf 82' lang='lat' dir='ltr'><strong>F.</strong></span> <span class='ocrx_word' id='word_1_377' title='bbox 1678 2637 1977 2687; x_wconf 86' lang='lat' dir='ltr'><strong>Hermann.</strong></span> <span class='ocrx_word' id='word_1_378' title='bbox 2054 2638 2270 2690; x_wconf 83' lang='lat' dir='ltr'><strong>Griech.</strong></span> <span class='ocrx_word' id='word_1_379' title='bbox 2357 2637 2626 2688; x_wconf 84' lang='lat' dir='ltr'><strong>Staatsal-</strong></span> 
     </span>
     <span class='ocr_line' id='line_1_73' title="bbox 1535 2705 2626 2771; baseline -0.001 -14"><span class='ocrx_word' id='word_1_380' title='bbox 1535 2705 1704 2757; x_wconf 86' lang='lat' dir='ltr'><strong>terth.</strong></span> <span class='ocrx_word' id='word_1_381' title='bbox 1739 2709 1793 2769; x_wconf 64' lang='lat' dir='ltr'><strong>g.</strong></span> <span class='ocrx_word' id='word_1_382' title='bbox 1832 2707 1920 2756; x_wconf 85' lang='grc'><strong>27.</strong></span> <span class='ocrx_word' id='word_1_383' title='bbox 1955 2710 2072 2768; x_wconf 78' lang='lat' dir='ltr'><strong>not.</strong></span> <span class='ocrx_word' id='word_1_384' title='bbox 2115 2708 2196 2758; x_wconf 75' lang='lat'><strong>14.</strong></span> <span class='ocrx_word' id='word_1_385' title='bbox 2237 2709 2420 2771; x_wconf 87' lang='lat' dir='ltr'><strong>Atque</strong></span> <span class='ocrx_word' id='word_1_386' title='bbox 2453 2708 2626 2756; x_wconf 88' lang='lat' dir='ltr'><strong>Hero-</strong></span> 
     </span>
     <span class='ocr_line' id='line_1_74' title="bbox 1538 2775 2624 2840; baseline -0.002 -13"><span class='ocrx_word' id='word_1_387' title='bbox 1538 2777 1701 2827; x_wconf 86' lang='lat' dir='ltr'><strong>dotus</strong></span> <span class='ocrx_word' id='word_1_388' title='bbox 1754 2790 1918 2840; x_wconf 86' lang='lat' dir='ltr'><strong>quum</strong></span> <span class='ocrx_word' id='word_1_389' title='bbox 1980 2775 2067 2825; x_wconf 82' lang='lat' dir='ltr'><strong>vel</strong></span> <span class='ocrx_word' id='word_1_390' title='bbox 2125 2781 2254 2828; x_wconf 76' lang='lat' dir='ltr'><strong>ante</strong></span> <span class='ocrx_word' id='word_1_391' title='bbox 2313 2778 2624 2839; x_wconf 71' lang='lat' dir='ltr'><strong>Lycurgum</strong></span> 
     </span>
     <span class='ocr_line' id='line_1_75' title="bbox 1537 2841 2626 2909; baseline -0.003 -12"><span class='ocrx_word' id='word_1_392' title='bbox 1537 2844 2005 2897; x_wconf 88' lang='lat' dir='ltr'><strong>Lacedaemonios</strong></span> <span class='ocrx_word' id='word_1_393' title='bbox 2054 2841 2290 2902; x_wconf 75' lang='grc' dir='ltr'><strong><em>ξείνοισι</em></strong></span> <span class='ocrx_word' id='word_1_394' title='bbox 2345 2841 2626 2909; x_wconf 76' lang='grc' dir='ltr'><strong><em>ἅπροσμί-</em></strong></span> 
     </span>
     <span class='ocr_line' id='line_1_76' title="bbox 1537 2914 2628 2979; baseline 0 -13"><span class='ocrx_word' id='word_1_395' title='bbox 1537 2929 1711 2970; x_wconf 76' lang='grc' dir='ltr'><strong><em>κτους</em></strong></span> <span class='ocrx_word' id='word_1_396' title='bbox 1744 2914 1916 2964; x_wconf 86' lang='lat' dir='ltr'><strong>fuisse</strong></span> <span class='ocrx_word' id='word_1_397' title='bbox 1952 2915 2183 2979; x_wconf 86' lang='lat' dir='ltr'><strong>scribat,</strong></span> <span class='ocrx_word' id='word_1_398' title='bbox 2222 2916 2370 2968; x_wconf 81' lang='lat' dir='ltr'><strong>haud</strong></span> <span class='ocrx_word' id='word_1_399' title='bbox 2406 2917 2520 2967; x_wconf 91' lang='lat' dir='ltr'><strong>scio</strong></span> <span class='ocrx_word' id='word_1_400' title='bbox 2558 2931 2628 2966; x_wconf 91' lang='lat' dir='ltr'><strong>an</strong></span> 
     </span>
     <span class='ocr_line' id='line_1_77' title="bbox 1539 2980 2627 3051; baseline 0 -15"><span class='ocrx_word' id='word_1_401' title='bbox 1539 2988 1716 3051; x_wconf 74' lang='lat' dir='ltr'><strong>ipsam</strong></span> <span class='ocrx_word' id='word_1_402' title='bbox 1784 2983 1927 3034; x_wconf 86' lang='lat' dir='ltr'><strong>hanc</strong></span> <span class='ocrx_word' id='word_1_403' title='bbox 1999 2980 2341 3048; x_wconf 79' lang='grc' dir='ltr'><strong><em>ξενηλασίαν</em></strong></span> <span class='ocrx_word' id='word_1_404' title='bbox 2405 2990 2627 3051; x_wconf 88' lang='lat' dir='ltr'><strong>postero</strong></span> 
     </span>
     <span class='ocr_line' id='line_1_78' title="bbox 1537 3053 2626 3122; baseline -0.001 -15"><span class='ocrx_word' id='word_1_405' title='bbox 1537 3062 1782 3119; x_wconf 90' lang='lat' dir='ltr'><strong>tempore</strong></span> <span class='ocrx_word' id='word_1_406' title='bbox 1817 3053 2150 3106; x_wconf 88' lang='lat' dir='ltr'><strong>obtinentem</strong></span> <span class='ocrx_word' id='word_1_407' title='bbox 2196 3057 2278 3108; x_wconf 86' lang='lat' dir='ltr'><strong>ita</strong></span> <span class='ocrx_word' id='word_1_408' title='bbox 2311 3057 2626 3122; x_wconf 77' lang='lat' dir='ltr'><strong>respexerit,</strong></span> 
     </span>
     <span class='ocr_line' id='line_1_79' title="bbox 1539 3121 2627 3191; baseline 0.001 -15"><span class='ocrx_word' id='word_1_409' title='bbox 1539 3131 1603 3176; x_wconf 86' lang='lat' dir='ltr'><strong>ut</strong></span> <span class='ocrx_word' id='word_1_410' title='bbox 1680 3121 1767 3174; x_wconf 82' lang='lat' dir='ltr'><strong>vel</strong></span> <span class='ocrx_word' id='word_1_411' title='bbox 1851 3124 2041 3189; x_wconf 88' lang='lat' dir='ltr'><strong>primis</strong></span> <span class='ocrx_word' id='word_1_412' title='bbox 2111 3125 2220 3176; x_wconf 85' lang='lat' dir='ltr'><strong>illis</strong></span> <span class='ocrx_word' id='word_1_413' title='bbox 2294 3127 2627 3191; x_wconf 81' lang='lat' dir='ltr'><strong>temporibus</strong></span> 
     </span>
     <span class='ocr_line' id='line_1_80' title="bbox 1540 3196 2630 3260; baseline -0.002 -12"><span class='ocrx_word' id='word_1_414' title='bbox 1540 3196 1843 3259; x_wconf 82' lang='lat' dir='ltr'><strong>Spartanos</strong></span> <span class='ocrx_word' id='word_1_415' title='bbox 1877 3208 1912 3244; x_wconf 88' lang='lat' dir='ltr'><strong>a</strong></span> <span class='ocrx_word' id='word_1_416' title='bbox 1940 3196 2346 3260; x_wconf 83' lang='lat' dir='ltr'><strong>peregrinorum</strong></span> <span class='ocrx_word' id='word_1_417' title='bbox 2371 3211 2630 3247; x_wconf 90' lang='lat' dir='ltr'><strong>commer-</strong></span> 
     </span>
     <span class='ocr_line' id='line_1_81' title="bbox 1542 3263 2631 3329; baseline -0.001 -13"><span class='ocrx_word' id='word_1_418' title='bbox 1542 3266 1626 3316; x_wconf 92' lang='lat' dir='ltr'><strong>cio</strong></span> <span class='ocrx_word' id='word_1_419' title='bbox 1666 3263 2012 3314; x_wconf 85' lang='lat' dir='ltr'><strong>abhorruisse</strong></span> <span class='ocrx_word' id='word_1_420' title='bbox 2039 3264 2428 3317; x_wconf 84' lang='lat' dir='ltr'><strong>declaraverit:</strong></span> <span class='ocrx_word' id='word_1_421' title='bbox 2466 3265 2631 3329; x_wconf 89' lang='lat' dir='ltr'><strong>idque</strong></span> 
     </span>
     <span class='ocr_line' id='line_1_82' title="bbox 1539 3333 2633 3400; baseline 0 -16"><span class='ocrx_word' id='word_1_422' title='bbox 1539 3336 1718 3399; x_wconf 90' lang='lat' dir='ltr'><strong>ipsum</strong></span> <span class='ocrx_word' id='word_1_423' title='bbox 1752 3333 1802 3382; x_wconf 88' lang='lat' dir='ltr'><strong>si</strong></span> <span class='ocrx_word' id='word_1_424' title='bbox 1834 3334 2205 3384; x_wconf 86' lang='lat' dir='ltr'><strong>Hermannum</strong></span> <span class='ocrx_word' id='word_1_425' title='bbox 2244 3335 2490 3400; x_wconf 81' lang='lat' dir='ltr'><strong>(Antiqq.</strong></span> <span class='ocrx_word' id='word_1_426' title='bbox 2525 3336 2633 3384; x_wconf 89' lang='lat' dir='ltr'><strong>La-</strong></span> 
     </span>
     <span class='ocr_line' id='line_1_83' title="bbox 1542 3401 2633 3467; baseline -0.005 -11"><span class='ocrx_word' id='word_1_427' title='bbox 1542 3420 1704 3456; x_wconf 87' lang='lat' dir='ltr'><strong>conn.</strong></span> <span class='ocrx_word' id='word_1_428' title='bbox 1744 3419 1798 3467; x_wconf 94' lang='lat' dir='ltr'><strong>p.</strong></span> <span class='ocrx_word' id='word_1_429' title='bbox 1837 3401 1925 3453; x_wconf 85' lang='lat'><strong>38.</strong></span> <span class='ocrx_word' id='word_1_430' title='bbox 1963 3402 2075 3464; x_wconf 76' lang='lat'><strong>30.)</strong></span> <span class='ocrx_word' id='word_1_431' title='bbox 2115 3402 2430 3465; x_wconf 87' lang='lat' dir='ltr'><strong>audiamus,</strong></span> <span class='ocrx_word' id='word_1_432' title='bbox 2467 3404 2633 3466; x_wconf 86' lang='lat' dir='ltr'><strong>perti-</strong></span> 
     </span>
     <span class='ocr_line' id='line_1_84' title="bbox 1543 3471 2631 3537; baseline -0.004 -13"><span class='ocrx_word' id='word_1_433' title='bbox 1543 3474 1711 3524; x_wconf 85' lang='lat' dir='ltr'><strong>nebat</strong></span> <span class='ocrx_word' id='word_1_434' title='bbox 1745 3472 1816 3521; x_wconf 89' lang='lat' dir='ltr'><strong>ad</strong></span> <span class='ocrx_word' id='word_1_435' title='bbox 1853 3472 2190 3537; x_wconf 82' lang='lat' dir='ltr'><strong>alienigenas</strong></span> <span class='ocrx_word' id='word_1_436' title='bbox 2226 3471 2372 3523; x_wconf 86' lang='lat' dir='ltr'><strong>haud</strong></span> <span class='ocrx_word' id='word_1_437' title='bbox 2407 3487 2631 3535; x_wconf 86' lang='lat' dir='ltr'><strong>paucos,</strong></span> 
     </span>
     <span class='ocr_line' id='line_1_85' title="bbox 1548 3542 2634 3623; baseline -0.003 -31"><span class='ocrx_word' id='word_1_438' title='bbox 1548 3543 1641 3607; x_wconf 83' lang='lat' dir='ltr'><strong>qui</strong></span> <span class='ocrx_word' id='word_1_439' title='bbox 1677 3542 2150 3623; x_wconf 58' lang='lat' dir='ltr'><strong>inter-,primorum</strong></span> <span class='ocrx_word' id='word_1_440' title='bbox 2185 3545 2488 3603; x_wconf 86' lang='lat' dir='ltr'><strong>temporum</strong></span> <span class='ocrx_word' id='word_1_441' title='bbox 2508 3555 2634 3590; x_wconf 92' lang='lat' dir='ltr'><strong>con-</strong></span> 
     </span>
    </p>
   </div>
   <div class='ocr_carea' id='block_1_10' title="bbox 1500 3610 2634 3672">
    <p class='ocr_par' dir='ltr' id='par_1_15' title="bbox 1500 3610 2634 3672">
     <span class='ocr_line' id='line_1_86' title="bbox 1500 3610 2634 3672; baseline -0.004 -10"><span class='ocrx_word' id='word_1_442' title='bbox 1500 3640 1509 3649; x_wconf 93' lang='lat'><strong>·</strong></span> <span class='ocrx_word' id='word_1_443' title='bbox 1545 3612 1812 3662; x_wconf 85' lang='lat' dir='ltr'><strong>fusionem</strong></span> <span class='ocrx_word' id='word_1_444' title='bbox 1851 3627 1908 3660; x_wconf 78' lang='lat' dir='ltr'><strong>in</strong></span> <span class='ocrx_word' id='word_1_445' title='bbox 1937 3610 2215 3661; x_wconf 83' lang='lat' dir='ltr'><strong>civitatem</strong></span> <span class='ocrx_word' id='word_1_446' title='bbox 2242 3611 2634 3672; x_wconf 79' lang='lat' dir='ltr'><strong>Spartanorum</strong></span> 
     </span>
    </p>
   </div>
   <div class='ocr_carea' id='block_1_11' title="bbox 1547 3678 2642 4496">
    <p class='ocr_par' dir='ltr' id='par_1_16' title="bbox 1547 3678 2638 4011">
     <span class='ocr_line' id='line_1_87' title="bbox 1547 3678 2636 3744; baseline -0.004 -13"><span class='ocrx_word' id='word_1_447' title='bbox 1547 3679 1757 3744; x_wconf 88' lang='lat' dir='ltr'><strong>recepti</strong></span> <span class='ocrx_word' id='word_1_448' title='bbox 1811 3694 1932 3729; x_wconf 88' lang='lat' dir='ltr'><strong>cum</strong></span> <span class='ocrx_word' id='word_1_449' title='bbox 1980 3679 2114 3741; x_wconf 88' lang='lat' dir='ltr'><strong>ipsis</strong></span> <span class='ocrx_word' id='word_1_450' title='bbox 2159 3680 2445 3744; x_wconf 86' lang='lat' dir='ltr'><strong>Spartanis</strong></span> <span class='ocrx_word' id='word_1_451' title='bbox 2495 3678 2636 3728; x_wconf 80' lang='lat' dir='ltr'><strong>diffl-</strong></span> 
     </span>
     <span class='ocr_line' id='line_1_88' title="bbox 1548 3746 2637 3807; baseline -0.003 -6"><span class='ocrx_word' id='word_1_452' title='bbox 1548 3750 1723 3802; x_wconf 77' lang='lat' dir='ltr'><strong>culter</strong></span> <span class='ocrx_word' id='word_1_453' title='bbox 1783 3746 2114 3807; x_wconf 85' lang='lat' dir='ltr'><strong>coaluerint;</strong></span> <span class='ocrx_word' id='word_1_454' title='bbox 2166 3764 2268 3799; x_wconf 87' lang='lat' dir='ltr'><strong>nec</strong></span> <span class='ocrx_word' id='word_1_455' title='bbox 2321 3747 2429 3798; x_wconf 84' lang='lat' dir='ltr'><strong>alio</strong></span> <span class='ocrx_word' id='word_1_456' title='bbox 2483 3748 2637 3798; x_wconf 85' lang='lat' dir='ltr'><strong>abire</strong></span> 
     </span>
     <span class='ocr_line' id='line_1_89' title="bbox 1547 3816 2638 3870; baseline -0.002 -1"><span class='ocrx_word' id='word_1_457' title='bbox 1547 3818 1708 3870; x_wconf 82' lang='lat' dir='ltr'><strong>video</strong></span> <span class='ocrx_word' id='word_1_458' title='bbox 1747 3816 2074 3867; x_wconf 84' lang='lat' dir='ltr'><strong>sententiam</strong></span> <span class='ocrx_word' id='word_1_459' title='bbox 2097 3819 2395 3868; x_wconf 88' lang='lat' dir='ltr'><strong>Hermanui</strong></span> <span class='ocrx_word' id='word_1_460' title='bbox 2416 3817 2638 3869; x_wconf 80' lang='lat' dir='ltr'><strong>Gabriel</strong></span> 
     </span>
     <span class='ocr_line' id='line_1_90' title="bbox 1550 3886 2635 4011; baseline 0 -74"><span class='ocrx_word' id='word_1_461' title='bbox 1550 3887 1655 3949; x_wconf 89' lang='lat' dir='ltr'><strong>(De</strong></span> <span class='ocrx_word' id='word_1_462' title='bbox 1711 3886 2047 4011; x_wconf 44' lang='lat' dir='ltr'><strong>maggsgratt.</strong></span> <span class='ocrx_word' id='word_1_463' title='bbox 2104 3887 2346 3939; x_wconf 84' lang='lat' dir='ltr'><strong>Lacedd.</strong></span> <span class='ocrx_word' id='word_1_464' title='bbox 2397 3887 2635 3938; x_wconf 82' lang='lat' dir='ltr'><strong>Berolin&#39;.</strong></span> 
     </span>
    </p>

    <p class='ocr_par' dir='ltr' id='par_1_17' title="bbox 1551 3969 2640 4286">
     <span class='ocr_line' id='line_1_91' title="bbox 1622 3969 2640 4090; baseline 0 -17"><span class='ocrx_word' id='word_1_465' title='bbox 1622 4016 1678 4079; x_wconf 65' lang='grc' dir='ltr'><strong>ἐς</strong></span> <span class='ocrx_word' id='word_1_466' title='bbox 1713 3969 1778 4073; x_wconf 54' lang='grc' dir='ltr'><strong><em>τε</em></strong></span> <span class='ocrx_word' id='word_1_467' title='bbox 1827 4021 2100 4090; x_wconf 77' lang='grc' dir='ltr'><strong><em>μέγαρον]</em></strong></span> <span class='ocrx_word' id='word_1_468' title='bbox 2151 4022 2396 4089; x_wconf 70' lang='grc' dir='ltr'><strong><em>μέγαρον</em></strong></span> <span class='ocrx_word' id='word_1_469' title='bbox 2441 4029 2527 4075; x_wconf 87' lang='lat' dir='ltr'><strong>est</strong></span> <span class='ocrx_word' id='word_1_470' title='bbox 2560 4026 2640 4074; x_wconf 90' lang='lat' dir='ltr'><strong>in-</strong></span> 
     </span>
     <span class='ocr_line' id='line_1_92' title="bbox 1551 4093 2639 4158; baseline -0.003 -12"><span class='ocrx_word' id='word_1_471' title='bbox 1551 4094 1723 4146; x_wconf 87' lang='lat' dir='ltr'><strong>terius</strong></span> <span class='ocrx_word' id='word_1_472' title='bbox 1759 4093 1951 4156; x_wconf 87' lang='lat' dir='ltr'><strong>templi</strong></span> <span class='ocrx_word' id='word_1_473' title='bbox 1983 4094 2270 4158; x_wconf 84' lang='lat' dir='ltr'><strong>sacellum,</strong></span> <span class='ocrx_word' id='word_1_474' title='bbox 2304 4094 2400 4144; x_wconf 86' lang='lat' dir='ltr'><strong>ubi</strong></span> <span class='ocrx_word' id='word_1_475' title='bbox 2437 4094 2639 4157; x_wconf 77' lang='lat' dir='ltr'><strong>Pythia</strong></span> 
     </span>
     <span class='ocr_line' id='line_1_93' title="bbox 1552 4162 2637 4215; baseline -0.002 0"><span class='ocrx_word' id='word_1_476' title='bbox 1552 4163 1962 4215; x_wconf 87' lang='lat' dir='ltr'><strong>sciscitantibus</strong></span> <span class='ocrx_word' id='word_1_477' title='bbox 2009 4164 2231 4215; x_wconf 87' lang='lat' dir='ltr'><strong>oracula</strong></span> <span class='ocrx_word' id='word_1_478' title='bbox 2275 4162 2407 4213; x_wconf 84' lang='lat' dir='ltr'><strong>edit.</strong></span> <span class='ocrx_word' id='word_1_479' title='bbox 2478 4163 2637 4213; x_wconf 77' lang='lat' dir='ltr'><strong>Conf.</strong></span> 
     </span>
     <span class='ocr_line' id='line_1_94' title="bbox 1551 4233 2620 4286; baseline 0.003 -3"><span class='ocrx_word' id='word_1_480' title='bbox 1551 4237 1693 4284; x_wconf 86' lang='lat' dir='ltr'><strong>nott.</strong></span> <span class='ocrx_word' id='word_1_481' title='bbox 1734 4233 1804 4284; x_wconf 84' lang='lat' dir='ltr'><strong>ad</strong></span> <span class='ocrx_word' id='word_1_482' title='bbox 1841 4233 1886 4286; x_wconf 83' lang='lat'><strong>1,</strong></span> <span class='ocrx_word' id='word_1_483' title='bbox 1923 4234 2011 4282; x_wconf 77' lang='lat'><strong>47.</strong></span> <span class='ocrx_word' id='word_1_484' title='bbox 2615 4280 2620 4286; x_wconf 92' lang='lat'><strong>.</strong></span> 
     </span>
    </p>

    <p class='ocr_par' dir='ltr' id='par_1_18' title="bbox 1550 4287 2642 4496">
     <span class='ocr_line' id='line_1_95' title="bbox 1622 4287 2639 4365; baseline -0.008 -14"><span class='ocrx_word' id='word_1_485' title='bbox 1622 4290 1668 4351; x_wconf 73' lang='grc' dir='ltr'><em>ὦ</em></span> <span class='ocrx_word' id='word_1_486' title='bbox 1723 4295 2040 4365; x_wconf 76' lang='grc' dir='ltr'><strong><em>Λυκόοργε]</em></strong></span> <span class='ocrx_word' id='word_1_487' title='bbox 2103 4299 2281 4361; x_wconf 81' lang='lat' dir='ltr'><strong>Vulgo</strong></span> <span class='ocrx_word' id='word_1_488' title='bbox 2338 4287 2639 4359; x_wconf 78' lang='grc' dir='ltr'><strong><em>Λυκόεργε,</em></strong></span> 
     </span>
     <span class='ocr_line' id='line_1_96' title="bbox 1552 4362 2642 4445; baseline -0.008 -23"><span class='ocrx_word' id='word_1_489' title='bbox 1552 4371 1696 4437; x_wconf 87' lang='lat' dir='ltr'><strong>quod</strong></span> <span class='ocrx_word' id='word_1_490' title='bbox 1740 4387 1770 4421; x_wconf 85' lang='lat' dir='ltr'><strong>e</strong></span> <span class='ocrx_word' id='word_1_491' title='bbox 1822 4369 2148 4421; x_wconf 84' lang='lat' dir='ltr'><strong>Schellersh.</strong></span> <span class='ocrx_word' id='word_1_492' title='bbox 2195 4371 2251 4417; x_wconf 90' lang='lat' dir='ltr'><strong>et</strong></span> <span class='ocrx_word' id='word_1_493' title='bbox 2285 4366 2531 4445; x_wconf 70' lang='lat' dir='ltr'><strong>Mediceo</strong></span> <span class='ocrx_word' id='word_1_494' title='bbox 2573 4362 2642 4413; x_wconf 87' lang='lat' dir='ltr'><strong>li-</strong></span> 
     </span>
     <span class='ocr_line' id='line_1_97' title="bbox 1550 4434 2639 4496; baseline -0.011 -4"><span class='ocrx_word' id='word_1_495' title='bbox 1550 4441 1651 4492; x_wconf 89' lang='lat' dir='ltr'><strong>bro</strong></span> <span class='ocrx_word' id='word_1_496' title='bbox 1678 4442 2114 4490; x_wconf 75' lang='lat' dir='ltr'><strong>nuncmutatum</strong></span> <span class='ocrx_word' id='word_1_497' title='bbox 2139 4439 2224 4485; x_wconf 87' lang='lat' dir='ltr'><strong>est</strong></span> <span class='ocrx_word' id='word_1_498' title='bbox 2249 4434 2307 4483; x_wconf 86' lang='lat' dir='ltr'><strong>in</strong></span> <span class='ocrx_word' id='word_1_499' title='bbox 2326 4434 2639 4496; x_wconf 76' lang='grc' dir='ltr'><strong><em>Αυκοοργε,</em></strong></span> 
     </span>
    </p>
   </div>
  </div>
 </body>
</html>
