3109 5092
466 359 590 422 364
1336 360 1882 423 HERODOTI

333 543 451 606 183
468 563 576 605 ται
617 534 732 615 τὰς
775 532 1024 615 νύκτας
1070 539 1201 604 ἔσω
1241 537 1318 606 ἐν
1357 540 1452 629 τῷ
1493 540 1658 628 νηῷ.
1722 532 1911 605 Ἔστι
1966 537 2042 608 δὲ
2088 541 2211 607 τοῦ
2260 538 2338 607 ἐν
2381 539 2744 622 Βαβυλῶνι

468 644 621 729 ἱροῦ
660 640 772 707 καὶ
815 634 1015 718 ἄλλος
1053 637 1233 708 κάτω
1272 637 1461 727 νηὸς,
1520 646 1695 708 ἔνθα
1746 636 2012 729 ἄγαλμα
2055 641 2224 730 μέγα
2261 641 2385 710 τοῦ
2430 634 2604 719 Διὸς
2641 644 2745 709 ἔνι

468 742 845 832 κατήμενον
882 740 1168 829 χρύσεον
1187 793 1204 826 ,
1250 750 1370 812 καί
1402 746 1473 811 oc
1506 741 1795 830 τράπεζα
1836 743 2093 833 μεγάλη
2133 742 2540 833 παρακέεται
2580 769 2743 830 χρυ-

467 849 623 935 σέη,
653 846 765 915 καὶ
800 841 875 913 τὸ
909 846 1175 934 βάθρον
1208 850 1279 915 oc
1299 847 1411 915 καὶ
1439 841 1476 914 ὅ
1510 845 1763 934 θρόνος
1798 847 2078 935 χρύσεός
2105 849 2244 917 έστι
2267 868 2283 884 ·
2340 845 2453 916 καὶ
2485 839 2576 924 ὥς
2598 850 2743 914 ἔλε-

469 977 594 1040 γον
647 955 717 1020 οἱ
755 954 1120 1042 Χαλδαῖοι,
1186 948 1536 1019 ταλάντων
1588 947 2004 1020 ὀκτακοσίων
2054 955 2339 1041 χρυσίου
2391 955 2746 1037 πεποίηται

466 1057 698 1123 ταῦτα.
765 1055 888 1133 ἔξω
931 1052 1010 1121 δὲ
1042 1056 1163 1121 τοῦ
1194 1058 1364 1141 νηοῦ
1398 1051 1623 1141 βωμός
1655 1053 1793 1122 ἐστι
1820 1052 2120 1142 χρύσεος.
2186 1060 2326 1123 ἔστι
2366 1050 2444 1120 δὲ
2482 1053 2593 1120 καὶ
2624 1048 2743 1121 ἄλ.-

471 1166 586 1236 λος
619 1153 844 1245 βωμὸς
884 1156 1125 1244 μέγας,
1169 1151 1344 1224 ὅπου
1375 1154 1618 1225 θύεται
1654 1154 1735 1224 τά
1768 1159 1964 1227 τέλεα
2002 1162 2142 1226 τῶν
2194 1153 2572 1245 προβάτων.
2640 1157 2750 1225 ἐπὶ

473 1258 604 1350 γὰρ
642 1264 765 1329 τοῦ
800 1262 1088 1348 χρυσέου
1127 1263 1363 1348 βωμοῦ
1402 1255 1527 1327 οῦκ
1571 1263 1781 1341 ἔξεστι
1819 1260 2062 1344 θύειν,
2103 1256 2205 1329 ὅτι
2259 1257 2349 1348 μὴ
2393 1256 2751 1346 γαλαθηνὰ

474 1368 717 1454 μοῦνα.
781 1364 890 1431 ἐπὶ
934 1361 1008 1431 δὲ
1049 1367 1171 1430 τοῦ
1201 1364 1469 1452 μέζονος
1508 1367 1747 1451 βωμοῦ
1777 1366 1890 1434 καὶ
1917 1370 2343 1452 καταγίζουσι
2374 1366 2754 1450 λιβανωτοῦ

476 1473 654 1556 χίλια
683 1465 976 1535 τάλαντα
1005 1471 1185 1547 ἔτεος
1222 1466 1502 1536 ἑκάστου
1532 1470 1604 1534 οἰ
1633 1472 1962 1537 Χαλδαῖοι
2003 1467 2189 1552 τότε,
2230 1462 2438 1536 ἐπεὰν
2474 1461 2599 1553 τὴν
2632 1460 2747 1550 ὄρ-

477 1568 602 1659 τὴν
632 1566 841 1656 ἄγωσι
877 1573 973 1660 τῷ
1001 1573 1147 1660 θεῷ
1183 1570 1417 1661 τούτῳ.
1480 1559 1607 1638 Ἦν
1637 1568 1713 1639 δὲ
1754 1572 1827 1639 ἐν
1854 1575 1947 1664 τῷ
1974 1574 2244 1660 τεμένει·
2264 1568 2480 1661 τούτῳ
2509 1573 2604 1637 ἔτι
2634 1566 2753 1638 τὸν

478 1671 725 1762 χρόνον
772 1674 1034 1742 ἐκεῖνον
1077 1674 1189 1741 καὶ
1231 1669 1510 1761 ἀνδριὰς
1548 1671 1862 1743 δυώδεκα
1905 1678 2207 1763 πηχέων,
2250 1672 2564 1762 χρύσεος,
2600 1692 2748 1740 στε-

480 1776 651 1865 ρεός.
733 1773 864 1863 ἐγώ
905 1774 1033 1864 μέν
1074 1803 1193 1862 μιν
1228 1773 1354 1845 οὐκ
1396 1774 1614 1845 εἶδον·
1651 1773 1734 1844 τὰ
1772 1776 1848 1846 δὲ
1887 1777 2149 1865 λέγεται
2194 1772 2328 1846 ὑπὸ
2369 1780 2752 1858 Χαλδαίων,

475 1886 686 1950 ταῦτα
728 1878 923 1967 λέγω.
996 1878 1214 1973 τούτῳ
1250 1884 1344 1974 τῷ
1395 1874 1747 1969 ἀνδριάντι
1788 1889 2080 1971 Δαρεῖος
2121 1880 2245 1970 μὲν
2287 1876 2323 1950 ὁ
2357 1875 2754 1961 Ὑστάσπεος

472 2091 550 2154 ῙῙ,
578 2091 664 2141 55.
703 2089 799 2152 VI,
818 2087 908 2140 66.
944 2088 1102 2150 VIII,
1132 2088 1231 2140 135
1256 2089 1387 2156 ibiq.
1416 2094 1558 2140 nott.

473 2165 529 2210 et
574 2158 839 2209 Valcken.
898 2158 970 2208 ad
1016 2158 1199 2211 Schol.
1259 2159 1315 2210 in
1367 2160 1558 2225 Eurip.

474 2228 757 2280 Phoeniss.
794 2227 918 2277 210.

755 2434 883 2485 Car.
922 2433 1274 2486 CLXXXIII.

547 2552 645 2608 καὶ
674 2572 739 2606 το
752 2547 1010 2675 ἔβαθρον
1049 2549 1110 2605 οῖ
1141 2550 1236 2605 καὶ
1275 2544 1304 2605 ὅ
1341 2546 1565 2619 θρόνος

477 2619 715 2694 χρῦσεός
780 2624 887 2692 στι]
935 2641 999 2674 το
1046 2616 1276 2693 βάθρον
1322 2630 1407 2675 est
1448 2641 1566 2676 sca-

475 2698 652 2750 bellum
687 2713 755 2761 s.,
791 2702 854 2747 ut
887 2696 1104 2746 Curtius
1140 2695 1334 2757 vertit,
1367 2695 1567 2761 gradus

475 2773 623 2829 ἰηιιω,
663 2783 771 2832 quo
816 2767 886 2817 ad
923 2756 1167 2828 θρόνον,
1210 2765 1247 2815 i.
1287 2780 1335 2815 e.
1372 2764 1566 2816 sellam

476 2838 762 2890 celsiorem
816 2840 871 2886 et
917 2835 1190 2896 altiorem,
1243 2850 1354 2900 qua
1406 2848 1565 2898 reges

475 2908 792 2972 plerumque
840 2909 1067 2955 utuntur
1114 2904 1288 2967 diive,
1341 2903 1566 2954 adscen-

478 2976 655 3037 ditur,
691 2990 735 3026 3.
775 2974 921 3039 quod
957 2974 1011 3023 in
1034 2965 1233 3034 θρόνω
1259 2974 1564 3024 sedentium

477 3045 708 3111 pedibus
758 3042 1101 3107 supponitur.
1172 3042 1317 3093 Hinc
1363 3043 1567 3093 Diodo-

478 3130 571 3165 rus
610 3113 800 3174 XVII,
836 3112 906 3163 66
951 3115 1115 3160 vocat
1158 3103 1224 3160 τὸ
1272 3102 1417 3160 κατὰ
1463 3103 1568 3160 τδν

478 3177 708 3244 θρόνον
746 3150 1129 3247 ὖπόβαθρον,
1177 3181 1320 3245 quod
1357 3180 1464 3242 ita,
1505 3184 1568 3230 ut

480 3253 617 3315 dixi,
644 3250 880 3302 reddidit
907 3249 1126 3301 Curtius
1152 3249 1220 3312 V,
1259 3252 1319 3310 2;
1365 3249 1460 3298 alii
1489 3251 1568 3301 di-

480 3327 614 3375 cunt
660 3312 1014 3372 ὑποπόδιον.
1050 3349 1122 3359 --
1158 3317 1450 3386 octingenta
1488 3325 1570 3370 ta·

480 3394 633 3444 lenta
697 3390 979 3458 ponderis,
1045 3388 1222 3440 iudice
1274 3388 1569 3451 Lambere,

481 3461 797 3528 aequabunt
891 3474 1155 3511 summam
1251 3459 1463 3524 56ῤ60,
1467 3459 1571 3510 000

479 3535 814 3586 Francorum
849 3544 1185 3580 nummorum
1223 3525 1501 3593 (Francs).

552 3666 703 3701 οπου
764 3642 971 3704 θύεται
1041 3639 1120 3699 τὰ
1192 3645 1388 3699 τέλεα
1453 3663 1570 3698 των

481 3712 807 3807 κροβάτων]
862 3719 1141 3772 Werferus
1191 3718 1246 3770 h.
1289 3719 1339 3770 1.
1393 3719 1572 3769 citans

484 3795 541 3842 iu
574 3791 721 3841 Actt.
759 3789 910 3853 phill.
948 3790 1198 3840 Monacc.
1246 3789 1292 3851 Ι,
1333 3790 1382 3839 1.
1440 3804 1570 3854 pag.

483 3861 573 3912 85.
627 3859 843 3910 restitui
906 3857 1028 3908 vult
1089 3859 1264 3923 magis
1324 3858 1574 3912 Ionicum

484 3943 654 3978 οκου
701 3941 797 3992 pro
843 3914 1025 3990 ὅπου,
1072 3927 1234 3992 idque
1285 3927 1450 3977 etiam
1491 3944 1573 3979 re-

486 3996 632 4062 cepit
668 3997 924 4058 Dietsch‚
978 3996 1200 4048 iubente
1244 3997 1479 4048 Bredoxr.
1515 4013 1574 4063 p.

487 4066 561 4119 89
592 4069 646 4115 et
668 4063 757 4115 90.
818 4065 1085 4129 Equidem
1108 4081 1284 4131 neque
1302 4066 1405 4117 boc
1431 4065 1571 4131 loco,

488 4150 663 4200 neque
699 4134 845 4188 infra
878 4133 923 4194 Ι,
966 4133 1066 4188 188
1098 4150 1132 4184 ιι
1164 4133 1318 4185 libris
1351 4137 1461 4186 seri
1500 4136 1573 4187 tis

491 4151 771 4258 discedere
816 4201 984 4254 vohu-
1020 4231 1093 4243 -
1126 4203 1257 4254 Mox
1302 4196 1371 4254 τὰ
1417 4221 1449 4254 τ
1476 4206 1574 4255 lea

490 4275 556 4340 (i.
596 4289 645 4326 e.
681 4269 886 4333 τέλειας
926 4269 1070 4322 conf.
1108 4273 1348 4326 Bredov.
1384 4291 1438 4339 p.
1468 4276 1570 4326 155

491 4343 629 4409 seq.)
681 4341 749 4392 de
805 4340 1041 4392 victimis
1095 4339 1295 4392 dicitur
1350 4343 1573 4408 adultis,

488 4413 735 4481 integris,
754 4425 895 4480 quae
914 4411 1161 4468 omnibus
1183 4413 1421 4474 numeris
1447 4419 1575 4470 sunt

1660 2090 1937 2155 perfectae
1982 2106 2083 2140 nec
2108 2088 2275 2140 ullum
2312 2091 2562 2142 mendum
2597 2107 2753 2156 prae·

1660 2161 1820 2218 bent,
1865 2164 1927 2210 ut
1974 2161 2122 2225 apud
2156 2162 2379 2212 Homer.
2431 2160 2519 2213 Ili.
2563 2161 2611 2223 Ι,
2660 2161 2751 2213 66.

1661 2230 1863 2293 XXIV,
1898 2231 1984 2281 34.
2024 2228 2140 2292 (ubi
2179 2231 2390 2282 consul.
2425 2231 2752 2295 interpretes

1665 2304 1721 2350 et
1758 2304 1976 2351 veteres
1993 2305 2047 2349 et
2081 2299 2453 2365 recentiores),
2490 2306 2545 2351 et
2580 2302 2754 2351 Hero·

1666 2370 1781 2420 dot.
1817 2370 1918 2432 VI,
1955 2370 2041 2421 57.
2116 2370 2239 2419 Vid.
2268 2371 2330 2421 C.
2359 2370 2563 2421 Baehr:
2600 2371 2756 2435 Sym-

1665 2438 1775 2489 bol.
1819 2438 1869 2489 d.
1910 2454 2044 2488 moa.
2085 2438 2228 2491 Cult.
2263 2440 2338 2491 ΙΙ.
2376 2456 2431 2505 p.
2475 2439 2579 2491 297
2626 2439 2751 2491 coll.

1668 2509 1732 2560 C.
1768 2509 1834 2560 F.
1871 2509 2176 2559 Hermann:
2216 2508 2626 2561 Gottesdienstl.
2665 2509 2757 2560 Al-

1670 2577 1833 2629 terth.
1871 2581 1920 2642 fi.
1960 2578 2045 2629 26.
2092 2583 2209 2629 not.
2259 2580 2342 2631 17.
2416 2580 2500 2630 Ab
2548 2578 2631 2629 his
2676 2579 2757 2627 vi-

1667 2648 1847 2698 ctimis
1913 2648 2209 2699 maioribus
2279 2653 2445 2715 atque
2499 2648 2757 2729 perfectis

1666 2732 1793 2766 mox
1829 2716 2239 2783 distinguuntur
2273 2709 2593 2783 γαλαθηνὰ,
2629 2720 2668 2768 i.
2707 2733 2755 2769 e.

1666 2786 1932 2837 lactentia
1983 2787 2246 2839 animalia
2309 2787 2458 2852 (nam
2518 2788 2758 2838 infantes

1667 2872 1880 2921 quoque
1946 2855 2213 2907 lactentes
2291 2857 2594 2923 intelligere
2661 2857 2760 2907 im-

1667 2924 1966 2987 molandos,
2006 2932 2067 2976 ut
2097 2927 2368 2978 Moversio
2390 2926 2571 2992 placet
2588 2927 2759 2978 Phoe-

1669 2994 1777 3045 niz.
1829 2995 1876 3046 1.
1933 3011 1986 3058 p.
2042 2997 2160 3057 181,
2209 2996 2342 3046 nihil
2395 2995 2587 3061 cogit),
2636 3012 2757 3046 cum

1668 3063 1833 3128 vulgo
1866 3065 1994 3115 talis
2032 3067 2233 3116 aetatis
2277 3066 2567 3128 animalia,
2618 3081 2760 3131 quae

1669 3149 1834 3183 unum
1881 3134 2118 3185 nondum
2175 3137 2493 3199 attigissent
2540 3151 2758 3198 annum,

1670 3217 1778 3253 non
1827 3209 2214 3258 mactarentur.
2284 3205 2416 3266 Ipsa
2450 3221 2559 3256 vox
2596 3204 2762 3269 γαλα-

1670 3265 1834 3335 θηνὰ
1870 3275 2192 3334 Homerica3
2243 3276 2355 3324 vid.
2411 3274 2760 3341 Odyss.1V,

1672 3341 1776 3393 336
1835 3342 1958 3392 coll.
2026 3343 2204 3394 Athen
2265 3345 2361 3395 IX.
2422 3361 2477 3410 p.
2541 3343 2644 3395 396
2698 3346 2758 3395 C.

1674 3411 1958 3461 Caeterum
2003 3413 2163 3463 lactis
2199 3413 2654 3476 significationem
2708 3415 2764 3465 in

1673 3480 1984 3536 Mithriacis
2025 3484 2370 3533 tesserariam
2417 3484 2508 3533 hic
2548 3498 2764 3564 quoque

1673 3550 1872 3630 respici
1908 3550 2028 3601 vult
2064 3552 2281 3603 Movere
2316 3553 2527 3603 1.1.-
2554 3553 2639 3603 De
2676 3567 2766 3602 οτι

1673 3611 1751 3684 μὴ
1799 3619 1855 3668 in
1903 3636 2053 3686 seqq.
2109 3621 2768 3684 conf.1,18.181‚ac

1675 3688 1742 3739 de
1764 3688 2151 3769 καταγίζεινΙ,
2178 3691 2267 3744 86.
2301 3693 2419 3744 167.
2446 3691 2623 3742 —Ad
2642 3708 2764 3743 voc.

1674 3750 1979 3824 προβάτων
2021 3760 2462 3826 of.1,133.—
2497 3760 2649 3812 Mille
2684 3766 2768 3812 ta

1671 3827 1824 3878 lenta
1883 3829 2151 3892 efficient,
2229 3831 2418 3881 eodem
2488 3831 2766 3883 Larchero

1672 3902 1842 3960 teste,
1907 3899 2055 3949 circa
2105 3868 2190 3962 5’1,
2236 3899 2341 3951 432
2399 3902 2536 3950 turis
2573 3900 2766 3954 libras.

1671 3968 1758 4017 De
1783 3968 1902 4032 ipso
1936 3969 2079 4019 festo
2104 3969 2240 4018 nihil
2262 3971 2376 4021 fere
2402 3970 2622 4021 aliunde
2641 3986 2768 4021 con-

1676 4040 1806 4090 stat.
1849 4037 2006 4089 Conf.
2047 4039 2318 4091 Muenter.
2355 4039 2394 4090 1.
2430 4040 2470 4091 1.
2508 4055 2565 4105 p.
2603 4039 2692 4091 66.

1745 4133 1825 4189 ἔτι
1856 4130 1959 4190 τὸν
1980 4133 2195 4208 χρόνον
2220 4132 2510 4208 ἐκεινου]
2493 4160 2533 4195 ι.
2561 4159 2608 4195 e.
2633 4145 2767 4195 Xer-

1675 4210 1760 4328 13.ἰ3
1793 4214 2001 4275 aetate,
2055 4215 2117 4262 ut
2155 4227 2222 4261 ex
2266 4214 2621 4278 sequentibus
2656 4212 2765 4263 col-

1673 4278 1884 4411 fiatur.
1957 4280 2042 4331 Ad
2098 4282 2268 4332 verba
2323 4283 2598 4347 proxima·
2655 4273 2762 4346 ἐγω

1671 4417 1703 4470 I
1673 4363 1922 4474 ungue
1971 4340 2080 4402 οῦκ
2122 4342 2286 4401 εἶδον
2330 4353 2477 4404 conf.
2527 4355 2642 4403 not.
2691 4350 2765 4404 ad

1706 4453 1721 4482 2
