3109 5092
1235 368 1493 433 OLIO.
1541 372 1594 433 Ι.
1641 381 1762 438 193.

2505 367 2632 432 387

354 541 671 615 ἁπασέων
714 547 946 637 μακρῷ
979 539 1251 634 ἀρίστη,
1297 550 1437 615 τῶν
1474 542 1666 635 ἡμεῖς
1694 551 1923 634 ἴδμεν,
1970 544 2326 636 Δήμητρος
2368 542 2630 635 καρπὸν

352 746 569 796 Ctesias
614 743 685 794 ad
729 743 1065 808 Euphratem
1116 744 1441 795 collocatam

351 831 473 865 esse
509 815 710 864 tradat.
777 815 926 876 Quos
965 819 1028 863 ut
1064 813 1439 878 conciliarent,

352 885 623 949 duplicem
679 883 807 933 olim
861 883 1140 934 exstitisse
1188 884 1442 934 dixerunt

354 955 583 1015 Ninum,
629 953 886 1014 alteram,
939 967 1079 1018 quae
1124 952 1194 1003 ad
1230 954 1439 1019 Tigrin,

353 1023 615 1086 alteram,
663 1037 805 1087 quae
854 1021 925 1072 ad
958 1022 1292 1086 Euphratem
1331 1024 1440 1072 sita

353 1094 538 1143 fuerit.
608 1091 749 1142 Vide
787 1106 927 1156 quae
964 1091 1074 1140 dixi
1111 1092 1182 1141 ad
1218 1091 1437 1142 Ctesiae

351 1163 603 1227 fragmm.
648 1177 774 1226 pag.
823 1161 923 1212 391
975 1176 1121 1226 seq.,
1166 1161 1261 1211 ubi
1299 1164 1440 1212 viro-

351 1247 469 1281 rum
506 1232 790 1281 doctorum
825 1232 1127 1280 sententias
1172 1233 1436 1282 recensui.

352 1301 461 1352 Sed
509 1302 619 1350 iam
657 1299 952 1350 Rennelius
1000 1299 1057 1349 in
1093 1301 1292 1366 Geogr.
1331 1302 1440 1352 He-

352 1370 531 1420 rodot.
586 1385 715 1435 pag.
772 1369 877 1420 498
933 1368 1019 1418 ed.
1064 1369 1297 1420 Bredov.
1348 1371 1440 1421 Ni-

353 1456 481 1490 num
507 1441 669 1489 sitam
696 1453 817 1489 esse
850 1437 1134 1488 contendit
1162 1455 1190 1488 e
1218 1441 1440 1504 regione

355 1510 471 1560 eius
509 1509 644 1571 loci,
689 1508 783 1572 qui
825 1523 971 1557 nunc
1016 1508 1217 1557 dicitur
1250 1509 1438 1564 Mosul.

354 1580 555 1644 quippe
586 1577 682 1628 ubi
719 1582 775 1626 et
807 1577 1041 1627 nominis
1073 1577 1243 1642 ipsius
1277 1579 1441 1628 vesti-

355 1652 446 1713 gia
492 1645 970 1711 aedificiorumque
1012 1646 1209 1695 rudera
1264 1647 1441 1697 adhuc

356 1717 656 1783 supersint,
702 1720 959 1780 recteque
993 1716 1157 1765 etiam
1194 1717 1438 1782 Breiger.

357 1787 706 1851 (Commentt.
747 1785 814 1835 de
864 1784 1094 1835 difficill.
1131 1784 1297 1836 Asiae
1334 1787 1442 1836 He-

355 1857 471 1906 rod.
520 1871 645 1921 pag.
686 1857 750 1906 52
784 1855 922 1919 seq.)
979 1855 1270 1905 orientales
1316 1871 1441 1920 geo-

355 1925 591 1990 graphos
625 1925 779 1989 sequi
814 1924 1050 1986 mavult,
1089 1925 1183 1988 qui
1218 1925 1438 1987 Ninum,

354 2010 518 2060 quam
567 1993 943 2043 Esri-Nt’nvele
996 1993 1305 2057 appellent,
1367 1993 1436 2043 ad

354 2063 673 2115 orientalem
693 2062 935 2127 Tigridis
958 2063 1132 2127 ripam
1168 2064 1330 2113 sitam
1356 2078 1440 2112 re-

354 2134 564 2194 ferunt,
610 2147 677 2182 ex
719 2133 950 2182 adverso
987 2132 1305 2183 recentioris
1349 2148 1438 2182 ur-

352 2203 438 2253 bis
496 2202 702 2261 Mosu13
760 2201 924 2266 idque
984 2202 1150 2251 etiam
1208 2201 1438 2267 posthac

356 2273 494 2322 satis
523 2272 810 2336 probatum
855 2272 1182 2338 invenerunt
1215 2271 1310 2321 alii
1348 2286 1438 2335 pe-

354 2342 736 2407 regrinatores,
753 2340 915 2406 Angli
934 2340 1273 2406 potissimum
1286 2341 1439 2402 (Kin-

357 2412 501 2473 neir,
559 2410 725 2474 Rich,
789 2409 1153 2471 Ainsworth),
1216 2424 1443 2474 quorum

354 2480 695 2529 narrationes
719 2479 936 2530 exhibet
952 2481 1132 2530 Ritter
1148 2478 1445 2529 Erdkunde

355 2550 454 2600 XI.
502 2565 557 2615 p.
602 2551 701 2600 221
752 2564 866 2614 seq.
929 2549 1232 2614 quibusque
1277 2549 1442 2597 etiam

356 2619 494 2668 bene
533 2633 666 2668 usus
709 2624 795 2667 est
846 2617 1002 2668 Tuch
1046 2619 1101 2666 in
1147 2620 1444 2667 accuratis-

356 2689 495 2738 sima
528 2691 984 2738 commentatione
1021 2687 1089 2736 de
1111 2687 1255 2737 Nino
1288 2688 1441 2748 urbe,

357 2773 496 2823 quae
524 2757 727 2822 prodiit
763 2758 915 2820 Lips.
960 2756 1112 2807 1845.
1169 2756 1274 2817 Qui
1305 2757 1443 2806 bene

358 2826 598 2876 ostendit
618 2842 684 2877 ex
715 2828 859 2875 omni
881 2826 1226 2890 antiquitatis
1253 2831 1307 2875 et
1336 2841 1443 2875 me-

357 2896 434 2945 dii
463 2897 586 2946 aevi
620 2896 942 2959 scriptorum
982 2894 1277 2944 traditione
1318 2910 1443 2944 con-

358 2965 615 3015 sentienti
660 2965 903 3029 ipsisque
948 2965 1118 3014 ruinis
1173 2962 1444 3013 aedificio-

356 3050 475 3084 rum
520 3034 782 3098 probata,
846 3035 1046 3084 Ninum
1095 3034 1149 3082 in
1191 3033 1445 3083 orientali

358 3103 601 3168 Tigridis
622 3104 742 3168 ripa
756 3119 819 3152 ex
836 3104 1067 3153 adverso
1082 3103 1232 3151 urbis
1243 3102 1442 3164 Mosul‚

359 3187 465 3238 quo
498 3172 619 3223 loco
661 3187 805 3222 nunc
841 3171 995 3222 collis
1035 3176 1091 3221 et
1124 3172 1240 3235 ipse
1277 3171 1445 3220 artifi-

359 3244 540 3292 ciosus
577 3243 823 3306 exsurgit
863 3257 984 3291 cum
1017 3240 1219 3305 templo
1256 3241 1446 3291 Maho-

360 3312 708 3362 medanorum
748 3317 803 3361 et
836 3310 1101 3375 sepulcro,
1136 3309 1279 3374 quod
1317 3309 1448 3360 dici-

359 3387 448 3431 tur
477 3384 646 3432 Ionae
672 3380 857 3446 (Nebhz‘
882 3379 1107 3444 Varus),
1149 3394 1339 3428 revera
1376 3380 1446 3428 si-

362 3456 473 3500 tam
513 3452 709 3511 fuisse3
750 3449 860 3499 vid.
900 3449 1243 3513 potissimum
1273 3464 1328 3513 p.
1355 3450 1442 3498 ⁶25.

360 3520 429 3570 38
475 3535 626 3585 seqq.
724 3521 883 3570 Nunc
945 3534 1074 3568 vero
1138 3533 1226 3567 res
1290 3522 1447 3568 extra

361 3605 571 3640 omnem
596 3589 993 3638 dubitationem
1012 3587 1211 3652 posita,
1248 3604 1314 3638 ex
1339 3602 1445 3652 quo

360 3660 530 3708 Botta
574 3662 629 3708 et
663 3657 897 3707 Flandin
946 3657 1016 3706 ad
1059 3656 1238 3706 vicum
1274 3657 1447 3707 Kher-

362 3728 560 3789 sabad,
599 3728 693 3791 qui
725 3726 938 3793 aliquot
967 3726 1221 3775 horarum
1253 3727 1448 3776 itinere

363 3797 534 3846 distat
568 3796 638 3846 ab
676 3811 740 3846 eo
775 3811 932 3860 quem
969 3794 1080 3844 dixi
1111 3794 1262 3859 loco,
1301 3799 1447 3846 vete·

361 3881 477 3915 rum
526 3867 788 3930 Assyriae
832 3880 1019 3929 regum
1066 3864 1302 3929 palatia,
1365 3881 1446 3914 re-

362 3940 512 3985 mota
543 3940 720 3984 terrae
756 3937 811 3983 et
845 3949 1041 3983 arenae
1080 3933 1246 3997 mole,
1301 3933 1447 3983 dete-

361 4009 572 4066 xerunt,
586 4004 851 4068 pluraque
867 4003 977 4052 alia
994 4006 1238 4054 veterum
1261 4018 1445 4068 regum

361 4077 527 4138 atque
560 4073 735 4137 ipsius
760 4073 891 4123 Nini
916 4073 1114 4122 veteris
1142 4072 1354 4137 palatia
1382 4088 1448 4121 ac

363 4147 710 4192 monumenta
744 4142 802 4191 in
838 4141 1013 4191 lucem
1048 4142 1278 4206 protulit
1311 4141 1448 4191 cele-

363 4212 626 4261 berrimus
681 4211 903 4276 Layard
964 4214 1075 4260 tam
1140 4211 1211 4260 ad
1267 4212 1446 4260 vicum

362 4280 687 4346 Kuyunyik‚
736 4281 829 4345 qui
863 4294 1032 4345 prope
1066 4280 1237 4330 Ionae
1273 4279 1450 4344 sepul-

364 4365 513 4400 crum
550 4347 852 4414 collemque
874 4349 1010 4398 situs
1043 4352 1154 4409 est,
1192 4364 1353 4413 quam
1378 4348 1449 4397 ad

363 4419 546 4470 vicum
590 4417 850 4482 Nimrnd,
905 4417 997 4484 qui
1046 4415 1257 4483 aliquot
1302 4416 1450 4467 boris

1542 749 1820 800 meridiem
1864 761 2056 798 versus
2104 747 2229 798 inde
2274 745 2472 808 distat,
2520 761 2626 811 quo

1542 819 1658 869 fere
1703 818 1825 870 loco
1860 818 1975 867 Zab
2012 818 2184 867 maior
2226 817 2284 866 in
2318 817 2510 881 Tigrin
2547 817 2627 865 in·

1541 888 1685 938 fluit:
1724 887 1867 938 unde
1889 885 2062 937 multa
2084 886 2280 937 eximia
2304 886 2438 936 artis
2464 900 2631 950 opera

1540 963 1598 1008 et
1619 960 1968 1008 monumenta
2001 956 2060 1007 in
2083 958 2360 1020 Europam
2394 956 2629 1005 advecta

1541 1027 1684 1077 inter
1738 1026 1978 1091 reliquos
2030 1026 2204 1076 musei
2265 1025 2627 1075 Londinensis

1540 1101 1597 1146 et
1642 1095 1971 1146 Parisiensis
2021 1096 2308 1146 thesauros
2357 1094 2630 1145 asservari

1543 1166 1681 1216 satis
1714 1170 1950 1216 constat.
2016 1166 2168 1227 Quae
2195 1180 2325 1214 vero
2351 1164 2463 1214 dixi
2485 1163 2627 1226 loca,

1544 1251 1612 1285 ea
1646 1236 1827 1285 omnia
1849 1235 2099 1299 quamvis
2135 1235 2345 1301 aliquot
2377 1234 2628 1283 horarum

1543 1306 1724 1370 spatio
1773 1304 2068 1367 distantia,
2131 1303 2202 1354 ad
2250 1306 2452 1353 veteris
2498 1302 2628 1352 Nini

1518 1374 1806 1424 ambitum
1841 1374 2194 1438 pertinuisse,
2241 1373 2334 1423 vix
2376 1373 2630 1422 dubitan-

1543 1442 1698 1505 dum,
1748 1443 2122 1508 Herodotique
2171 1443 2497 1505 auctorItas,
2559 1440 2630 1491 ad

1544 1513 1728 1577 Tigris
1762 1513 1937 1576 ripam
1973 1518 2306 1563 exstructam
2344 1512 2516 1561 fuisse
2537 1511 2630 1561 Ni-

1541 1597 1672 1631 num
1708 1582 2025 1646 scribentis,
2078 1583 2273 1632 eximie
2314 1581 2631 1646 comproba-

1541 1657 1650 1701 tur.
1724 1651 1834 1702 Sed
1863 1651 1930 1701 de
1962 1652 2046 1701 his
2072 1652 2321 1702 omnibus
2353 1652 2444 1716 qui
2471 1650 2631 1715 plura

1542 1721 1765 1785 cupiat,
1841 1720 1916 1770 is*
1949 1722 2114 1770 adeat
2173 1719 2514 1785 splendidum
2575 1722 2630 1767 et

1541 1789 1750 1854 grande
1775 1804 1910 1854 opus
1936 1790 2214 1842 Gallorum
2240 1805 2371 1840 cura
2396 1789 2627 1838 editum:

1539 1860 1886 1909 Monuments
1936 1859 2002 1909 de
2033 1860 2235 1909 Ninive
2272 1864 2379 1910 etc.
2417 1874 2515 1922 par
2549 1857 2626 1906 M.

1540 1930 1605 1978 P.
1643 1930 1709 1978 Ε.
1747 1929 1916 1979 Botta
1952 1933 2007 1978 et
2031 1930 2108 1978 M.
2137 1930 2205 1979 Ε.
2231 1928 2487 1978 Flandin.
2525 1927 2629 1975 Pa-

1538 1997 1616 2046 ris
1665 1996 1802 2048 1848
1836 2013 2020 2062 seqq„
2059 2002 2114 2047 et
2153 2001 2243 2059 ea,
2298 2012 2436 2062 quae
2466 1996 2630 2046 Flan-

1540 2066 1635 2116 din
1669 2067 1785 2130 ipse
1821 2066 2010 2116 retulit
2043 2068 2124 2116 int
2161 2069 2349 2118 Revue
2384 2067 2452 2116 de
2488 2066 2628 2114 deux

1538 2135 1763 2185 mondes
1821 2135 2003 2202 (1845)
2063 2137 2129 2186 T.

1540 2221 1693 2269 seqq.

1539 2276 1612 2324 H.
1654 2275 1902 2340 Layard:
1958 2275 2205 2327 Nineveh
2260 2275 2369 2326 and
2421 2277 2493 2325 its
2549 2288 2632 2323 re-

1540 2344 1715 2393 mains
1762 2349 1868 2398 etc.
1926 2343 2102 2395 Lond.
2150 2344 2307 2398 1848.
2367 2345 2444 2397 11.
2482 2342 2629 2394 von.

1543 2414 1627 2479 (in
1662 2414 1905 2478 linguam
1960 2416 2325 2480 germanicam
2372 2431 2406 2464 a
2439 2414 2633 2464 Meiss·

1545 2499 1676 2532 nero
1713 2499 2034 2534 conversum
2068 2484 2271 2548 prodiit
2305 2500 2440 2548 opus
2472 2484 2627 2547 Lips.

1547 2552 1703 2616 1850)
1764 2558 1819 2601 et
1876 2554 2162 2603 Discover.
2218 2555 2274 2602 in
2330 2553 2422 2602 the
2479 2553 2630 2601 ruins

1545 2621 1607 2671 of
1631 2621 1878 2671 Nineveh
1922 2622 2029 2672 and
2060 2622 2309 2686 Babylon
2336 2627 2442 2672 etc.
2489 2622 2633 2670 Lon-

1545 2690 1654 2739 don
1693 2690 1847 2741 1853.
1923 2691 2284 2754 Conspectum
2323 2704 2537 2757 quoque
2573 2689 2630 2737 in

1544 2759 1763 2807 brevius
1801 2763 2168 2821 contractum,
2206 2760 2302 2809 sed
2333 2759 2495 2809 valde
2529 2758 2633 2807 uti-

1541 2828 1649 2877 lem
1672 2827 1914 2878 exhibuit
1930 2830 1997 2878 H.
2022 2830 2076 2878 J.
2094 2827 2190 2878 Ch.
2212 2822 2629 2879 Weissenborn:

1543 2897 1743 2947 Ninive
1766 2913 1822 2948 u.
1851 2898 1968 2947 sein
1994 2897 2204 2948 Gebiet.
2240 2899 2449 2948 Erfnrt.
2479 2896 2629 2947 1851.

1544 2966 1685 3016 Add.
1744 2965 2102 3028 Quatremere
2168 2967 2227 3016 in
2277 2966 2506 3020 Journal
2564 2965 2632 3015 de

1545 3036 1758 3086 Savans
1800 3036 1967 3100 1850,
2020 3037 2310 3103 praecipue
2361 3053 2488 3102 pag.
2528 3034 2631 3086 353

1544 3121 1605 3156 se
1645 3120 1699 3169 q.

1645 3187 1743 3253 ou-
1779 3169 1845 3255 {22
1897 3171 2125 3238 χωρέων
2177 3159 2321 3238 αὕτη
2368 3164 2635 3221 ἁπασέων

1544 3241 2493 3376 fgggtffisoefiilgtgrcr’i‘bittdglegffggiz
2519 3241 2632 3358 {31

1545 3381 1779 3443 tilitate‚
1817 3381 1884 3430 de
1921 3383 2192 3431 frumento
2230 3379 2629 3445 copiosissimO,

1548 3452 1614 3501 de
1663 3451 1916 3501 arborum
1963 3451 2180 3513 inopia,
2229 3449 2472 3513 exceptis
2521 3445 2632 3511 pal-

1547 3522 1678 3580 mis,
1729 3535 1796 3568 ea
1834 3518 2103 3582 hodieque
2142 3518 2220 3567 sic
2273 3516 2504 3566 inveniri
2553 3519 2634 3565 te-

1546 3593 1764 3639 stantur
1784 3588 2076 3652 scriptores
2098 3588 2429 3637 recentiores
2455 3601 2520 3635 ac
2544 3600 2634 3648 pe-

1545 3658 1935 3723 regrinatores.
2019 3657 2158 3706 Nam
2213 3661 2391 3706 terrae
2449 3653 2633 3703 indole

1547 3725 1793 3791 coelique
1830 3731 1885 3777 et
1919 3727 2061 3775 aeris
2090 3725 2350 3789 temperie
2380 3722 2513 3773 illud
2539 3739 2632 3786 po-

1546 3798 1816 3848 tissimum
1849 3793 2113 3856 efficitur,
2150 3794 2442 3845 accedente
2464 3791 2636 3841 homi-

1548 3881 1675 3916 num
1724 3880 1889 3929 opera
1931 3868 2096 3928 atque
2141 3864 2429 3913 industria.
2502 3860 2629 3912 Vid.

1546 3937 1783 3986 Heeren.
1829 3934 1996 3983 Ideen
2042 3933 2102 3994 Ι,
2142 3935 2194 3983 2.
2243 3948 2298 3997 p.
2341 3932 2440 3983 144
2477 3945 2630 3995 seqq.

1534 4005 1745 4054 Ritter.
1784 4002 2081 4053 Erdkunde
2115 4003 2216 4052 XI.
2253 4018 2306 4068 p.
2341 4001 2442 4051 494
2480 4014 2633 4064 seqq.

1547 4075 1633 4123 De
1671 4074 1943 4123 frumento
1971 4071 2217 4135 inprimis
2254 4073 2633 4135 comparentur

1549 4143 1749 4192 Strabo
1771 4141 1920 4191 XVI.
1955 4155 2008 4204 p.
2038 4141 2171 4190 1077
2188 4143 2258 4191 D.
2293 4157 2339 4192 s.
2367 4141 2488 4189 742.
2525 4138 2636 4188 Pli-

1546 4212 1671 4261 nius
1705 4212 1776 4261 H.
1817 4211 1885 4261 N.
1935 4210 2156 4273 XVIII,
2201 4210 2282 4260 17.
2353 4207 2639 4261 Recentio-

1549 4296 1668 4330 rum
1712 4281 2178 4345 peregrinatorum
2219 4280 2349 4328 bina
2394 4278 2638 4327 testimo-

1548 4350 1644 4399 nia
1666 4349 1753 4400 his
1780 4349 1969 4400 adiicit
1995 4349 2326 4411 Larcherus‚
2356 4345 2638 4398 Niebuhrii

1555 4424 1612 4469 et
1647 4417 1809 4484 Angli
1846 4418 1980 4481 viri,
2019 4417 2196 4466 Shaw.

2091 4493 2225 4560 25*

2185 2137 2255 2188 X.
2313 2153 2437 2202 pag.
2495 2134 2624 2186 1081

1782 2205 1861 2254 Ac
1919 2207 2207 2271 praecipue
2262 2204 2630 2257 consulendus
