3109 5092
994 318 1495 379 EUTERPE.
1541 318 1626 378 11.
1678 326 1796 381 180.
1848 326 1965 381 181.
2498 315 2622 378 829

489 495 940 581 Κυρηναίοισι
970 489 1049 559 δὲ
1074 487 1349 579 ’Ἄμασις
1375 489 1699 580 φιλότητά
1737 516 1811 559 τε
1848 489 1963 558 καὶ
1991 496 2377 580 συμμαχίην
2415 510 2617 561 συυε-
2641 495 2754 558 181

348 592 630 682 θήκατο.
713 596 1067 664 ἐδικαίωσε
1116 593 1191 662 δὲ
1235 594 1348 661 καὶ
1389 599 1594 683 γῆμαι
1635 589 1967 679 αὐτόθεν,
2027 588 2153 661 εἴτ’
2204 594 2625 684 ἐπιθυμήσας

343 692 727 786 Ἑλληνίδος
753 693 1106 784 γυναικὸς,
1151 705 1285 766 εἴτε
1311 697 1426 765 καὶ
1452 694 1672 778 ἄλλως
1700 695 2054 787 φιλότητος
2078 702 2493 786 Κυρηναίων
2527 703 2622 768 εἳ-

351 827 535 870 νεκα.
592 802 824 889 γαμέει
864 795 934 868 δ’
970 789 1099 885 ὦν,
1140 804 1211 869 οἱ
1230 799 1356 889 μὲν
1390 802 1664 889 λέγουσι
1697 799 1988 884 Βάττου,
2031 803 2102 868 οἱ
2124 797 2187 868 δ’
2228 795 2626 890 Ἀρκεσίλεω

354 905 735 992 θυγατέρα,
765 907 835 973 οἱ
857 902 933 971 δὲ
961 902 1459 993 Κριτοβούλου,
1507 901 1755 992 ἀνδρὸς
1786 907 1924 972 τῶν
1950 899 2175 971 ἀστῶν
2201 908 2483 992 δοκίμου
2500 955 2517 988 ,
2545 907 2627 994 τῇ

352 1003 609 1095 οὕνομα
636 997 723 1096 ἦν
750 1010 1034 1093 Λαδίκη.
1093 1011 1175 1097 τῇ
1204 1009 1357 1077 ἐπεί
1387 1033 1460 1077 τε
1499 1015 1927 1095 συγκλίνοιτο
1965 1000 2002 1074 ὁ
2034 1003 2339 1094 Ἀμασις,
2392 1014 2621 1095 μίσγε-

353 1178 442 1223 tur
472 1172 807 1224 intellexisse
835 1172 1012 1223 Attica
1036 1172 1245 1223 talenta
1267 1187 1437 1238 eaque

352 1242 628 1308 vulgaria,
657 1257 887 1308 quorum
918 1242 1330 1308 unumquodque
1357 1257 1439 1292 se·

353 1313 582 1378 xaginta
610 1313 771 1363 minis
808 1315 1055 1373 constat,
1095 1317 1151 1361 et
1176 1311 1244 1362 53
1270 1311 1437 1361 ferme

353 1382 475 1431 libr.
514 1382 693 1449 Paris.
729 1382 847 1432 sive
888 1383 955 1433 55
991 1381 1114 1432 libr.
1150 1380 1342 1431 Colon.
1382 1385 1438 1430 et

355 1450 500 1516 quod
524 1452 778 1514 excurrit,
809 1454 1029 1516 aequat,
1060 1453 1204 1501 teste
1224 1451 1434 1502 Wurm.

356 1521 424 1571 de
467 1519 678 1571 Pondd.
719 1525 848 1571 ratt.
897 1537 953 1585 p.
1002 1521 1088 1570 47.
1162 1519 1436 1570 Letronne

353 1589 389 1642 l.
429 1589 500 1638 ad
525 1604 654 1655 cap.
692 1589 942 1641 anteced.
979 1588 1018 1640 l.
1048 1604 1177 1655 pag.
1209 1591 1274 1640 27
1303 1588 1438 1639 haec

352 1657 500 1708 mille
539 1658 750 1710 talenta
798 1675 920 1710 esse
979 1658 1215 1709 affirmat
1271 1658 1441 1709 ferme

355 1729 574 1793 „25000
630 1729 1098 1795 Kilogrammes.“

354 1813 567 1864 quoque
597 1800 842 1849 meminit
868 1798 1096 1849 Diodor.
1119 1798 1188 1861 V,
1225 1798 1308 1861 10,
1345 1797 1440 1848 ubi

353 1867 748 1933 Wesselingius
778 1868 889 1918 alia
913 1867 1100 1918 attulit
1120 1867 1187 1917 de
1218 1866 1353 1917 locis
1375 1882 1441 1916 ac

356 1937 687 2002 regionibus,
712 1937 857 1989 unde
886 1938 1175 2002 proveniat
1204 1936 1439 1999 alumen,

356 2007 411 2055 in
442 2022 499 2056 re
524 2007 731 2057 medica
756 2022 790 2057 a
817 2007 1091 2058 veteribus
1119 2006 1438 2056 adhibitum.

357 2076 497 2126 Nam
515 2075 949 2127 laudatissimum
970 2092 1035 2126 ex
1052 2077 1303 2141 Aegypto
1322 2091 1443 2140 pro-

356 2146 543 2195 venire
568 2146 879 2208 dicebatur,
917 2145 1217 2211 proximum
1248 2161 1276 2195 e
1299 2143 1442 2195 Melo

360 2214 559 2265 insula.
631 2217 821 2267 Monet
845 2231 977 2267 vero
1007 2215 1343 2266 Beckmann.
1374 2214 1444 2264 ad

357 2285 639 2335 Aristotel.
679 2285 742 2335 de
779 2285 1010 2337 mirabb.
1054 2300 1172 2349 cap.
1223 2283 1341 2336 139.
1389 2300 1442 2349 p.

358 2352 675 2418 281‚salem,
690 2370 847 2422 quem
866 2370 965 2406 nos
982 2356 1210 2405 aluminis
1224 2353 1443 2418 (Alaun)

355 2423 569 2474 nomine
588 2425 839 2475 novimus
853 2462 866 2487 ,
901 2429 1113 2475 veteres
1136 2424 1439 2489 ignorasse,

357 2508 582 2559 quorum
619 2494 834 2545 alumen
870 2509 916 2546 s.
946 2491 1261 2558 στυπτηρία
1293 2492 1443 2543 haud

358 2563 521 2613 dubie
557 2564 723 2635 fuefit
755 2565 1030 2614 vitrioleum
1063 2566 1303 2627 impmm
1326 2563 1441 2624 (un-

356 2635 525 2683 reines
561 2633 915 2689 Eisenvitriol.
962 2632 1124 2699 quale
1169 2648 1198 2683 e
1248 2631 1441 2698 lapidi·

357 2702 457 2751 bus
495 2701 776 2752 dissolutis
817 2701 1217 2753 stalactitarum
1243 2702 1300 2752 in
1325 2716 1440 2753 mo-

358 2770 484 2821 dum
521 2772 651 2821 oriri
686 2770 869 2837 solet).
942 2771 1093 2822 Idem
1139 2772 1276 2823 citat
1328 2771 1442 2822 alu-

355 2840 514 2891 minis
558 2840 869 2904 historiam,
919 2856 1081 2906 quam
1129 2840 1339 2892 dederit
1381 2841 1439 2890 in

358 2909 682 2961 Commentt.
698 2911 966 2962 soc.Gott.
982 2911 1028 2962 1.
1047 2916 1103 2961 et
1114 2911 1442 2963 Geschichte

360 2977 413 3028 d.
450 2978 659 3031 Erfind.
702 2979 780 3030 11.
826 2995 954 3046 pag.
999 2978 1090 3031 92.
1177 2980 1311 3044 Qui,
1357 2981 1442 3031 uti

356 3048 597 3112 videtur,
637 3065 703 3100 ex
723 3050 1067 3114 Bergmanno
1096 3064 1198 3099 sua
1228 3050 1441 3113 sumsit,

360 3119 512 3170 cuius
527 3118 704 3170 locum
715 3119 1029 3185 primarium
1042 3119 1305 3184 (Opuscc.
1320 3119 1444 3171 che-

359 3188 483 3239 mic.
521 3194 578 3239 et
614 3189 768 3255 phys.
821 3190 869 3241 Ι.
905 3205 1031 3255 pag.
1072 3188 1197 3255 281)
1232 3204 1441 3240 mecum

361 3259 782 3310 communicavit
846 3258 1193 3310 doctissimus
1248 3258 1447 3310 Gmeli-

360 3327 502 3389 nius,
540 3328 624 3379 vir
641 3329 831 3379 harum
858 3344 1034 3379 rernm
1064 3328 1445 3393 peritissimus.

362 3397 690 3447 Graecorum
702 3398 844 3447 enim
860 3396 1194 3462 στυπτηρία,
1210 3403 1272 3447 ut
1285 3399 1449 3463 Berg-

362 3479 544 3515 mann.
569 3460 729 3515 docet
744 3503 759 3529 ‚
796 3470 852 3514 et
873 3468 1236 3516 Romanorum
1256 3469 1448 3516 alumen

361 3534 551 3585 nativa
588 3540 704 3585 erat
743 3536 971 3584 materia
1007 3542 1061 3584 et
1100 3550 1133 3584 a
1167 3535 1312 3597 sale,
1355 3535 1449 3600 qui

360 3604 564 3654 nostris
579 3603 768 3654 diebus
792 3603 895 3654 hoc
918 3619 1111 3653 nomen
1133 3604 1292 3669 gerit,
1319 3604 1448 3654 mul-

359 3677 476 3723 tum
523 3672 824 3724 differebat.
904 3673 991 3724 Ad
1047 3672 1449 3725 stalactitarum

361 3758 533 3808 genus
559 3743 885 3809 pertinuisse
907 3742 1142 3805 videtur,
1171 3742 1292 3793 etsi
1318 3741 1447 3808 quid

362 3812 614 3863 aluminis
651 3812 872 3876 habuit,
910 3812 1014 3864 hoc
1041 3812 1234 3862 saltem
1266 3812 1449 3863 admo-

363 3881 490 3932 dum
523 3882 630 3932 fnit
668 3896 892 3948 parcum
929 3887 985 3932 et
1027 3882 1302 3932 vitriolica
1337 3896 1448 3932 ma·

361 3952 501 4001 teria
534 3967 602 4002 ex
622 3952 768 4003 omni
790 3956 945 4017 parte
973 3951 1296 4003 involutum.
1347 3951 1449 4001 Fa-

363 4023 566 4085 ctitt‘um,
590 4021 735 4086 quod
753 4021 955 4072 nostris
978 4021 1312 4087 temporibus
1338 4023 1450 4072 ala-

361 4106 471 4140 meu
511 4089 696 4153 audit,
733 4091 790 4140 in
819 4090 1028 4142 oriente
1056 4088 1140 4155 (ut
1160 4091 1302 4141 idem
1332 4106 1450 4156 per·

362 4159 445 4225 git
501 4159 861 4226 Bergmann.)
912 4161 1138 4226 primum
1191 4161 1449 4222 innotuit,

362 4228 458 4278 sed
489 4231 727 4294 quando,
755 4230 849 4280 ubi
875 4234 930 4280 et
958 4230 1257 4295 quomodo,
1294 4229 1449 4280 latet.

363 4297 448 4348 Ob
494 4299 790 4364 stypticam
828 4298 1149 4350 facultatem
1190 4313 1452 4364 usumque

362 4368 421 4417 in
459 4372 580 4419 arte
613 4366 948 4419 chromatica
1000 4373 1058 4421 et
1105 4369 1337 4419 coriaria
1382 4368 1454 4420 si-

362 4436 545 4489 milem
575 4453 752 4490 novus
777 4437 862 4491 sal
887 4439 1090 4492 veteris
1121 4439 1345 4491 retinuit
1362 4454 1455 4489 no-

1196 1729 1441 1779 Atwninis
1471 1722 1480 1731 ’

1540 1190 1663 1225 men
1682 1211 1696 1238 ,
1734 1174 1828 1239 qui
1852 1174 1976 1225 dein
1996 1173 2168 1240 Misy,
2208 1174 2347 1237 Sory
2368 1172 2457 1224 vel
2479 1179 2623 1224 atra·

1539 1250 1781 1294 mentum
1832 1243 2099 1293 sutorium
2147 1241 2454 1308 appellatus
2502 1243 2625 1294 fuit.

1539 1314 1772 1364 Constat
1805 1328 1934 1363 vero
1969 1312 2223 1363 aluminis
2249 1313 2518 1378 coquendi
2544 1328 2626 1363 ar·

1540 1388 1650 1433 tem
1689 1383 1780 1432 vix
1832 1383 2092 1433 trecentis
2137 1381 2336 1433 abhinc
2383 1383 2542 1433 annis
2591 1397 2625 1431 a

1538 1452 1699 1517 Syria
1736 1453 1808 1503 ad
1842 1453 2117 1518 Europam
2141 1450 2365 1502 allatam
2391 1467 2532 1504 esse.
2555 1478 2627 1491 —

1543 1521 1702 1583 Quod
1739 1522 1934 1573 Graeci
1976 1537 2074 1587 per
2119 1522 2428 1587 Aegyptum
2473 1522 2627 1573 habi-

1540 1597 1727 1641 tantes
1767 1594 1940 1657 viqinti
1979 1594 2138 1641 minas
2185 1591 2400 1643 dedisse
2443 1592 2628 1643 dicun-

1541 1665 1659 1723 tur,
1698 1660 1753 1710 id
1787 1662 1835 1710 si
1867 1661 1932 1710 de
1964 1662 2176 1710 alumine
2197 1660 2494 1727 intelligas,
2524 1662 2628 1712 uti-

1540 1745 1648 1796 que
1674 1735 1786 1780 tam
1818 1734 1980 1781 tenue
1998 1729 2196 1781 donum
2217 1728 2365 1794 (nam
2389 1735 2629 1796 aequant

1542 1801 1711 1850 ferme
1752 1804 1873 1851 octo
1923 1799 2340 1865 Kilogrammes)
2388 1801 2519 1863 fuit,
2566 1804 2629 1851 ut

1542 1870 1660 1920 iure
1683 1870 1954 1933 miremur,
1979 1885 2087 1919 non
2111 1866 2268 1934 plura
2286 1870 2355 1920 ab
2368 1869 2451 1920 his
2464 1872 2630 1921 Grae-

1542 1940 1642 2003 cis,
1674 1938 2065 1990 mercatoribus
2103 1939 2294 2003 opinor
2325 1939 2625 2001 ditissimis,

1543 2008 1748 2059 collata
1791 2009 1990 2071 fuisse,
2045 2011 2365 2073 praesertim
2412 2010 2459 2058 si
2506 2022 2628 2059 cum

1542 2080 1638 2141 iis,
1678 2095 1817 2146 quae
1850 2079 2237 2149 Aegyptiorum
2270 2094 2365 2129 rex
2399 2080 2628 2142 dederit,

1544 2154 1944 2214 comparentur.
2020 2148 2199 2210 Quare
2222 2148 2496 2200 Letronne
2521 2148 2559 2200 l.
2588 2149 2626 2199 l.

1546 2220 1856 2284 suspicatur
1881 2216 2148 2268 excidisse
2179 2223 2308 2283 post
2338 2215 2511 2283 μνέας
2536 2234 2630 2270 vo·

1548 2304 1663 2339 cem
1676 2285 1915 2353 χρυσοῦ,
1938 2291 2000 2337 ut
2020 2287 2157 2338 adeo
2169 2287 2418 2338 dederint
2431 2288 2628 2339 Graeci

1545 2358 1744 2424 viginti
1782 2357 1955 2408 minas
1993 2372 2216 2421 aureas,
2253 2373 2396 2423 quae
2428 2374 2629 2425 aequa-

1543 2429 1724 2478 verint
1739 2431 1971 2493 quatuor
1987 2427 2200 2478 talenta
2217 2433 2497 2493 argentea,
2511 2429 2628 2478 sive

1543 2512 1805 2548 summam
1866 2497 2035 2548 ferme
2080 2496 2253 2550 22000
2298 2500 2629 2549 Francorum

1542 2567 1687 2620 Gall.
1738 2565 2056 2629 (secundum
2099 2567 2403 2618 Wurminm
2456 2567 2629 2619 ’22243

1540 2638 1635 2688 Fr.
1673 2636 1742 2686 60
1784 2636 1940 2686 Cent.
1990 2636 2108 2686 sive
2159 2634 2327 2687 10423
2370 2636 2627 2688 Florenn.

1544 2706 1612 2758 18
1661 2705 1964 2771 Crucigg.).
2052 2705 2317 2770 Equidem
2363 2706 2473 2756 nisi
2519 2707 2628 2756 tale

1542 2775 1673 2842 quid
1709 2774 1998 2836 exciderit,
2036 2778 2183 2825 certe
2217 2781 2398 2825 mente
2429 2775 2630 2826 adden-

1545 2846 1671 2896 dum
1710 2859 1827 2896 esse
1863 2842 2200 2896 crediderim.

1852 3015 1984 3068 Cu».
2022 3016 2316 3069 CLXXXI.

1617 3118 1999 3185 Κυρηναίοισι
2041 3113 2115 3170 δὲ
2145 3112 2423 3186 ’Ἄμασις
2467 3107 2631 3186 φιλό-

1545 3181 1689 3254 τητά
1731 3188 1809 3256 τε]
1860 3190 2044 3241 Secuti
2092 3206 2275 3242 sumus
2321 3187 2629 3255 Schweigh.

1549 3264 1607 3309 et
1653 3259 1828 3310 Gaisf.
1886 3260 1968 3309 ita
2022 3258 2246 3311 edentes
2313 3275 2411 3325 pro
2480 3257 2629 3324 vulg.

1548 3327 1934 3392 Κυρηναίοισι
1999 3320 2057 3376 δ’
2123 3320 2188 3387 ἐς
2259 3320 2629 3394 ἀλλήλους,

1549 3413 1690 3463 quae
1726 3414 1791 3448 ex
1828 3397 2157 3462 glossemate
2204 3399 2260 3449 in
2308 3402 2517 3448 textum
2564 3398 2633 3444 ir-

1549 3466 2107 3599 Υθῖῗεῑιθὲννκλίἓῖιξῖισι
2165 3526 2410 3595 Βάττου,
2472 3526 2533 3583 οἴ
2575 3522 2630 3582 δ’

1539 3595 1856 3666 Ἀρκεσίλεω
1889 3597 2199 3668 θυγατέρα]
2225 3603 2431 3667 Scripsi
2455 3618 2484 3653 e
2505 3602 2635 3653 duo·

1548 3674 1651 3723 bus
1696 3672 1853 3722 codd.
1902 3669 2121 3722 Βάττου
2165 3688 2262 3737 pro
2307 3671 2454 3736 vulg.
2494 3666 2636 3722 Βάτ-

1545 3756 1681 3805 τεω,
1721 3741 1943 3791 iubente
1975 3740 2210 3794 BredoV.
2246 3756 2300 3806 p.
2318 3741 2440 3804 234,
2477 3756 2634 3806 quem

1549 3816 1779 3862 recentt.
1829 3810 1955 3861 edd.
1999 3825 2213 3876 quoque
2258 3810 2434 3860 secuti
2484 3814 2630 3860 sunt.

1546 3880 1674 3931 Bini
1698 3880 1852 3944 libri,
1889 3879 2184 3931 accedente
2206 3878 2400 3932 Vallae
2433 3882 2638 3930 versio-

1548 3965 1647 4013 ne,
1693 3949 1948 4000 afferunt:
1997 3940 2218 3999 Βάττεω
2252 3946 2357 3999 τοῦ
2395 3940 2634 4014 Ἀρκεσί-

1547 4019 1673 4082 λεω,
1699 4020 1860 4083 Batti,
1892 4020 2157 4071 Arcesilai
2177 4017 2350 4084 (filim
2379 4019 2523 4084 quod
2546 4033 2637 4069 ve·

1546 4090 1661 4139 rius
1699 4094 1857 4154 putat
1891 4088 2239 4155 Wesseling„
2277 4104 2396 4140 cum
2434 4090 2636 4155 optime

1553 4164 1610 4210 et
1644 4174 1730 4210 res
1767 4164 1822 4210 et
1857 4163 2069 4225 tempus
2105 4163 2400 4225 congruat,
2438 4160 2488 4209 si
2522 4158 2638 4224 qui-

1554 4229 1674 4279 dem
1711 4230 1910 4280 Battus
1946 4229 2039 4280 ille
2090 4228 2346 4295 aequales
2387 4226 2637 4279 habuerit

1553 4300 1771 4364 Apriem
1818 4306 1873 4350 et
1907 4300 2132 4350 Amasin
2168 4300 2369 4350 Nostro
2416 4301 2636 4349 auctore

1553 4369 1650 4432 IV,
1689 4369 1808 4433 159,
1843 4370 1999 4421 Batti
2037 4383 2167 4420 vero
2213 4367 2383 4418 fllium
2425 4365 2638 4418 Arcesi·

1553 4438 1701 4490 laum
1734 4439 1909 4491 minor
1940 4442 2094 4493 aetas
2130 4436 2406 4490 excludat.
