3109 5092
485 384 566 447 38

1356 383 1896 445 HERODOTI

485 563 823 644 ἐξεδέξατο
847 556 1244 645 Σαδυάττης
1270 552 1306 626 ὁ
1332 554 1625 648 ’Ἀρδυος
1666 559 1777 627 καὶ
1810 560 2203 646 ἐβασίλευσε
2234 562 2384 627 ἔτεα
2425 558 2767 628 δυώδεκα·

483 663 893 735 Σαδυάττεω
933 662 1009 732 δὲ
1046 658 1422 750 Ἀλυάττης.
1500 651 1717 743 Οὗτος
1749 662 1824 731 δὲ
1859 660 2181 751 Κυαξάρῃ
2217 688 2290 731 τε
2332 666 2426 756 τῷ
2456 660 2768 751 Δηιόκεω

482 764 796 861 ἀπογόνῳ
834 766 1199 855 ἐπολέμησε
1237 768 1347 835 καὶ
1375 766 1714 854 Μήδοισι,
1753 773 2167 855 Κιμμερίους
2197 792 2270 835 τε
2304 768 2377 835 ἐκ
2403 771 2521 856 τῆς
2547 764 2769 856 Ἀσίης

482 871 756 960 ἐξήλασε
774 920 792 955 ,
828 869 1161 960 Σμύρνην
1188 896 1261 939 τε
1296 866 1421 957 τὴν
1453 867 1586 939 ἀπὸ
1612 874 2025 959 Κολοφῶνος
2051 880 2449 939 κτισθεῖσαν
2482 865 2653 955 εἷλε,
2702 874 2768 951 ἐς

479 973 903 1063 Κλαζομενάς
947 1001 1019 1042 τε
1069 974 1364 1060 ἐσέβαλε.
1433 970 1567 1042 άπὸ
1610 974 1736 1061 μέν
1771 1001 1903 1042 νυν
1944 973 2206 1043 τούτων
2248 970 2375 1042 οὐκ
2428 970 2517 1054 ὣς
2556 972 2766 1063 ἤθελε

478 1075 843 1167 ἀπήλλαξε,
891 1074 1060 1146 ἀλλὰ
1095 1082 1549 1166 προσπταίσας
1594 1075 1918 1166 μεγάλως.
1991 1075 2161 1147 ἄλλα
2208 1078 2285 1146 δὲ
2319 1083 2484 1167 ἔργα
2517 1074 2760 1148 ἀπεδέ-

399 1184 643 1263 17ξατο
689 1178 822 1250 ἐών
865 1181 941 1249 ἐν
984 1184 1065 1269 τῇ
1115 1176 1285 1271 ἀρχῇ
1320 1176 1894 1269 ἀξιαπηγητότατα
1936 1179 2116 1250 τάδε.
2181 1177 2582 1270 Ἐπολέμησε
2619 1190 2760 1251 Mt-

482 1290 804 1374 λησίοισι,
849 1282 1391 1373 παραδεξάμενος
1423 1280 1545 1353 τὸν
1579 1283 1874 1371 πόλεμον
1905 1281 2088 1374 παρὰ
2124 1288 2245 1353 τοῦ
2281 1286 2547 1372 πατρός.
2604 1288 2757 1356 ἐπε-

475 1387 753 1457 λαύνων
781 1385 909 1476 γὰρ
941 1385 1329 1475 ἐπολιόρκεε
1361 1385 1486 1475 τὴν
1512 1394 1826 1476 Μίλητον
1851 1387 2078 1481 τρόπῳ
2107 1393 2346 1482 τοιῷδε
2364 1411 2379 1424 ·
2434 1386 2608 1469 ὅκως
2636 1390 2762 1477 μὲν

477 1500 582 1578 εἴη
616 1492 692 1560 ἐν
727 1495 808 1578 τῇ
840 1494 927 1581 γῇ
956 1487 1208 1580 καρπὸς
1234 1485 1470 1579 ἁδρὸς,
1503 1496 1874 1579 τηνικαῦτα
1903 1493 2222 1580 ἐσέβαλλε
2265 1489 2388 1580 τὴν
2416 1493 2755 1583 στρατιήν.

474 1593 905 1684 ἐστρατεύετο
935 1594 1010 1663 δὲ
1046 1589 1181 1663 ὑπὸ
1216 1601 1564 1684 συρίγγων
1597 1623 1666 1664 τε
1699 1596 1811 1663 καὶ
1850 1602 2199 1684 πηκτίδων
2232 1598 2346 1665 καὶ
2381 1593 2597 1665 αὐλοῦ
2632 1625 2755 1684 γυ-

857 1795 992 1848 Cu».
1030 1796 1180 1848 XVI.

542 1888 883 1962 Σαδυάττης
931 1888 961 1947 ὃ
1014 1889 1279 1966 Ἀρδυος]
1334 1901 1417 1951 De
1460 1900 1566 1950 hoe

471 1984 602 2034 rege
639 1973 820 2019 exstat
848 1969 1091 2019 narratio
1112 1970 1257 2035 apud
1278 1970 1568 2021 Nicolaum

469 2038 800 2088 Damascen.
838 2035 913 2102 (p.
941 2038 1067 2105 453)
1098 2056 1151 2105 p.
1172 2040 1241 2090 52
1277 2039 1362 2089 ed.
1392 2039 1562 2090 Orell.

474 2104 539 2170 (s.
579 2107 685 2157 ΠΙ.
726 2123 778 2172 p.
810 2106 912 2158 306
932 2109 1205 2174 Fragmm.
1242 2109 1415 2175 hist.).
1454 2110 1564 2159 Ibi-

471 2175 592 2225 dem
637 2174 713 2240 (p.
762 2176 852 2241 53)
903 2179 1150 2241 sequitur
1207 2179 1449 2229 narratio
1495 2179 1564 2228 de

473 2244 713 2309 Alyatte,
741 2244 1025 2310 Sadyattis
1051 2245 1183 2309 filio,
1223 2246 1418 2299 iuvene
1443 2246 1563 2297 libi-

473 2313 692 2376 dinoso,
729 2314 848 2364 viro
886 2315 1118 2379 posthae
1158 2317 1563 2367 continentissi-

471 2398 577 2445 me,
641 2383 733 2448 qui
779 2384 1067 2449 Smyrnam
1117 2384 1279 2449 cepit.
1354 2386 1563 2436 Eodem

471 2456 741 2516 spectant,
782 2468 923 2517 quae
967 2454 1221 2518 leguntur
1267 2455 1325 2503 in
1359 2455 1562 2506 Heere-

469 2522 548 2571 nii
582 2522 845 2573 Biblioth.
887 2523 940 2574 d.
976 2522 1074 2575 alt.
1118 2523 1232 2574 Lit.
1272 2539 1328 2574 u.
1378 2525 1562 2575 Kunst

469 2591 530 2651 1,
575 2591 628 2642 6.
675 2608 729 2657 p.
783 2592 879 2654 20,
924 2593 1018 2642 ubi
1080 2593 1340 2644 laudatur
1384 2595 1562 2646 Xeno-

468 2661 667 2725 philus,
717 2662 1046 2727 Lydiearum
1095 2678 1273 2713 rerum
1307 2664 1559 2728 scriptor.

469 2731 578 2780 Sed
627 2731 741 2792 illa,
790 2747 930 2797 quae
979 2732 1239 2783 Nicolaus
1287 2733 1482 2796 habet,
1530 2751 1561 2785 e

468 2799 689 2850 Xantho
737 2808 794 2851 et
843 2801 963 2865 ipso
1013 2818 1193 2852 rerum
1228 2803 1560 2867 Lydiearum

467 2873 691 2919 auctore
717 2869 964 2920 desumta
1001 2887 1123 2921 esse
1158 2871 1368 2922 iudicat
1396 2873 1559 2924 Creu-

468 2952 575 2987 εστ.
597 2938 872 3001 Fragmm.
910 2939 1188 2989 historice.
1222 2957 1276 3005 p.
1308 2942 1409 2993 202
1436 2958 1555 3008 sqq.

467 3005 533 3054 In
572 3005 696 3054 aliis
731 3006 946 3057 Nieolai
991 3009 1321 3059 Damasceni
1358 3011 1558 3061 Excer-

465 3074 577 3138 ptis
612 3074 679 3124 de
707 3074 979 3140 Sadyatte,
1015 3078 1109 3141 qui
1138 3092 1172 3127 a
1208 3077 1359 3143 Gyge
1387 3094 1556 3144 regno

465 3142 655 3207 pulsus
691 3143 993 3196 Herodotei
1042 3145 1342 3197 Candaulis
1379 3147 1556 3199 locum

464 3211 581 3262 fere
618 3212 858 3275 obtinet,
894 3215 1055 3278 plane
1089 3214 1199 3264 alia
1220 3217 1366 3266 tradi
1392 3232 1560 3284 supra

466 3280 577 3331 iam
613 3279 707 3345 (ad
744 3282 792 3345 Ι,
831 3282 882 3333 8.
923 3282 1011 3348 15)
1044 3285 1371 3338 monuimus.

536 3352 723 3425 Οὗτος
761 3360 827 3417 δὲ
865 3360 1139 3434 Κυαξάρῃ
1176 3385 1236 3421 τε
1266 3367 1347 3437 τῷ
1378 3365 1559 3436 Δηϊό-

460 3451 570 3487 κεω
614 3428 885 3503 ἀπογόνῳ
929 3427 1238 3504 ἐπολέμησε
1280 3454 1333 3488 κ.
1381 3456 1430 3491 τ.
1480 3440 1551 3508 ³..J

458 3506 629 3558 Plura
662 3508 813 3558 infra
844 3508 892 3570 Ι,
934 3508 1018 3558 74.
1081 3511 1201 3572 Quo
1238 3509 1381 3561 euim
1417 3514 1552 3561 tem-

458 3592 592 3640 pore
628 3576 800 3641 Lydis
837 3582 1091 3641 praeerat
1125 3579 1325 3645 Ardys‚
1361 3580 1550 3644 Alyat-

454 3650 547 3695 tae
588 3660 753 3708 avus,
800 3646 978 3697 Medis
1026 3648 1332 3713 imperabat
1378 3651 1549 3701 Phra-

455 3719 620 3775 ortes,
660 3715 926 3777 Cyaxaris
966 3722 1141 3780 pater.
1184 3720 1336 3770 Obiit
1366 3719 1545 3784 Ardys

454 3796 598 3898 anag
600 3780 747 3898 1:3²9
794 3798 846 3833 a.
903 3785 1050 3848 Chr„
1095 3787 1390 3839 Phraortes
1442 3790 1544 3843 635

460 3865 511 3901 a.
669 3884 680 3899 .

518 3924 801 3998 Σμύρνην
844 3947 901 3982 τε
945 3928 1051 3999 τὴν
1098 3928 1214 3988 άπὸ
1262 3939 1537 4005 Κολοφῶ-

450 4017 551 4060 νος
620 4000 958 4052 κτισθεῖσαν
1037 3996 1172 4071 εἷλε]
1254 4010 1537 4060 Reiskium

448 4072 615 4123 scribi
660 4071 963 4122 iubentem:
1012 4064 1120 4136 τὴν
1168 4065 1307 4124 ἅνω
1355 4077 1534 4127 Κολο-

448 4137 674 4205 φόνος,
733 4155 867 4191 sane
923 4142 1224 4194 mittamus.
1308 4145 1536 4196 Videtur

448 4209 592 4259 enim
628 4209 901 4273 ignoratio
938 4226 1070 4261 usus
1111 4215 1534 4277 praepositionis

443 4268 580 4339 ἀπὸ,
617 4292 756 4342 quae
793 4278 864 4329 ad
898 4277 1076 4329 locum
1113 4281 1363 4345 refertur,
1392 4285 1535 4336 uude

448 4346 628 4397 coloni
663 4348 897 4411 profecti
932 4349 1048 4399 sive
1075 4352 1281 4415 egressi
1312 4352 1532 4418 fuerint,

1665 1802 1848 1849 autem
1901 1813 2066 1848 sensu
2125 1798 2359 1863 Smyrna
2417 1799 2527 1849 diei
2579 1802 2760 1865 possit

1665 1866 2122 1931 Colophoniorum
2179 1867 2426 1932 colonia,
2479 1869 2537 1918 id
2589 1871 2758 1921 mani-

1666 1936 1866 1987 festum
1913 1937 1974 1987 fit
2003 1932 2094 1988 'ex
2137 1937 2184 2000 1,
2233 1938 2351 2000 150,
2407 1938 2609 1989 additis
2670 1940 2757 2003 iis,

1666 2022 1806 2072 quae
1842 2007 1914 2056 ad
1948 2007 1994 2070 Ι,
2036 2006 2137 2058 149
2174 2011 2368 2057 notata
2398 2013 2545 2059 sunt.

1739 2067 1847 2125 οὐκ
1884 2065 1969 2133 ὡς
2015 2065 2223 2141 ἤθελε
2269 2068 2578 2143 ἀπήλλαξε]
2617 2094 2758 2138 „uon

1664 2149 1754 2209 ita,
1790 2152 1846 2195 ut
1877 2147 2123 2203 voluerat,
2157 2145 2450 2209 discessit,“
2487 2149 2524 2196 i.
2554 2163 2602 2198 e.
2627 2151 2757 2199 male

1665 2222 1931 2277 tractatus,
1964 2217 2112 2266 clade
2140 2224 2380 2278 accepta:
2406 2217 2551 2281 quod
2579 2218 2758 2282 ipsum

1666 2284 1924 2334 continuo
1969 2285 2207 2335 additur.
2249 2285 2454 2335 Similis
2497 2286 2757 2338 elocutio-

1663 2355 1749 2403 nis
1786 2354 2089 2418 exemplum
2123 2368 2191 2405 ex
2234 2353 2512 2419 Euripidis
2549 2356 2756 2408 Andro-

1663 2422 1853 2473 mache
1874 2422 2111 2474 afferunt
2143 2438 2229 2473 vs.
2272 2423 2433 2475 1168:
2469 2421 2620 2490 δέχει
2647 2417 2755 2490 γὰρ

1663 2483 1768 2541 τὸν
1799 2482 2095 2556 Ἀχίλλειον
2132 2484 2389 2556 σκύμνον
2432 2483 2487 2551 ἐς
2535 2491 2754 2555 οἴκους,

1663 2552 1769 2626 οὐχ
1808 2550 1887 2617 ὥς
1923 2553 1991 2611 σὺ
2026 2558 2237 2618 θέλεις.
2296 2562 2478 2628 Atque
2509 2564 2754 2614 Herodo-

1664 2636 1753 2681 tus
1787 2631 1905 2696 ipse
1938 2631 2084 2681 infra
2116 2630 2163 2695 1,
2200 2631 2292 2682 32:
2334 2662 2405 2673 —-
2440 2624 2623 2683 πολλὰ
2652 2626 2759 2698 μὲν

1665 2693 1819 2749 ἔστιν
1854 2695 2021 2763 ἰδεῖν,
2052 2691 2132 2750 τὰ
2165 2691 2368 2764 μήτις
2406 2693 2657 2752 ἐθέλει.
2686 2728 2756 2739 —

1662 2770 1729 2820 In
1746 2770 1929 2820 verbis
1964 2760 2081 2819 ἀπὸ
2115 2761 2336 2819 τούτων
2364 2771 2478 2821 noli
2500 2771 2752 2831 haerere;

1663 2839 1961 2890 subaudias
2006 2839 2139 2889 lieet
2188 2835 2535 2904 πολιητέων,
2607 2847 2755 2892 reete

1661 2912 1917 2960 monente
1950 2908 2184 2960 Bredov.
2222 2924 2276 2973 p.
2317 2910 2441 2961 222.

1729 2968 1868 3027 ἄλλα
1903 2970 1967 3027 δὲ
2003 2972 2139 3043 ἔργα
2165 2967 2479 3040 ἀπεδέξατο
2515 2995 2566 3029 κ.
2609 2995 2655 3029 τ.
2679 2978 2754 3046 λ.]

1659 3063 1867 3109 ,φοι-παπ
1924 3049 2030 3097 alia
2079 3048 2329 3110 perfecie,
2388 3050 2500 3097 dum
2552 3065 2754 3114 reanum

1659 3116 1878 3175 tenebat,
1892 3124 2162 3166 memoratu
2181 3117 2487 3181 dionis-eima,
2509 3117 2753 3171 haecce-‘⁴

1659 3184 1744 3235 Ad
1755 3175 2216 3235 ἀποδείκνυσθαι
2229 3187 2597 3251 conferantur,
2613 3204 2752 3254 quae

1661 3252 1731 3303 ad
1766 3256 2103 3319 prooemium
2140 3255 2563 3321 disputavimus.

2030 3425 2161 3477 Cu.
2204 3427 2383 3477 XVII.

1725 3516 1873 3586 ὅκως
1894 3520 2000 3592 μὲν
2034 3526 2150 3596 εἴη]
2189 3530 2350 3581 Conf.
2390 3530 2460 3581 ad
2490 3530 2536 3593 1,
2563 3531 2645 3583 11.
2677 3563 2748 3573 -

1653 3589 1874 3663 καρπὸς
1908 3599 2118 3649 indicat
2146 3599 2352 3662 fructus
2369 3608 2612 3660 satorum,
2629 3602 2745 3664 fru-

1647 3683 1758 3732 9es‚
1795 3683 1936 3732 quae
1968 3668 2378 3733 distinguuntur
2416 3670 2485 3719 ab
2511 3670 2746 3721 arbonam

1644 3736 1914 3799 fructibus.
1972 3738 2097 3788 Vid.
2147 3754 2287 3803 quae
2326 3738 2437 3788 dixi
2473 3739 2532 3787 in
2579 3739 2742 3791 Creu·

1651 3807 1762 3856 zeri
1797 3805 2008 3858 Melett.
2046 3807 2153 3857 111.
2191 3823 2244 3871 p.
2282 3809 2368 3859 75.
2449 3808 2742 3874 Spectatur

1646 3880 1829 3926 autem
1851 3877 2042 3925 messis
2065 3877 2322 3926 instantis
2348 3882 2580 3943 tempus,
2597 3879 2740 3943 quod

1646 3942 1768 3993 aliis
1791 3944 1992 3995 dieitur
2013 3941 2144 4007 περὶ
2181 3937 2286 4009 τὴν
2323 3937 2559 4009 ὡραίαν.
2599 3950 2739 3999 Nam

1642 4004 1863 4075 καρπὸς
1943 4004 2122 4077 ἁδρὸς
2201 4014 2479 4079 signifieat
2557 4018 2739 4084 frames

1641 4083 1864 4141 adultas,
1903 4088 2129 4133 notante
2160 4083 2437 4134 Sohaefer.
2477 4085 2548 4135 ad
2571 4089 2731 4138 Lam-

1641 4150 1780 4201 bert.
1819 4152 1947 4201 Bos.
1988 4153 2053 4202 de
2091 4152 2287 4217 Ellips.
2323 4170 2377 4218 p.
2415 4156 2537 4206 577.
2594 4158 2732 4206 Pue-

1639 4234 1757 4269 rum
1815 4220 2059 4272 adultum
2106 4223 2421 4273 Herodotus
2468 4224 2574 4285 IV,
2630 4224 2731 4275 180

1639 4287 1776 4339 dixit
1813 4287 2054 4340 παιδίον
2092 4282 2293 4355 ἁδρόν.

1707 4350 2064 4423 ἐστρατεύετο
2103 4353 2167 4410 δὲ
2196 4350 2312 4410 ὑπὸ
2353 4357 2635 4439 συρίγγων
2671 4374 2728 4409 τε

446 4415 613 4466 talem
647 4417 1016 4469 coniecturam
1057 4421 1350 4487 peperisse.
1404 4425 1531 4488 -Quo
1635 4422 1731 4477 καὶ
1791 4425 2088 4493 πηκτίδων
2145 4425 2242 4480 καὶ
2286 4419 2464 4479 αὗλον
2532 4442 2726 4497 γυναι-
