3109 5092
1339 356 1593 420 OLIO.
1641 358 1689 419 Ι.
1729 370 1818 424 82.

2591 360 2708 424 179

435 534 727 619 ἑωυτοῦ,
769 534 939 623 μηδὲ
956 537 1380 627 παραμένειν
1404 530 1947 622 ἀγωνιζομένων,
1990 538 2206 603 τῶνδε
2249 538 2543 621 εἵνεκεν,
2594 541 2709 607 ἵνα

432 634 525 725 μὴ
550 635 944 763 παρεόντων
969 664 1107 707 των
1147 642 1655 727 στρατοπέδων,
1697 632 1988 727 ὁρωντες
2027 639 2172 706 οἱ”
2129 664 2344 726 ετεροι
2385 640 2704 728 ἑσσουμέ-

433 769 594 822 νους
648 739 804 822 τούς
856 744 1223 831 σφετέρους
1241 793 1259 827 ,

1328 739 1756 830 ἐπαμύνοιεν.

1862 745 2296 828 Συνθέμενοι
2346 770 2445 811 ων
2498 749 2708 812 ταῦτα

342 842 404 897 4¹
433 840 974 931 ἀπαλλάσσοντο,
1014 845 1296 933 λογάδες
1330 846 1407 916 δὲ
1437 847 1773 936 ἑκατέρων
1810 840 2345 932 ὑπολειφθέντες
2371 848 2702 934 συνέβαλ-

431 957 570 1017 λον.
624 953 1020 1038 μαχομένων
1048 951 1130 1018 δέ
1152 970 1385 1037 σφεων
1420 952 1531 1020 καὶ
1562 953 1940 1037 γινομένων
1981 952 2388 1035 ἰσοπαλέων,
2428 944 2701 1019 ὑπελεί-

432 1078 635 1122 ποντο
676 1049 742 1134 ἐξ
783 1049 1058 1140 ἀνδρων
1096 1054 1461 1135 ἑξακοσίων
1485 1069 1699 1144 τρεῖς,
1740 1050 2062 1142 Ἀργείων
2099 1052 2225 1141 μὲν
2262 1048 2602 1143 Ἀλκήνωρ
2629 1080 2702 1123 τε

430 1157 543 1223 καὶ
595 1154 918 1246 Χρόμιος,
977 1163 1534 1246 Λακεδαιμονίων
1580 1157 1655 1226 δὲ
1703 1154 2102 1246 Ὀθρυάδης.
2182 1152 2704 1246 ὑπελείφθησαν

432 1257 507 1327 δὲ
534 1248 719 1328 οὗτοι
750 1256 993 1339 νυκτός
1020 1257 1458 1350 επελθούσης.
1518 1264 1590 1329 οἰ
1620 1260 1744 1349 μὲν
1773 1256 1858 1349 δὴ
1898 1259 2022 1328 δύο
2047 1263 2186 1327 τοῖν
2218 1254 2573 1347 Ἀργείων,
2614 1255 2702 1341 ὥς

428 1361 881 1452 νενικηκότες,
945 1369 1147 1433 ἔθεον
1190 1360 1258 1461 ἐς
1297 1362 1372 1433 τὸ
1406 1362 1682 1452 'Appos’
1748 1359 1785 1432 ὁ
1838 1362 1914 1432 δὲ
1957 1389 2095 1432 των
2141 1368 2702 1450 Λακεδαιμονίων

418 1461 834 1556 Ὀθρυάδης,
880 1468 1257 1547 σκυλεύσας
1293 1463 1450 1547 τοὺς
1481 1463 1805 1557 Ἀργείων
1845 1462 2128 1555 νεκροὺς
2166 1466 2279 1534 καὶ
2311 1464 2697 1556 προσφορή-

426 1586 547 1649 σας
585 1566 666 1639 τά
702 1566 875 1640 ὅπλα
915 1568 1080 1661 πρὸς
1120 1567 1195 1640 τὸ
1238 1572 1492 1639 ἑωυτοῦ
1535 1568 2023 1660 στρατόπεδον,
2084 1564 2161 1636 ἒν
2204 1573 2286 1657 τῇ
2329 1570 2508 1652 τάξει
2563 1568 2699 1658 εἶχε

428 1672 702 1743 ἑωυτόν.
759 1668 972 1763 ἡμέρῃ
1002 1674 1077 1744 δὲ
1107 1676 1390 1763 δευτέρῃ
1422 1679 1731 1763 παρῆσαν
1759 1672 2266 1759 πυνθανόμενοι
2309 1668 2695 1761 ἀμφότεροι.

422 1777 587 1856 τέως
623 1776 751 1865 μὲν
790 1774 873 1865 δὴ
915 1774 1107 1846 αὐτοὶ
1157 1776 1455 1866 ἑκάτεροι
1497 1783 1760 1865 ἔφασαν
1802 1780 2039 1860 νικᾶν,
2098 1775 2405 1859 λέγοντες
2445 1780 2515 1843 οἰ
2548 1774 2695 1862 μὲν,

425 1873 515 1959 ὡς
542 1881 814 1949 ἑωυτῶν
842 1886 1128 1961 πλεῦνες
1163 1878 1636 1967 περιγεγόνασι
1654 1931 1673 1965 ,
1704 1884 1775 1949 οἱ
1800 1878 1874 1947 δὲ
1891 1929 1911 1963 ,
1941 1873 2097 1956 τούς
2122 1875 2248 1964 μὲν
2273 1872 2692 1964 ἀποφαίνον-

421 2008 529 2060 τες
568 1982 1024 2071 πεφευγότας,
1072 1981 1189 2053 τὸν
1229 1983 1305 2052 δὲ
1347 1984 1677 2073 σφέτερον
1715 1986 2219 2069 παραμείναντα
2261 1980 2372 2048 καὶ
2402 1980 2690 2049 σκυλεύ-

420 2105 630 2156 σαντα
670 2083 827 2167 τούς
868 2082 1149 2159 ἐκείνων
1195 2084 1496 2176 νεκρούς.
1563 2088 1750 2167 τέλος
1790 2084 1864 2153 δὲ
1906 2080 1980 2154 ἐκ
2022 2088 2138 2171 τῆς
2173 2088 2392 2173 ἔριδος
2430 2103 2688 2173 συμπε-

490 2249 833 2315 παραμένειν
878 2240 1323 2315 ἀγωνιζομένων]
1375 2250 1414 2301 i.
1454 2266 1503 2301 e.

418 2335 550 2382 „nec
569 2330 951 2383 permanerent,
991 2321 1101 2370 dum
1131 2323 1206 2371 illi
1231 2322 1401 2370 relicti
1427 2322 1503 2370 di-

414 2390 719 2439 micterenc.“
753 2391 912 2452 Quod
942 2391 1207 2440 immerito
1228 2390 1502 2441 Larchero

419 2458 713 2523 displicuit,
740 2461 828 2509 cui
852 2460 1165 2510 vertendum
1187 2459 1499 2510 videbatur:

415 2544 549 2592 „uec
597 2530 891 2581 adsiderem
933 2529 1335 2580 dimicantibus.“
1415 2528 1501 2579 Ad

416 2612 635 2648 sensum
670 2603 841 2661 recte,
887 2599 960 2649 ad
995 2600 1163 2649 verba
1198 2600 1375 2648 minus
1412 2613 1501 2648 ac-

417 2672 621 2719 curate.
696 2670 873 2719 Vertit
904 2674 1087 2720 tamen
1117 2668 1304 2719 eodem
1338 2668 1498 2718 modo

416 2738 660 2803 Toupins
710 2738 996 2799 (Emendd.
1052 2740 1124 2790 ad
1180 2738 1329 2789 Suid.
1388 2738 1496 2788 ΙΙΙ.

412 2822 541 2872 pag.
613 2806 764 2873 328):
833 2809 1075 2859 adsidere
1137 2807 1499 2871 dimicantibus,

414 2885 633 2928 eventum
684 2880 867 2941 proelii
920 2886 1254 2942 exspectare,
1320 2880 1394 2928 ita
1448 2884 1503 2927 ut

406 2955 622 3010 praesto
655 2951 754 2997 sint
784 2950 890 2998 suis
920 2948 1263 2999 laborantibus
1298 2962 1502 2997 succur-

412 3032 549 3067 rere.
642 3017 784 3067 Nam
835 3013 1184 3082 παραμένειν
1242 3015 1379 3067 alias
1441 3016 1500 3066 in

413 3086 742 3137 athletarum
792 3087 953 3137 rebus
1009 3087 1153 3137 idem
1207 3102 1325 3137 esse
1378 3085 1499 3135 vult

415 3162 578 3221 atque
620 3153 1036 3219 παρακαθίζειν
1084 3161 1140 3206 et
1185 3147 1499 3238 ἕφεδρῖζειν

414 3225 479 3276 de
524 3230 587 3276 eo‘
635 3224 871 3288 athleta,
934 3226 1026 3291 qui
1070 3241 1182 3275 non
1226 3225 1345 3291 ipse
1403 3239 1497 3289 pu-

411 3311 585 3360 gnans
629 3295 915 3360 postmodo
960 3294 1236 3346 laboranti
1279 3309 1497 3344 succur-

410 3371 514 3427 rat,
548 3366 769 3430 ipseque
796 3359 1037 3429 ἔφεδρος
1061 3363 1293 3415 dicatur.
1326 3392 1397 3402 -
1426 3363 1493 3412 In

409 3450 560 3500 seqq.
608 3434 868 3484 librorum
915 3434 1151 3499 plurium
1197 3433 1493 3483 auctorita-

408 3507 520 3554 tem
565 3504 741 3554 secuti
785 3519 907 3554 cum
955 3504 1124 3555 Gaisf.
1178 3503 1491 3568 scripsimus

404 3564 806 3624 ὑπελείποντο
825 3589 922 3637 pro
941 3572 1093 3650 vulg.
1106 3564 1490 3622 ὑπελίποντο

468 3634 745 3707 Ἀλκήνωρ
763 3656 820 3691 τε
836 3637 934 3691 καὶ
945 3641 1279 3707 Χρομιος-
1299 3639 1433 3702 Οθρ
1443 3656 1495 3688 υ-

406 3704 573 3777 άδης]
623 3711 709 3762 Ad
741 3717 1120 3794 argumentum
1165 3711 1309 3761 conf.
1350 3712 1492 3761 Pau-

409 3797 527 3832 san.
566 3783 643 3844 11,
671 3781 756 3833 20.
796 3785 849 3845 5.
886 3783 937 3832 4.
975 3811 1046 3822 -
1074 3772 1348 3845 Ἀλκήνωρ
1380 3779 1493 3845 ple-

407 3852 559 3916 rique
596 3851 719 3902 libri
755 3851 1047 3916 praebent,
1076 3851 1325 3914 idemque
1348 3865 1492 3899 nunc

406 3923 721 3973 restitutum
757 3921 995 3972 Stobaeo
1034 3921 1288 3983 V11‚67.
1337 3910 1491 3983 Χρο

404 4006 534 4055 μιος
573 3992 642 4043 ob
682 3995 939 4042 accentus
992 3992 1261 4040 rationem
1303 3988 1492 4039 lauda-

406 4066 495 4110 tur
531 4076 565 4110 a
599 4060 787 4112 Lehrs.
823 4061 909 4111 De
943 4059 1248 4110 Aristarchi
1294 4057 1490 4109 studiis

405 4146 455 4194 p.
497 4130 619 4182 279.
654 4161 727 4170 --
770 4129 1088 4195 Othryadae
1132 4129 1355 4179 victoris
1411 4128 1489 4178 fa-

404 4200 559 4249 cinus
612 4199 766 4249 multi
813 4201 1071 4265 deinceps
1124 4198 1486 4260 celebrarunt,

402 4285 562 4334 quem
600 4270 880 4320 Laconum
912 4275 1196 4335 tropaeum
1231 4283 1329 4319 suo
1366 4282 1491 4317 san-

402 4339 569 4404 guine
625 4339 910 4405 scripsisse
955 4338 1262 4405 perhibent.
1345 4337 1489 4399 Quo·

400 4420 521 4458 rum
548 4407 695 4460 locos
722 4406 945 4473 collegit
962 4407 1089 4460 Tib.
1109 4403 1487 4459 Hemsterhus.

1606 2248 1677 2298 ad
1713 2249 1941 2300 Lucian.
1978 2247 2379 2312 contemplant.
2414 2248 2507 2299 fin.
2535 2250 2694 2300 Tom.

1607 2319 1719 2370 111.
1759 2335 1812 2384 p.
1850 2320 1953 2370 412
1989 2334 2105 2384 seq.
2149 2319 2232 2369 ed.
2271 2319 2394 2383 Bip.
2465 2320 2549 2370 Ex
2583 2321 2693 2369 He-

1604 2389 1846 2439 rodoteis
1888 2389 2069 2438 verbis
2106 2389 2199 2439 vix
2231 2388 2335 2438 hoc
2380 2387 2565 2454 colligi
2600 2404 2694 2453 po-

1604 2462 1740 2521 test,
1781 2458 2118 2523 Othryadem
2149 2463 2430 2522 tropaeum
2456 2459 2694 2509 erexisse

1603 2529 1852 2592 adeoque
1912 2527 2049 2577 illud
2106 2527 2485 2591 inscripsisse,
2548 2527 2691 2592 quod

1603 2597 1790 2647 forsan
1847 2595 2164 2661 posterioris
2220 2596 2420 2645 aetatis
2480 2596 2692 2645 ferebat

1604 2682 1748 2729 mos,
1796 2665 1893 2715 sed
1938 2664 2075 2715 illud
2111 2679 2304 2726 unum,
2356 2663 2692 2730 Othryadem

1605 2735 1849 2785 collectis
1893 2734 2131 2784 hostium
2178 2733 2370 2795 armis,
2426 2749 2566 2798 quae
2603 2749 2691 2783 ca-

1604 2805 1892 2855 daveribus
1932 2804 2270 2865 detraxerat,
2327 2802 2400 2852 ad
2435 2817 2563 2853 suos
2609 2818 2690 2853 re-

1602 2875 1861 2938 vertisse,
1918 2873 2156 2923 hostium
2203 2869 2378 2937 spolia
2421 2877 2482 2922 ut
2527 2871 2690 2922 docn-

1602 2949 1845 2995 mentum
1868 2943 2134 2994 victoriae
2158 2946 2471 3007 reportatae
2506 2958 2689 2993 secum

1604 3015 1883 3065 ferentem.
1956 3013 2023 3063 In
2069 3028 2179 3077 qua
2211 3013 2525 3063 Herodotea
2567 3028 2688 3063 nar-

1602 3086 1818 3134 ratione
1855 3082 2088 3148 simplici
2131 3083 2320 3146 utique
2356 3097 2457 3132 nec
2492 3082 2687 3147 impro-

1601 3153 1774 3203 babili
1806 3153 2055 3203 nolumus
2081 3150 2217 3202 illud
2249 3167 2517 3216 premere,
2550 3153 2686 3202 veri-

1599 3223 1775 3274 simile
1809 3239 1918 3273 non
1969 3236 2116 3285 esse,
2162 3221 2305 3287 quod
2347 3237 2488 3272 unus
2525 3221 2684 3271 homo

1597 3295 1683 3344 tot
1704 3307 1985 3343 caesorum
2009 3290 2249 3341 hostium
2270 3291 2540 3341 cadavera
2564 3306 2685 3355 spo-

1596 3362 1745 3412 liarit
1790 3362 2134 3424 omniumque
2191 3375 2345 3409 arma
2397 3364 2562 3409 exuta
2613 3358 2684 3407 ad

1597 3447 1724 3482 suos
1775 3430 2083 3481 contulerit.
2169 3427 2305 3478 Tale
2361 3428 2503 3477 enim
2553 3427 2683 3491 quid

1593 3501 1906 3551 Herodotus
1945 3500 2038 3548 vix
2085 3498 2358 3562 cogitasse
2407 3496 2682 3559 putandus

1592 3574 1696 3621 est.
1756 3571 1830 3619 Et
1854 3567 1984 3633 quid
2011 3581 2146 3629 opus
2171 3564 2419 3615 omnibus
2445 3564 2684 3614 hostium

1594 3653 1876 3689 caesorum
1910 3635 2112 3686 armis?
2174 3635 2369 3685 Nonne
2401 3632 2684 3684 nonnullo-

1595 3724 1714 3758 rum
1745 3707 1922 3772 spolia
1956 3704 2094 3755 satis
2125 3704 2235 3753 iam
2255 3703 2517 3753 victorem
2540 3718 2682 3753 com—

1593 3782 1899 3828 monstrare
1935 3776 2225 3839 poterant?
2299 3773 2414 3823 Nec
2445 3773 2553 3823 alio
2588 3772 2681 3822 du-

1595 3848 1672 3899 cit
1725 3845 1926 3898 Thesei
1985 3843 2134 3909 apud
2186 3842 2483 3897 stobaeum
2544 3841 2581 3893 l.
2640 3842 2677 3894 l.

1595 3917 1800 3979 oratio,
1848 3913 2219 3965 narrationem
2252 3912 2413 3963 credo
2456 3911 2682 3977 amplifi-

1594 3987 1770 4039 cantis
1800 3986 1937 4036 adeo
1960 3987 2015 4033 et
2035 3983 2349 4034 exornantis
2366 4020 2379 4047 ,
2410 3982 2503 4033 ubi
2525 3983 2679 4046 dicit,

1595 4056 1931 4122 Othryadem
1964 4057 2126 4105 nmltis
2155 4051 2406 4118 spoliatis
2439 4052 2680 4104 hostium

1587 4132 1871 4207 tropaeum
1908 4125 2161 4175 erexisse.

1663 4186 1741 4254 οὖς
1763 4187 1989 4245 ἕωυτων
2008 4190 2243 4250 πλεῦνες
2263 4181 2676 4256 περιγεγόνασι]

1590 4264 1827 4323 πλεῦνες
1848 4265 2041 4315 Ionum
2067 4278 2215 4313 more
2252 4276 2348 4327 pro
2373 4260 2678 4327 Atticorum

1591 4332 1842 4397 πλέονες,
1880 4349 1990 4399 qua
2015 4333 2082 4383 de
2107 4347 2167 4382 re
2189 4330 2375 4383 omnia
2402 4344 2546 4379 nunc
2571 4327 2679 4378 col·

1588 4401 1726 4471 legit
1758 4404 1992 4456 Bredov.
2032 4416 2087 4467 p.
2127 4399 2380 4540 134080‘1·

2129 4482 2157 4541 1
