3109 5092
530 341 653 405 874
1323 342 1867 407 EXCURSUS
1916 344 2013 404 XI

1245 766 1886 845 EXGURSUS
1952 769 2069 843 XI

892 937 1079 1004 AD
1179 935 2422 1021 HERODOT.11‚123.

1024 1095 1132 1162 [Ex
1156 1098 1399 1149 Creazeri
1420 1099 1702 1147 Commenee.
1730 1095 1964 1146 Her-odd.
1985 1111 2041 1159 p.
2059 1094 2303 1163 331⁸qu

698 1408 932 1475 „zoega
983 1414 1131 1461 recte
1185 1409 1396 1479 accepit
1444 1412 1614 1462 verba
1656 1409 1923 1462 Herodoti
1984 1410 2084 1464 τοῦ
2125 1403 2376 1478 σώματος
2418 1401 2477 1461 δὲ
2522 1408 2807 1475 καταφθί-

524 1511 720 1554 νοντος
759 1496 825 1546 de
861 1511 1084 1563 corpore
1121 1495 1326 1565 dilapso
1365 1505 1415 1549 et
1453 1496 1510 1548 in
1549 1496 1748 1548 cineres
1789 1497 2039 1549 dissoluto
2059 1490 2138 1559 ⁷⁴¹).
2212 1496 2351 1545 Nam
2392 1493 2622 1562 primum
2653 1492 2803 1561 cogi·

527 1578 697 1631 tanda
750 1583 884 1630 sunt
925 1579 1086 1631 nobis
1130 1579 1292 1632 rudia
1334 1586 1390 1631 et
1429 1580 1685 1632 inchoata
1727 1580 2096 1631 tantummodo
2149 1579 2309 1630 initia
2370 1578 2803 1636 condiendorum

528 1680 838 1733 corporum,
870 1680 1042 1734 quae,
1077 1670 1139 1717 ut
1161 1664 1380 1735 quidem
1409 1664 1649 1729 videtur,
1683 1682 1712 1715 e
1744 1665 1983 1716 desertis
2016 1664 2231 1716 Africae
2263 1664 2564 1729 ducuntur,
2602 1670 2803 1732 sponte

528 1748 909 1802 arescentibus
942 1749 1305 1802 cadaveribus
1338 1749 1486 1801 sicco
1513 1757 1698 1816 vento,
1731 1754 1787 1801 et
1815 1749 1883 1801 ad
1913 1755 2128 1818 tempus
2159 1749 2509 1801 durantibus.
2567 1747 2800 1811 Deinde,

532 1834 626 1904 qui
665 1850 942 1903 pauperes
974 1852 1038 1886 ac
1065 1842 1266 1887 tenues
1294 1851 1394 1903 per
1423 1834 1736 1903 Aegyptum
1768 1834 1925 1885 tenui
1960 1833 2196 1903 rudique
2226 1833 2462 1886 artificio
2500 1838 2629 1901 post
2660 1850 2801 1884 mor-

529 1926 635 1972 tem
680 1918 1107 1971 condiebantur:
1154 1936 1339 1972 eorum
1384 1919 1656 1971 cadavera
1698 1936 1889 1988 parum
1934 1918 2193 1970 credibile
2223 1925 2346 1970 erat
2383 1919 2439 1969 in
2479 1924 2804 1986 perpetuum

533 2006 828 2069 duratura,
873 2008 936 2055 ut
969 2004 1205 2056 omittam
1239 2003 1511 2057 nobiliora
1541 2020 1765 2073 quoque
1800 2009 1856 2054 et
1895 2004 2350 2071 generosioribus
2386 2002 2607 2054 condita
2634 2002 2801 2054 medi-

530 2087 792 2141 camentis
834 2105 1067 2158 corpora
1103 2107 1211 2141 non
1257 2089 1312 2141 in
1357 2096 1683 2158 perpetuum
1734 2087 1989 2141 immunia
2032 2106 2064 2139 a
2104 2088 2419 2158 corruptela
2464 2105 2609 2139 esse.
2683 2089 2806 2139 Nec

532 2174 705 2240 magis
737 2174 1061 2241 memorabo,
1094 2174 1169 2240 vi,
1208 2175 1355 2225 ferro
1390 2173 1632 2242 igneque
1663 2174 1912 2225 absumta
1949 2191 2074 2225 esse
2111 2189 2503 2242 nonnunquam
2534 2172 2807 2224 cadavera

530 2258 823 2321 medicata,
869 2256 1019 2309 velut
1048 2273 1197 2323 cum,
1239 2257 1510 2324 Cambyse
1541 2257 1711 2325 duce,
1757 2258 1964 2310 Persae
2005 2257 2299 2310 bellatores
2335 2275 2437 2326 per
2465 2257 2808 2310 Thebaidem

530 2345 664 2394 sunt
693 2340 951 2407 grassati.
1013 2342 1090 2393 Et
1115 2348 1290 2393 tamen
1328 2359 1481 2393 nemo
1514 2342 1805 2412 quisquam
1839 2341 2235 2411 Aegyptiorum
2272 2342 2506 2394 omnium
2538 2342 2807 2395 fraudan-

533 2428 639 2479 dus
672 2443 736 2476 eo
768 2422 965 2477 solatio
1000 2432 1150 2478 erat:
1205 2427 1440 2480 animum
1467 2445 1619 2481 suum
1654 2429 1811 2481 etiam
1835 2428 2045 2498 dilapso
2074 2429 2288 2498 corpori
2308 2427 2638 2498 superstitem
2664 2433 2808 2489 rore.

536 2512 678 2580 Quid
715 2512 887 2581 igitur
915 2517 1168 2578 jecerunt
1203 2513 1539 2566 sacerdotes?
1586 2511 1897 2567 Docuerunt
1924 2514 2187 2582 bifariam.
2260 2514 2467 2567 plebem
2506 2514 2812 2566 imbuerunt

531 2615 597 2651 ea
627 2597 902 2667 opinione,
954 2607 1014 2651 ut
1040 2599 1303 2663 crederet,
1354 2599 1418 2650 ab
1449 2599 1673 2651 evanida
1704 2616 1953 2669 corpore,
1997 2598 2049 2650 h.
2082 2617 2131 2650 e.
2175 2599 2410 2668 dilapso,
2456 2599 2565 2651 alia
2593 2616 2658 2651 a
2688 2600 2812 2651 ali-’s

529 2700 759 2754 corpora
785 2682 1153 2753 ingressurum
1179 2684 1401 2737 hominis
1431 2683 1692 2737 am'mum:
1732 2684 1828 2737 st'hi
1855 2691 2191 2736 reservarunt
2228 2684 2565 2737 eruditiorem
2595 2691 2811 2736 senten-

531 2770 662 2824 tiam
687 2768 1090 2838 palingenesiam
1104 2763 1217 2835 **).
1285 2768 1412 2829 Qua
1455 2768 1512 2818 in
1550 2786 1612 2820 re
1650 2767 1787 2820 illud
1830 2785 1983 2820 nemo
2015 2766 2235 2819 obiiciet
2266 2768 2458 2819 nobis:
2508 2767 2610 2818 hoc
2643 2776 2811 2836 pacto

529 2852 724 2908 melius
770 2851 1080 2904 consultum
1123 2853 1301 2905 fuisse
1342 2851 1619 2922 primariis
1672 2852 1809 2906 viris
1857 2851 2279 2920 honoratisque,
2330 2860 2393 2903 ut
2437 2851 2533 2921 qui
2569 2870 2631 2903 se
2675 2870 2811 2904 con-

534 2936 767 2991 diendos
816 2952 1011 2989 curare
1058 2944 1292 3005 possent
1332 2937 1617 2988 efficacius
1659 2938 1728 2989 ad
1772 2936 2195 3007 perpetuitatem
2233 2936 2437 2989 formae
2484 2954 2810 3006 corporeae,

533 3037 693 3090 quam
724 3037 842 3072 cnm
873 3019 1089 3072 infimae
1119 3020 1449 3073 conditionis
1481 3021 1809 3089 hominibus,
1848 3026 1910 3073 ut
1942 3037 2172 3091 quorum
2201 3020 2470 3073 cadavera
2501 3021 2665 3073 citius
2698 3022 2811 3074 dis-

531 3104 786 3157 ssuerent.
856 3103 995 3157 Nam
1023 3104 1250 3173 primum
1281 3122 1435 3156 nemo
1471 3106 1682 3171 nescit,
1730 3106 1786 3157 in
1820 3106 2084 3158 eiusmodi
2116 3105 2461 3157 sacerdotum
2503 3123 2812 3176 regumque

534 3187 879 3241 orientalium
921 3187 1147 3256 imperio
1179 3205 1339 3257 quam
1369 3189 1472 3240 vim
1506 3189 1704 3241 habeat
1734 3189 2025 3242 Castarum
2057 3189 2399 3255 differentia,
2445 3198 2502 3242 et
2541 3198 2811 3259 quantum

533 3273 640 3327 sibi
686 3272 953 3342 hodieque
997 3272 1256 3325 Indorum
1299 3272 1587 3342 optimates
1632 3272 1959 3342 indulgeant
2008 3275 2063 3325 in
2114 3281 2472 3326 extremarum
2513 3275 2811 3329 Castarum

534 3359 796 3412 homines.
863 3357 1076 3409 Deinde
1119 3357 1208 3410 vel
1244 3357 1543 3411 vilissimae
1587 3359 1758 3410 sortis
1803 3358 2075 3423 homines,
2125 3358 2221 3427 qui
2252 3366 2381 3427 post
2418 3365 2641 3412 mortem
2673 3359 2809 3413 Osi-

669 3539 724 3605 *)
774 3541 934 3589 Hanc
977 3541 1086 3590 viri
1119 3540 1271 3590 docti
1305 3540 1815 3605 interpretationem
1851 3540 2071 3604 probari
2117 3539 2262 3590 haud
2298 3554 2459 3604 posse
2497 3539 2813 3589 monuimus

535 3611 606 3663 ad
640 3611 716 3672 ΙΙ,
754 3610 874 3671 123,
918 3609 1011 3660 ubi
1048 3610 1157 3660 vid.
1194 3614 1333 3660 nott.
1414 3607 1547 3676 [Bw-,J

669 3678 757 3743 **)
798 3679 958 3729 Hanc
995 3677 1265 3743 duplicem
1303 3680 1463 3744 quasi
1497 3678 1888 3743 Aegyptiorum
1925 3677 2236 3726 doctrinam
2278 3676 2346 3727 de
2382 3677 2603 3728 animae
2643 3680 2808 3728 statu

530 3754 658 3815 post
681 3752 926 3811 mortem,
962 3747 1194 3798 alteram
1225 3748 1644 3809 sacerdotalem,
1682 3746 1914 3796 alteram
1940 3745 2230 3810 plebeiam,
2267 3762 2335 3796 ex
2353 3746 2624 3796 Herodoti
2649 3751 2811 3797 certe

528 3819 712 3869 verbis
766 3818 953 3883 colligi
997 3817 1146 3867 haud
1193 3833 1355 3883 posse
1402 3833 1559 3869 nemo
1593 3815 1716 3882 [non
1759 3815 2049 3881 intelligit:
2102 3831 2278 3881 neque
2328 3816 2497 3866 etiam
2532 3816 2813 3866 Herodoti

526 3887 696 3938 verba
728 3902 792 3936 eo
829 3887 1044 3949 valere,
1095 3892 1158 3936 ut
1194 3889 1435 3937 animam
1470 3892 1589 3936 tum
1625 3885 1869 3947 demum,
1916 3885 2132 3950 quando
2169 3885 2445 3949 dilapsum
2481 3884 2651 3935 fuerit
2685 3901 2812 3935 cor-

529 3971 653 4020 pus,
696 3955 755 4004 in
793 3954 1110 4005 animalium
1136 3972 1367 4022 corpora
1403 3958 1760 4022 migraturam
1797 3971 1915 4006 esse
1940 3954 2249 4017 credamus,
2289 3954 2385 4005 sed
2420 3955 2661 4004 animam
2689 3960 2812 4005 sta-

528 4027 627 4074 tim
650 4061 663 4085 ,
702 4025 1007 4074 intereunte
1042 4041 1298 4090 corpore,
1334 4028 1456 4091 ipso
1493 4025 1685 4075 mortis
1721 4023 1957 4074 articulo
1990 4024 2336 4087 migrationis
2372 4024 2479 4073 iter
2516 4026 2812 4089 susceptu-

526 4110 674 4156 ram,
724 4093 782 4142 in
830 4097 967 4143 nott.
1017 4094 1088 4144 ad
1121 4095 1197 4157 11,
1234 4095 1334 4148 123
1380 4096 1518 4146 satis
1554 4094 2005 4144 monstravimus:
2057 4092 2377 4157 quibuscum
2422 4092 2809 4153 conferantur,

528 4180 667 4231 quae
702 4167 929 4213 auctore
967 4163 1268 4215 Rosellinio
1304 4165 1361 4214 in
1398 4166 1626 4215 Excute.
1669 4163 1739 4213 ad
1774 4164 1850 4224 II,
1877 4162 1946 4213 85
1984 4162 2326 4227 protulimus.
2399 4163 2596 4227 Itaque
2628 4177 2805 4213 unam

523 4239 743 4286 tantum
795 4232 966 4283 fuisse
1017 4235 1411 4298 Aegyptiorum
1459 4234 1769 4284 doctrinam
1821 4233 1889 4283 de
1939 4233 2155 4282 animae
2201 4236 2329 4297 post
2374 4237 2605 4283 mortem
2646 4236 2810 4283 statu

523 4307 797 4357 credimus
834 4317 1063 4368 eamque
1099 4302 1254 4353 vario
1289 4303 1449 4354 modo
1487 4303 1748 4353 traditam
1786 4302 2066 4367 variisque
2105 4302 2439 4368 imaginibus
2474 4302 2806 4364 exhibitam,

526 4375 744 4442 qualem
786 4373 900 4424 fere
948 4373 1301 4437 antiquorum
1352 4375 1680 4437 scriptorum
1727 4388 1899 4437 aeque
1937 4388 2005 4422 ac
2043 4377 2511 4423 monumentorum
2557 4373 2807 4438 ipsorum

517 4445 621 4497 fide
670 4444 928 4509 exposuit
968 4442 1144 4494 Roth:
1188 4441 1382 4493 Gesch.
1426 4443 1478 4492 d.
1520 4441 1724 4492 Philos.
1763 4442 1807 4491 1.
1849 4458 1902 4507 p.
1937 4444 2036 4494 177
2068 4458 2222 4508 seqq.
2302 4438 2440 4507 [Bru]
