3109 5092
487 343 608 402 254
1356 343 1883 404 HERODOTI

487 517 600 584 καὶ
642 521 775 585 νῦν
806 518 873 594 ἐς
909 522 981 584 τί
1017 510 1181 604 ὑμῖν
1221 523 1532 603 φαίνεται
1564 518 1831 605 φέρεινς
1874 513 2099 584 Εἶπαν
2133 518 2204 584 οἱ
2222 514 2454 603 μάγοι·
2506 520 2596 583 Εἰ
2628 514 2755 603 μὲν

490 625 793 705 περίεστί
811 644 883 687 τε
912 621 1022 687 καὶ
1053 621 1446 706 ἐβασίλευσε
1472 615 1505 688 ὁ
1539 635 1696 700 παῖς
1734 618 1825 709 μὴ
1855 622 1929 688 ἐκ
1973 625 2293 705 προνοίης
2321 614 2533 703 τινὸς,
2574 616 2750 706 θάρ-

489 742 592 789 σει
627 749 700 791 τε
741 723 988 790 τούτου
1031 726 1259 790 εἵνεκα
1300 725 1411 791 καὶ
1457 720 1690 810 θυμὸν
1733 729 1839 811 ἔχε
1879 718 2177 806 ἀγαθόν’
2235 718 2319 790 οὐ
2371 719 2499 809 γὰρ
2544 726 2640 789 ἔτι
2678 717 2754 789 τὸ

490 822 812 914 δεύτερον
848 821 1052 913 ἄρξει.
1116 821 1295 912 παρὰ
1332 823 1581 914 σμικρὰ
1621 823 1750 914 γάρ
1790 826 1902 896 καὶ
1944 829 2082 892 τών
2122 830 2373 911 λογίων
2413 819 2577 912 ἡμῖν
2606 829 2756 892 ἔνια

490 928 825 1017 κεχώρηκε
843 950 857 964 ·
903 929 1016 997 καὶ
1043 926 1124 996 τά
1149 955 1225 1015 γε
1253 933 1389 998 τών
1417 926 1787 1017 ὀνειράτων
1817 926 2129 1016 ἐχόμενα,
2174 931 2415 1006 τελέως
2452 930 2520 1007 ἐς
2544 923 2752 995 άσθε-

495 1030 601 1111 νὲς
640 1039 919 1121 ἔρχεται.
976 1028 1345 1119 Ἀμείβεται
1379 1029 1744 1119 Ἀστυάγης
1788 1036 2045 1101 τοῖσδε·
2091 1032 2223 1098 Καὶ
2266 1027 2499 1112 αὐτὸς,
2542 1021 2595 1098 ώ
2625 1028 2753 1117 μά-

491 1162 633 1222 γοι,
691 1132 898 1222 ταύτῃ
946 1142 1252 1215 πλεῖστος
1297 1134 1573 1222 γνώμην
1630 1136 1800 1221 εἰμὶ,
1854 1134 2160 1222 βασιλέος
2213 1130 2756 1220 οὐνομασθέντος

489 1242 612 1307 τοῦ
643 1234 880 1316 παιδὸς
899 1275 935 1320 ,·
962 1235 1225 1324 ἐξήκειν
1251 1264 1322 1306 τε
1359 1234 1480 1307 τὸν
1501 1234 1772 1325 ὄνειρον
1793 1289 1810 1322 ,
1848 1243 1968 1306 καί
1990 1263 2101 1323 μοι
2129 1232 2247 1305 τὸν
2276 1240 2485 1305 παῖδα
2514 1240 2756 1304 τοῦτον

494 1339 667 1410 εἶναι
711 1336 943 1409 δεινὸν
982 1336 1189 1409 οὐδὲν
1227 1347 1346 1409 ἔτι.
1423 1336 1601 1428 ὅμως
1644 1343 1770 1427 μέν
1798 1367 1875 1428 γε
1916 1367 2015 1407 τοι
2042 1338 2599 1427 συμβουλεύσατέ
2618 1365 2754 1426 μοι,

495 1433 572 1510 εὖ
615 1441 1212 1531 περισκεψάμενοι,
1253 1441 1334 1511 τὰ
1373 1444 1599 1531 μέλλει
1642 1439 2111 1529 ἀσφαλέστατα
2150 1440 2325 1511 εἶναι
2352 1452 2517 1533 οἴκῳ
2555 1467 2629 1509 τε
2655 1444 2748 1532 τῷ

494 1548 632 1637 ἐμῷ
658 1547 770 1615 καὶ
811 1540 994 1633 ὑμῖν.
1072 1544 1299 1614 Εἶπαν
1334 1544 1498 1633 πρὸς
1535 1550 1746 1614 ταῦτα
1785 1550 1855 1614 οἰ
1891 1546 2123 1634 μάγοι·
2160 1535 2241 1612 Ὦ
2282 1548 2603 1632 βασιλεῦ,
2645 1543 2758 1611 καὶ

493 1645 753 1718 αὐτοῖσι
793 1643 957 1737 ἡμῖν
997 1649 1151 1734 περὶ
1196 1653 1449 1718 πολλοῦ
1479 1649 1618 1718 ἐστὶ
1659 1652 2167 1736 κατορθοῦσθαι
2211 1642 2425 1736 ἀρχὴν
2450 1644 2574 1735 τὴν
2606 1644 2755 1734 σήν.

493 1759 733 1831 κείνως
760 1750 885 1839 μὲν
912 1748 1040 1838 γὰρ
1067 1748 1531 1839 ἀλλοτριοῦται
1550 1802 1570 1835 ,
1613 1753 1679 1829 ἐς
1719 1746 1838 1820 τὸν
1880 1755 2089 1819 παῖδα
2114 1753 2355 1844 τοῦτον
2383 1753 2760 1837 περιιοῦσα,

494 1852 687 1923 ἐόντα
713 1857 1020 1942 Πέρσην·
1084 1855 1195 1922 καὶ
1239 1849 1460 1943 ἡμεῖς,
1510 1851 1730 1932 ἐόντες
1761 1857 1987 1941 Μῆδοι
2011 1903 2029 1937 ,
2077 1850 2507 1941 δουλούμεθά
2546 1878 2618 1919 τε
2647 1853 2760 1919 καὶ

561 2012 716 2084 παρὰ
758 2011 963 2083 σμικρὰ
999 2010 1105 2083 γὰρ
1142 2049 1211 2058 —-
1247 2013 1371 2068 ἔνια
1406 2012 1576 2084 κεχώ-

495 2088 674 2207 Ξῗέἕὲ.
715 2090 804 2207 {¹15
809 2087 946 2216 ⁰00⁸?
955 2103 1395 2220 ,ἓίῗῖῗέῃιῗὲἓο
1413 2088 1578 2222 νῗέἓῖ

496 2233 610 2275 tur:
650 2218 705 2282 ἐς
737 2218 982 2281 ἀσθενὲς
1022 2218 1257 2288 ἔρχεται.
1331 2227 1577 2291 Namque

495 2287 654 2354 παρὰ
690 2293 778 2343 hic
814 2292 1000 2342 eadem
1037 2294 1149 2343 fere
1177 2293 1424 2358 notione,
1468 2311 1578 2360 qua

495 2354 640 2426 πρὸς
688 2378 734 2413 s.
783 2356 891 2424 εἰς,
952 2367 1211 2426 sequente
1255 2366 1576 2414 accusativo

495 2433 623 2496 poni
653 2432 888 2492 videtur,
926 2436 1074 2480 recte
1099 2437 1351 2481 monente
1376 2433 1578 2483 Matth.

497 2502 553 2550 in
586 2501 824 2552 Gramm.
864 2500 1057 2551 Graec.
1101 2504 1152 2563 g.
1190 2499 1322 2562 588,
1362 2517 1409 2551 c.
1447 2517 1575 2566 pag.

499 2569 651 2621 1173.
723 2570 867 2619 Hinc
905 2574 1083 2619 verte:
1121 2570 1343 2634 Namque
1377 2573 1426 2620 in
1465 2573 1578 2620 exi-

491 2651 640 2704 ραι.
688 2642 836 2689 etiam
890 2641 1101 2688 oracula
1150 2640 1386 2688 nonnulla
1436 2639 1579 2689 nobis

498 2712 734 2758 est-immi
789 2723 832 2758 s.
887 2715 1173 2770 cesserunt,
1231 2708 1267 2757 i.
1310 2723 1358 2757 e.
1407 2709 1575 2770 levem,

492 2779 722 2840 pusillum
758 2779 944 2826 exitum
989 2776 1228 2826 habuere.
1303 2776 1456 2894 ἳῐηο
1495 2793 1577 2826 se-

498 2851 736 2910 quuntur
761 2838 830 2894 τὰ
846 2842 962 2893 τῶν
981 2836 1289 2908 ὀνειράτων
1349 2837 1577 2908 χόμενα,

499 2918 627 2964 sunt
667 2930 757 2975 ea,
813 2928 943 2976 qnae
988 2915 1062 2963 ad
1093 2917 1281 2964 somnia
1330 2916 1583 2976 pertinent

497 2982 736 3046 huiusque
794 2989 912 3031 sunt
966 2986 1187 3045 yenem.
1282 2982 1328 3030 E
1387 2986 1578 3032 nostro

502 3049 769 3115 scriptore
812 3048 917 3099 huc
954 3050 1165 3100 faciunt
1212 3050 1321 3099 loci
1356 3065 1391 3100 a
1425 3052 1579 3100 Wes-

500 3118 729 3182 selingio
764 3116 977 3167 laudati
1000 3119 1045 3179 1,
1086 3118 1206 3169 193.
1245 3119 1353 3181 111,
1391 3121 1474 3170 25.
1509 3121 1576 3182 V,

499 3187 587 3238 40.
626 3186 786 3246 VIII,
821 3186 934 3237 ¹42.
1006 3186 1145 3236 Add.
1183 3187 1257 3248 ΙΙ,
1298 3189 1381 3237 77.
1455 3189 1578 3239 Alia

498 3257 731 3322 plurima
769 3254 958 3305 laudat
993 3256 1315 3307 Stallbaum.
1353 3256 1421 3306 ad
1454 3258 1578 3308 Pla-

498 3332 614 3377 ton.
642 3323 854 3376 Phileb.
881 3325 1111 3390 pag.29.
1166 3325 1410 3375 Eundem
1438 3328 1579 3377 Pau-

500 3395 688 3445 saniae
724 3410 880 3444 usum
906 3396 1097 3460 attigit
1117 3394 1365 3445 Siebelis.
1407 3396 1476 3446 ad
1498 3397 1576 3460 11,

501 3465 587 3516 30.
622 3467 672 3527 ἓ.
703 3464 756 3514 9.

569 3558 624 3624 ἐς
682 3557 923 3621 ἀσθενὲς
969 3559 1206 3631 ἔρχεται]
1268 3564 1423 3615 Infra
1467 3581 1576 3616 non

500 3635 718 3685 diversa
766 3633 1166 3698 significatione
1222 3633 1383 3682 dixit:
1435 3623 1578 3682 ἄπο-

502 3695 832 3768 σκήψαντος
865 3699 969 3751 τοῦ
1004 3693 1278 3750 ἐνυπνίου
1311 3692 1366 3758 ἐς
1402 3699 1581 3764 φλαῦ-

502 3786 624 3835 ρον.
704 3771 784 3821 Ac
830 3774 1014 3821 monet
1063 3769 1312 3835 Schwgh.
1362 3764 1580 3833 ἔρχεται

500 3839 590 3888 hic
629 3839 770 3888 idem
806 3854 954 3902 esse,
1003 3838 1146 3903 quod
1182 3838 1240 3887 in
1288 3837 1451 3887 simili
1495 3854 1579 3888 ar-

579 3914 759 3957 mento
791 3906 929 3957 alias
974 3906 1225 3972 frequens
1260 3905 1461 3971 legitur
1493 3898 1579 3967 ἐξ·

531 3988 716 4038 ρχεται
754 3975 859 4037 VI,
897 3975 983 4025 82.
1032 3976 1161 4034 107,
1209 3979 1263 4024 et
1303 3974 1405 4025 hoc
1458 3974 1579 4038 ipso

503 4044 683 4107 capite
706 4058 828 4092 mox
857 4034 1093 4106 ἐξήκειν.
1129 4042 1192 4090 In
1218 4041 1414 4107 quibus
1439 4058 1581 4107 quae

502 4110 790 4175 peculiaris
827 4110 900 4159 sit
933 4109 1017 4158 vis
1053 4111 1470 4174 praepositionis
1501 4103 1578 4173 ἐξ,

502 4181 593 4230 vix
626 4193 948 4243 quemquam
984 4176 1195 4227 latebit.

567 4271 745 4345 ταύτῃ
767 4276 1028 4334 πλεῖστος
1048 4268 1280 4342 γνώμην
1306 4272 1443 4343 εἰμί]
1468 4279 1504 4330 ἰ.
1528 4295 1578 4329 e.

499 4349 551 4399 in
594 4347 691 4398 hac
730 4347 943 4398 maa-ime
995 4357 1100 4396 eum
1150 4345 1414 4397 sententia.
1494 4345 1579 4397 De

1681 2009 1861 2075 πολὺς
1885 2017 2187 2080 sufficient,
2229 2031 2368 2082 quae
2390 2017 2497 2066 iam
2526 2016 2758 2082 Viget-us

1679 2086 1847 2136 habet
1916 2086 1983 2136 de
2043 2085 2367 2136 Idiotismm.
2434 2101 2559 2151 pag.
2638 2084 2756 2137 138.

1681 2156 1841 2205 Cous.
1885 2171 2097 2221 quoque
2143 2170 2308 2220 supra
2354 2155 2413 2214 Ι,
2457 2156 2525 2207 98
2574 2155 2758 2218 ibique

1679 2230 1793 2273 not.
1844 2224 1989 2275 Eltz.
2019 2225 2074 2273 in
2102 2225 2327 2286 Quaest.
2354 2223 2597 2273 Herodd.
2622 2239 2676 2288 p.
2703 2223 2758 2275 9.

1680 2293 1845 2342 scribi
1880 2293 1999 2343 vult
2033 2286 2259 2358 γνώμῃ,
2308 2308 2464 2357 quem
2513 2292 2757 2343 dativum

1680 2363 1950 2426 quomodo
1983 2361 2260 2412 commode
2297 2361 2575 2425 explicem,
2611 2362 2759 2426 equi-

1681 2429 1801 2479 dem
1836 2445 1944 2480 non
1976 2431 2170 2481 habeo.
2245 2431 2383 2480 Nam
2417 2431 2508 2494 qui
2538 2430 2760 2481 affertur

1680 2499 1947 2549 Herodoti
1990 2499 2143 2549 locus
2189 2499 2324 2561 VII,
2362 2500 2467 2549 220
2509 2500 2760 2549 consimi-

1679 2568 1776 2629 lis,
1816 2568 1871 2617 in
1907 2584 1971 2618 eo
2010 2567 2140 2618 mihi
2177 2583 2283 2617 non
2322 2566 2571 2626 dubium,
2628 2569 2759 2633 quin

1679 2652 1798 2687 cum
1815 2635 2176 2688 Valckenario
2196 2637 2537 2686 scribendum
2559 2639 2631 2687 sit
2654 2628 2761 2701 τὴν

1678 2698 1929 2769 γνώμην.
1979 2707 2115 2756 Vide
2142 2705 2217 2754 ibi
2242 2705 2454 2757 adnott.
2514 2706 2578 2756 In
2605 2721 2755 2770 seqq.

1677 2775 1762 2824 bis
1803 2775 1995 2838 scripsi
2040 2768 2297 2840 βασιλέος
2338 2790 2435 2839 pro
2473 2770 2754 2841 βασιλῆος.

1750 2871 1879 2940 περὶ
1916 2872 2130 2926 πολλοῦ
2165 2865 2303 2959 ἐστὶ]
2346 2877 2383 2927 i.
2420 2893 2466 2927 e.
2499 2880 2758 2940 plurimum

1680 2953 1855 2995 nostra
1876 2949 2099 3009 interest,
2136 2960 2298 3010 maana
2313 2946 2545 3008 facimus,
2598 2947 2757 2997 Cous.

1680 3029 1845 3077 supra
1881 3015 1940 3077 Ι,
1980 3014 2073 3075 73,
2122 3029 2190 3064 ne
2233 3014 2388 3078 plura
2430 3015 2487 3064 in
2523 3014 2759 3065 dictione

1678 3083 1820 3132 haud
1861 3082 2089 3133 difficili.
2146 3084 2275 3133 Mox
2308 3082 2500 3147 reliqui
2525 3082 2758 3143 κείνωςς

1678 3157 1905 3202 receutt.
1937 3152 2059 3202 edd.
2081 3141 2334 3216 ἐκείνως,
2365 3153 2600 3217 itemque
2637 3168 2758 3217 cap.

1687 3222 1784 3272 122
1812 3221 2041 3282 κείθενς
2080 3225 2141 3270 tu
2168 3222 2311 3271 conf.
2333 3227 2475 3272 nott.
2501 3221 2571 3271 ad
2595 3222 2641 3284 Ι,
2672 3223 2757 3272 11.

1751 3314 1806 3379 ἐς
1841 3314 1941 3372 τὸν
1976 3321 2158 3371 παῖδα
2192 3320 2400 3372 τοῦτον
2434 3319 2758 3388 περιϊοῦσα]

1680 3389 2012 3454 περιιοῦσα,
2072 3392 2217 3456 quod
2266 3407 2295 3440 e
2338 3391 2649 3442 melioribus
2699 3389 2761 3439 li-

1680 3458 1794 3508 bris
1831 3474 1973 3509 nuuc
2010 3460 2323 3511 restitutum
2361 3465 2472 3523 est,
2523 3458 2762 3509 illustra-

1680 3529 1763 3576 vit
1795 3527 2188 3579 Valckenarius
2228 3527 2437 3593 aliquot
2468 3528 2632 3591 locis,
2666 3528 2763 3577 ubi

1683 3610 1907 3660 regnum
1947 3613 1992 3647 s.
2032 3597 2314 3662 imperium
2352 3599 2432 3647 sic
2468 3596 2670 3646 dicitur
2705 3597 2760 3645 in

1682 3663 1914 3729 aliquem
1961 3662 2267 3729 περιϊέναι,
2325 3664 2652 3730 περιελθεῖν
2706 3669 2761 3715 et

1681 3747 1821 3796 quae
1852 3735 1966 3785 eius
2001 3739 2127 3783 sunt
2163 3735 2393 3798 generis.
2458 3734 2617 3784 Cous.
2654 3735 2762 3784 He-

1681 3801 1798 3852 rod.
1835 3803 1910 3865 11,
1949 3804 2067 3854 120.
2105 3803 2219 3863 111,
2245 3802 2329 3852 65.
2365 3801 2486 3853 140.
2521 3803 2631 3864 VI,
2661 3801 2759 3852 111

1682 3874 1737 3920 et
1759 3869 1804 3932 1,
1834 3872 1884 3920 7.
1910 3870 1998 3921 96.
2031 3872 2148 3921 187.
2187 3870 2308 3922 210.
2355 3870 2510 3921 Alios
2534 3870 2763 3921 aliorum

1680 3938 1832 3988 locos
1880 3940 1990 3989 vid.
2027 3939 2083 3989 in
2120 3939 2470 3990 Valckenarii
2511 3944 2646 3990 nota
2692 3938 2764 3989 ad

1680 4006 1736 4057 h.
1771 4006 1808 4057 l.
1846 4034 1915 4045 —
1972 3999 2145 4071 λόγου
2198 3999 2439 4064 οὐδενὸς
2495 4005 2762 4071 γίνεσθαι

1678 4067 1822 4138 πρός
1848 4090 2005 4133 τινος
2033 4080 2144 4126 est:
2178 4092 2277 4140 pro
2303 4076 2454 4127 nihilo
2481 4078 2661 4140 putari
2692 4076 2759 4127 ab

1680 4145 1874 4208 aliquo,
1922 4147 2055 4195 nullo
2096 4148 2231 4210 loce,
2288 4147 2424 4196 mello
2469 4147 2521 4195 in
2558 4160 2760 4196 mero
2814 4161 2819 4168 ·

1677 4212 1872 4262 haberi.
1946 4213 2340 4278 Comparentur
2373 4214 2576 4265 similia
2614 4213 2761 4278 apud

1678 4280 1937 4331 Nostrum
1959 4282 2252 4346 quaedam:
2291 4282 2336 4344 1,
2361 4282 2478 4334 143.
2503 4282 2610 4346 111,
2639 4281 2755 4334 139.

1683 4347 1800 4398 146.
1840 4347 1936 4411 IV,
1975 4349 2092 4401 135.
2131 4348 2230 4413 lx,
2269 4349 2355 4413 80,
2395 4347 2522 4400 alia.
