3109 5092
1066 363 1564 425 EUTERPE.
1608 364 1693 423 11.
1742 373 1861 428 124.

334 544 745 627 πυραμίδος,
805 531 894 617 ὥς
934 537 1080 625 ἐμοὶ
1122 541 1419 607 δοκέειν·
1482 543 1600 626 τῆς
1641 536 1769 627 γὰρ
1809 543 2018 627 μῆκος
2060 540 2188 627 μέν
2228 546 2357 609 εἰσι
2404 543 2604 612 πέντε

333 642 615 726 στάδιοι,
647 631 843 729 εὖρος
870 640 945 709 δὲ
964 643 1128 711 δέκα
1153 638 1444 731 ὀργυιαὶ,
1471 638 1644 725 ὕψος
1672 642 1767 728 δὲ,
1797 648 1878 731 τῇ
1905 638 2288 731 ὑψηλοτάτη
2315 645 2453 712 ἐστὶ
2480 641 2603 713 αὗ-

336 743 417 834 τὴ
448 748 731 833 ἑωυτῆς,
760 739 934 812 ὀκτώ
965 741 1267 832 ὀργυιαὶ,
1298 752 1504 813 λίθου
1521 771 1595 812 τε
1623 748 1859 827 ξεστοῦ
1884 745 1996 814 καὶ
2023 744 2210 828 ζώων
2237 748 2602 835 ἐγγεγλυμ-

338 852 594 936 μένων·
664 845 910 934 ταύτης
954 875 1026 915 τε
1055 845 1138 937 δὴ
1166 846 1248 917 τὰ
1292 850 1455 917 δέκα
1484 853 1635 917 ἔτεα
1662 850 1984 935 γενέσθαι
2025 851 2137 917 καὶ
2183 854 2323 917 τῶν
2350 849 2459 917 ἐπὶ
2486 855 2608 918 τοῦ

338 1011 640 1066 inserviant
674 1014 854 1064 omnia
884 1014 942 1063 in
971 1013 1106 1064 duas
1132 1020 1318 1079 partes
1345 1016 1425 1066 di·

337 1085 488 1146 visa,
580 1098 768 1133 uarum
826 1084 1003 1133 altera
1049 1085 1425 1149 complectitur

337 1154 506 1205 verba
592 1150 693 1202 ἐπα
749 1145 873 1216 μὲν
929 1145 1053 1202 ἔτεα
1109 1152 1212 1219 τῆς
1260 1146 1422 1215 ὁδοῦ,

339 1240 480 1289 quae
516 1227 739 1288 propter
772 1221 971 1285 multa,
1012 1237 1153 1286 quae
1187 1224 1423 1289 interpo-

339 1295 447 1344 sita
483 1295 637 1355 sunt,
673 1295 993 1356 repetuntur
1015 1293 1197 1342 verbis
1215 1287 1425 1356 ταύτης

335 1377 395 1412 τε
444 1354 518 1426 δὴ
562 1355 630 1410 τὰ
666 1357 805 1409 δέκα
833 1354 958 1409 ἔτεα
980 1358 1249 1425 γενέσθαι
1284 1377 1336 1411 κ.
1372 1376 1421 1410 τ.

336 1430 406 1495 λ.,
447 1430 621 1480 altera
654 1429 848 1494 incipit
892 1446 926 1480 a
970 1430 1179 1480 verbis:
1227 1428 1297 1497 τῇ
1345 1423 1422 1479 δὲ

335 1496 616 1564 πυραμίδι
678 1490 827 1564 αὐτῇ
878 1495 1091 1564 χρόνον
1151 1497 1424 1563 γενέσθαι

335 1567 519 1619 εἴκοσι
541 1562 665 1617 ἔτεα
686 1565 1016 1633 ποιευμένῃ.
1091 1570 1208 1618 Iam
1234 1570 1291 1619 in
1315 1569 1424 1634 pri-

337 1639 418 1689 ori
451 1653 611 1704 quam
639 1637 752 1687 dixi
773 1638 933 1686 huius
971 1638 1233 1689 orationis
1266 1643 1423 1703 parte

340 1713 466 1774 post
509 1698 652 1755 ὁδοῦ
701 1710 758 1755 et
799 1712 926 1771 post
972 1699 1203 1770 ἔδειμαν
1248 1708 1422 1757 mino—

336 1792 450 1826 rem
485 1775 642 1837 posui
678 1774 1109 1834 distinctionem,
1145 1792 1267 1822 oum
1288 1776 1423 1822 haee

337 1844 411 1894 sit
446 1844 560 1892 fere
591 1839 703 1890 loci
734 1840 1031 1891 sententia:
1069 1841 1294 1901 „decem
1331 1856 1427 1891 an-

337 1927 435 1963 nos
457 1911 629 1961 fuisse
648 1909 942 1960 struendae
964 1909 1124 1959 huius
1151 1910 1292 1973 viae,
1317 1925 1426 1975 qua

336 1981 630 2032 trahebant
662 1978 874 2043 lapides
891 2017 904 2038 ,
942 1993 1102 2043 quam
1127 1995 1260 2030 sane
1285 1984 1427 2029 stru·

336 2055 533 2103 xerunt
581 2063 716 2113 opus
776 2048 921 2098 haud
979 2049 1150 2098 multo
1195 2047 1424 2099 inferius

337 2122 355 2170 i
395 2135 458 2169 sa
516 2116 862 2183 pyramide“;
926 2118 1035 2166 nisi
1100 2117 1267 2167 verba
1317 2110 1425 2182 τὴν

365 2187 599 2250 δειμαν,
635 2202 776 2251 quae
805 2186 995 2250 utique
1028 2192 1157 2237 sunt
1175 2186 1423 2249 molesta,

337 2275 367 2309 e
405 2258 736 2324 glossemate
769 2256 826 2305 in
855 2256 1135 2322 scriptoris
1157 2257 1327 2306 verba
1356 2257 1425 2306 ir-

338 2327 576 2392 repsisse
611 2330 789 2408 putes.

408 2394 511 2450 12³6
564 2410 672 2458 γαρ
728 2392 912 2458 μῆκος
957 2392 1059 2457 μέν
1104 2389 1213 2443 εἰσι
1257 2389 1424 2442 πέντε

341 2457 441 2515 στα
483 2463 584 2528 ιοι]
623 2464 829 2527 Vulgo:
865 2460 987 2526 τῆς
1021 2456 1143 2526 μὲν
1177 2456 1283 2526 γὰρ
1317 2459 1424 2526 μῆ-

339 2550 458 2591 κος.
530 2535 645 2584 Nos
689 2531 997 2597 Schweigh.
1046 2536 1101 2581 et
1147 2530 1423 2583 Gaisford.

338 2619 452 2655 una
494 2618 615 2653 cum
664 2604 896 2651 recentt.
944 2599 1065 2650 edd.
1116 2600 1290 2650 secuti
1339 2614 1426 2648 su·

341 2688 480 2723 mus.
529 2698 601 2708 —
647 2671 732 2720 Ad
789 2669 1052 2734 pluralem
1109 2663 1218 2717 εἰσὶ
1277 2668 1424 2718 cons.

341 2743 387 2804 1,
423 2740 492 2791 93
526 2739 659 2805 ibiq.
692 2743 833 2790 nott.
862 2743 917 2789 et
951 2738 1020 2788 ad
1045 2738 1240 2788 verba:
1278 2730 1427 2800 ὕψη·

340 2801 545 2874 λοτάτη
565 2835 631 2845 -—
654 2798 866 2871 ἑωυτῆς
900 2807 1046 2858 conf.
1069 2808 1113 2868 Ι,
1152 2806 1274 2858 193.
1301 2806 1423 2857 203.

411 2876 512 2942 τῆς
550 2868 656 2941 γὰρ
690 2874 873 2942 μῆκος
906 2892 958 2926 κ.
996 2891 1043 2925 τ.
1078 2873 1156 2940 L]
1190 2872 1290 2938 τῆς
1326 2876 1429 2925 sci-

341 2947 473 2998 licet
518 2937 683 2997 ὁδοῦ.
765 2947 906 2995 Nam
949 2944 1273 3010 intelligitur
1316 2946 1426 3006 via,

343 3032 484 3083 quae
520 3019 801 3066 exstructa
838 3015 945 3064 fuit
986 3014 1055 3064 ad
1090 3013 1429 3079 pyramidum

342 3086 550 3152 lapides
601 3084 969 3135 advehendos.
1062 3084 1242 3134 Huius
1298 3096 1428 3133 vero

344 3157 516 3222 ipsius
570 3155 768 3205 rudera
812 3153 1077 3219 quaedam
1124 3169 1182 3203 se
1223 3152 1430 3204 vidisse

342 3225 463 3276 vult
495 3224 777 3285 Pococke,
829 3224 983 3274 cuius
1029 3223 1199 3274 verba
1238 3222 1433 3272 citavit

343 3295 603 3344 Larcher.
638 3293 696 3342 in
731 3296 848 3342 not.
887 3292 957 3342 ad
988 3292 1043 3342 h.
1082 3294 1120 3342 l.
1193 3293 1281 3342 Tu
1314 3290 1426 3341 vid.

346 3379 486 3427 quae
522 3362 592 3412 ad
639 3361 801 3410 finem
850 3361 1048 3425 capitis
1102 3378 1168 3413 ex
1214 3362 1430 3426 Zoegae

345 3431 717 3494 disputatione
753 3430 977 3492 copiosa
1003 3430 1307 3492 afferemus,
1335 3428 1428 3493 qui

347 3516 474 3566 pag.
512 3500 615 3550 400
635 3501 751 3548 not.
798 3497 859 3547 18
881 3500 1247 3549 narrationem
1275 3513 1429 3547 suam

345 3570 813 3635 peregrinatorum
834 3568 1163 3618 testimoniis
1185 3569 1322 3615 satis
1344 3565 1433 3614 fir-

345 3640 536 3690 mavit.
610 3636 770 3699 Quod
800 3636 873 3685 ad
907 3652 1187 3687 mensuras
1215 3636 1431 3695 attinet,

347 3725 412 3760 ex
445 3709 545 3772 iis,
582 3716 723 3773 quae
754 3706 824 3756 ad
857 3706 933 3767 ΙΙ,
975 3707 1074 3758 149
1109 3704 1235 3755 coll.
1274 3706 1306 3754 5
1340 3702 1435 3752 ad-

346 3782 541 3829 notata
573 3783 719 3840 sunt,
757 3780 1004 3841 apparet,
1037 3773 1431 3840 longitudinem

346 3848 472 3898 viae
508 3848 677 3898 ferme
711 3846 882 3896 fuisse
919 3849 1003 3895 ter
1034 3844 1178 3895 mille
1214 3842 1429 3908 pedum,

346 3916 687 3967 latitudinem
723 3915 1040 3980 sexaginta,
1091 3912 1431 3963 altitudinem

348 3987 634 4036 maximam
667 3985 1031 4051 quadraginta
1062 3988 1186 4034 octo
1217 3981 1432 4046 pedum.

351 4056 500 4116 Quas
536 4070 816 4105 mensuras
853 4069 948 4104 cur
975 4069 1085 4104 non
1121 4051 1339 4110 cubitis,
1375 4053 1438 4099 ut

350 4124 488 4174 alias
524 4124 864 4189 plerumque,
910 4122 1007 4172 sed
1042 4121 1226 4187 orgyis
1273 4120 1436 4170 adeo-

351 4209 456 4258 que
492 4193 656 4243 etiam
686 4191 913 4257 plethris
938 4189 1301 4242 declaraverit
1326 4190 1435 4240 No·

351 4266 496 4325 ster,
542 4262 799 4327 disquirit
831 4260 1059 4314 Iacobs:
1110 4262 1196 4311 De
1229 4258 1434 4309 Herod.

353 4346 522 4383 mens.
569 4347 696 4398 pag.
750 4332 837 4381 25.
928 4330 1204 4380 Observat
1259 4332 1440 4377 autem

349 4402 665 4468 Russegger
701 4399 922 4465 (Reisen
961 4400 1018 4451 in
1066 4400 1288 4466 Europa
1332 4401 1439 4448 etc.

1520 1017 1567 1080 1,
1592 1018 1642 1068 1.
1681 1030 1735 1080 p.
1772 1013 1914 1081 149),
1946 1014 2125 1065 adhuc
2157 1016 2414 1081 cognosci
2446 1031 2609 1081 posse

1520 1087 1757 1150 vestigia
1792 1085 2031 1146 viarum,
2079 1099 2220 1148 quae
2267 1085 2337 1135 ad
2375 1085 2610 1150 pyrami-

1522 1155 1618 1206 des
1658 1154 1860 1204 fuerint
1893 1154 2091 1203 ductae
2140 1168 2204 1204 eo
2251 1154 2506 1216 consilio,
2546 1157 2609 1204 ut

1520 1224 1732 1289 lapides
1770 1222 1952 1273 afferri
1979 1223 2275 1287 potuerint.

1592 1292 1767 1342 λίθου
1804 1306 1863 1340 τε
1902 1288 2104 1352 ξεστοῦ
2142 1286 2237 1340 καὶ
2275 1282 2433 1351 ζώων
2459 1279 2605 1354 ἐγγε-

1523 1357 1875 1427 γλυμμένων]
1915 1359 2087 1410 Cobet
2130 1360 2296 1410 scribi
2329 1358 2449 1408 vult
2494 1351 2608 1408 ἐνε-

1522 1427 1882 1497 γλνμμένωνς
1920 1429 2016 1479 sed
2052 1427 2610 1493 reduplicationemin

1522 1501 1608 1550 his
1662 1501 1923 1551 Nostrum
1978 1497 2076 1559 (11,
2140 1498 2258 1550 106.
2315 1496 2436 1547 136.
2487 1496 2605 1548 138.

1528 1569 1650 1635 148)
1690 1582 1940 1619 servasse
1970 1572 2119 1617 reete
2157 1566 2441 1617 admonuit
2480 1566 2613 1616 Bre-

1524 1639 1649 1690 dov.
1689 1655 1740 1703 p.
1782 1636 1905 1687 286.
1942 1662 2010 1672 —
2047 1636 2222 1702 Supra
2258 1636 2334 1698 11,
2376 1634 2447 1688 96
2481 1634 2611 1684 huic

1524 1709 1766 1824 genitivo
1820 1705 2111 1756 addiderat
2155 1703 2611 1769 praepositionem

1524 1810 1617 1893 01ss
1654 1772 2454 1905 3322133530210’552335323
2476 1785 2610 1890 {³32¹ss

1525 1913 1679 1978 gines
1731 1908 2004 1973 lapidibus
2060 1908 2385 1973 insculptae.
2479 1907 2608 1959 Vid.

1524 1984 1664 2031 nott.
1703 1978 1773 2029 ad
1808 1979 1886 2038 II,
1921 1980 1954 2027 4
1988 1981 2043 2027 et
2074 1977 2120 2038 Ι,
2152 1977 2237 2027 70.

1594 2039 1806 2112 ταύτης
1839 2060 1898 2095 τε
1945 2037 2019 2110 δὴ
2067 2041 2137 2094 τὰ
2185 2042 2322 2094 δέκα
2360 2037 2486 2092 ἔτεα
2519 2057 2606 2107 γε·

1527 2114 1759 2182 νέσθαι]
1788 2116 2064 2166 Revocavi
2091 2130 2211 2165 cum
2226 2116 2453 2165 recentt.
2482 2112 2606 2163 edd.

1525 2179 1763 2251 ταύτης,
1828 2185 1971 2251 quod
2014 2200 2044 2234 0
2089 2184 2304 2235 Reiskii
2357 2182 2609 2232 emenda-

1527 2258 1675 2308 tione
1692 2271 1788 2320 pro
1806 2254 1955 2318 vulg.
1975 2245 2152 2318 ταύτῃ
2168 2252 2395 2304 dederat
2408 2250 2609 2303 Sohae-

1528 2327 1628 2378 fer.
1649 2364 1664 2388 ,
1731 2325 1970 2388 itemque
2036 2321 2611 2387 Schweighaeuserusg

1527 2395 1725 2448 etenim
1746 2392 1974 2458 genitivi
1994 2384 2220 2455 ταύτης,
2250 2390 2343 2455 qui
2370 2389 2440 2439 ad
2466 2380 2613 2439 ὁδοῦ

1526 2468 1584 2516 in
1598 2462 2044 2514 antecedentibus
2061 2460 2315 2526 pertinet,
2333 2458 2508 2509 locum
2521 2457 2613 2508 hio

1526 2550 1646 2585 esse
1668 2531 1757 2582 vel
1787 2531 2071 2596 sequentia
2101 2525 2194 2578 noel
2222 2526 2356 2577 τῶν
2396 2517 2488 2575 ἐπὶ
2507 2523 2616 2575 τοῦ

1524 2598 1711 2666 λόφου
1735 2617 1784 2650 κ.
1819 2615 1866 2649 τ.
1893 2599 1941 2648 λ.
1966 2601 2162 2649 docere
2191 2600 2465 2662 poterant.
2521 2595 2611 2644 In-

1526 2673 1703 2735 deque
1744 2668 1908 2718 etiam
1950 2667 2273 2717 retinuimus
2316 2677 2411 2727 τε,
2455 2664 2614 2713 cuius

1524 2741 1648 2791 loco
1686 2754 1717 2787 e
1747 2736 1903 2786 libris
1949 2735 2271 2800 quibusdam
2313 2731 2613 2782 Wesselin-

1526 2809 1650 2875 gius
1675 2820 1904 2870 eumque
1929 2809 2148 2854 secutus
2171 2802 2498 2854 Schaeferus
2518 2799 2611 2848 (1οα

1529 2878 1725 2928 derant
1745 2868 1835 2937 δὲ,
1872 2889 1993 2924 cum
2018 2872 2290 2937 particula
2312 2884 2377 2919 τε
2401 2872 2615 2934 spectet

1530 2948 1601 2998 ad
1639 2944 1923 3011 sequentia
1963 2938 2079 2992 καὶ
2115 2938 2229 2990 τῶν
2259 2930 2352 2989 ἐπὶ
2384 2936 2490 2987 τοῦ
2522 2928 2614 2986 λό-

1531 3030 1650 3081 φου
1686 3031 1739 3064 κ.
1771 3029 1818 3062 τ.
1857 3012 1925 3076 1.,
1962 3010 2233 3077 particula
2268 3003 2332 3059 δὲ
2369 3023 2500 3058 vero
2531 3022 2615 3057 re-

1532 3086 1675 3138 ctius
1712 3084 1857 3134 infra
1890 3084 2152 3146 ponatur:
2200 3078 2270 3145 τῇ
2318 3075 2354 3127 δ
2367 3070 2392 3127 ὲ
2431 3090 2613 3140 πυρα-

1531 3153 1658 3220 μίδι
1691 3145 1839 3217 αὐτῇ
1873 3168 1925 3201 κ.
1975 3167 2022 3201 τ.
2067 3150 2134 3210 1.,
2176 3164 2318 3215 quae
2362 3147 2483 3212 ipsa
2534 3161 2617 3196 re-

1531 3223 1802 3356 {Effl‘lzz‘
1823 3219 2242 3338 ⁶3⁹0¹2÷³¹205¹³¹3⁸²
2284 3214 2444 3336 ἔξᾝῖ
2478 3208 2617 3332 ἑζῖεζ

1532 3364 1724 3427 opinor
1760 3364 1938 3426 patet,
1988 3357 2139 3407 nulla
2187 3356 2276 3405 hic
2321 3368 2457 3417 opus
2493 3365 2614 3400 esse

1529 3431 1816 3482 verborum
1853 3426 2185 3485 mutatione,
2224 3422 2437 3487 qualem
2473 3418 2617 3469 exhi-

1529 3500 1652 3550 buit
1684 3496 1905 3560 Negris,
1952 3495 2046 3559 qui
2082 3508 2176 3557 pro
2215 3485 2333 3538 καὶ
2373 3485 2490 3537 τῶν
2526 3478 2619 3535 ἐπὶ

1531 3560 1717 3631 λόφου
1759 3564 1928 3615 edidit
1965 3557 2172 3627 χωρὶς
2211 3555 2326 3607 τῶν
2359 3547 2401 3605 ἐ.
2426 3556 2495 3616 1.,
2524 3558 2620 3605 aut

1534 3635 1748 3704 qualem
1783 3632 2067 3697 proposuit
2112 3627 2396 3678 Benedict.
2444 3623 2614 3689 (Aett.

1536 3705 1729 3756 semin.
1791 3715 1905 3766 reg.
1957 3700 2112 3763 Lips.
2157 3696 2237 3746 ΙΙ.
2295 3710 2420 3760 pag.
2473 3693 2619 3758 290),

1534 3769 1877 3826 scribendum
1916 3784 2035 3819 esse
2069 3765 2394 3816 coniiciens:
2428 3752 2621 3818 ἐκτὸς

1533 3840 1671 3893 τῶν
1712 3831 1765 3889 τ’
1815 3829 1907 3888 ἐπὶ
1946 3834 2051 3886 τοῦ
2092 3826 2522 3899 λόφου-τῶν
2566 3822 2616 3879 τ’

1533 3903 1653 3961 ὑπὸ
1692 3906 1800 3973 γῆν
1838 3924 1892 3957 κ.
1925 3923 1973 3956 τ.
2006 3905 2079 3967 2„
2118 3902 2263 3970 quod
2298 3903 2477 3967 ipsum
2513 3916 2622 3950 non

1535 3980 1828 4033 admodum
1850 3976 2057 4027 recedit
2085 3973 2153 4024 ab
2185 3972 2273 4033 iis,
2303 3987 2445 4037 quae
2469 3970 2624 4020 Wes-

1537 4049 1802 4114 seliugius
1854 4047 2188 4097 coniecerat:
2259 4033 2473 4104 παρὲξ
2526 4034 2624 4087 καὶ

1537 4117 1655 4169 τῶν
1706 4107 1798 4166 ἐπὶ
1852 4113 1959 4165 τοῦ
2001 4106 2187 4179 λόφον
2239 4141 2294 4152 -
2347 4104 2467 4159 καὶ
2511 4104 2626 4156 τῶν

1538 4178 1656 4238 ὑπὸ
1692 4185 1803 4251 γῆν
1847 4200 1901 4235 κ.
1937 4200 1986 4234 τ.
2025 4183 2104 4244 λ.;
2153 4184 2218 4231 ut
2262 4179 2445 4229 decem
2495 4177 2625 4226 anni

1540 4259 1598 4306 in
1640 4256 1735 4305 via
1773 4253 2035 4305 struenda
2082 4249 2286 4301 fuerint
2336 4247 2624 4305 consumti,

1542 4323 1761 4393 praeter
1789 4323 1924 4374 illud
1957 4327 2197 4384 tempus,
2235 4317 2379 4382 quod
2414 4320 2531 4366 tum
2557 4316 2627 4364 ad

1546 4395 1738 4450 collem
1755 4431 1768 4458 ‚
1805 4393 1861 4446 in
1886 4408 1992 4460 quo
2017 4393 2168 4442 stant
2193 4384 2521 4455 pyramides,
2550 4383 2629 4436 ef.

2482 363 2608 428 709
2712 317 2725 324 ’
