3109 5092
0 6 108 76 VJ

444 336 564 404 188
1305 337 1847 401 HERODOTI

440 515 780 607 συννήσας
820 511 1044 606 πυρὴν
1074 512 1407 604 μεγάλην,
1453 510 1817 603 ἀνεβίβασε
1855 510 1964 586 ἐπ’
2005 510 2219 604 αὐτὴν
2261 516 2382 589 τὸν
2422 518 2721 608 Κροῖσόν

440 722 512 774 cf.
561 722 606 782 Ι,
657 720 742 770 50.
791 717 1020 768 Multum
1066 716 1135 768 ab
1182 716 1269 767 his
1316 719 1529 770 differre

438 792 657 843 Ctesias
702 789 1068 839 narrationem
1125 788 1361 839 Persice.
1421 792 1529 840 Ex-

438 863 703 925 cerptt.§.
727 861 778 909 4.
800 858 1078 920 multoque
1112 859 1287 922 mag-is
1313 860 1530 910 Nicolai

437 929 768 983 Damasceni
803 927 1189 992 amplificantis
1230 933 1284 977 et
1316 929 1383 979 ad
1416 935 1526 979 tra-

437 1001 668 1068 goediae
713 999 981 1048 rationem
1028 1000 1341 1049 exornantis
1388 998 1521 1060 (vid.

440 1075 555 1126 eius
594 1073 844 1136 sragmm.
883 1084 938 1130 p.
988 1068 1088 1119 195
1135 1066 1220 1116 ed.
1260 1068 1427 1119 Orell.
1468 1075 1524 1120 et

437 1142 714 1207 supplem.
748 1155 801 1204 p.
842 1137 926 1200 38,
967 1137 1218 1189 Creuzer.
1247 1138 1521 1202 Fragmm.

434 1215 656 1265 historr.
735 1225 863 1274 pag.
935 1209 1037 1259 207
1111 1222 1262 1271 seqq.
1335 1213 1390 1257 et
1465 1209 1524 1259 C.

438 1282 668 1334 Mueller
694 1280 970 1341 Fragmm.
1008 1277 1140 1328 hist.
1165 1277 1392 1328 Graece.
1420 1279 1527 1330 ΙΙΙ.

438 1370 493 1418 p.
533 1351 637 1402 406
662 1347 859 1413 seqq.),
897 1348 1004 1396 iam
1038 1348 1096 1396 in
1131 1348 1278 1396 notis
1317 1347 1387 1397 ad
1408 1348 1530 1398 Cte-

439 1424 554 1474 siae
599 1420 638 1470 1.
684 1419 722 1468 1.
770 1417 1029 1468 indicavi.
1099 1417 1184 1465 De
1225 1432 1359 1481 rogo
1408 1411 1542 1468 cum‘

438 1490 575 1542 nihil
632 1488 849 1554 legatur
903 1486 1048 1550 apud
1115 1486 1352 1537 Ctesiam
1415 1486 1531 1553 (qui

442 1563 702 1612 Croesum
749 1561 937 1608 narrat
986 1556 1041 1605 in
1087 1556 1354 1619 Apollinis
1401 1563 1532 1608 tem-

440 1632 590 1698 plum
623 1627 1040 1693 perfugientem,
1076 1629 1162 1675 ter
1188 1626 1428 1677 vinctum
1456 1628 1532 1678 ibi

442 1719 475 1752 a
505 1700 708 1761 Persis,
745 1703 827 1748 ter
862 1696 1151 1746 liberatum
1189 1710 1310 1746 esse
1347 1697 1533 1748 divina

442 1771 656 1822 scilicet
693 1783 824 1832 ope,
862 1770 917 1817 et
962 1766 1157 1815 iterum
1194 1767 1440 1817 vinetum
1475 1769 1533 1819 in

441 1841 609 1906 regiis
663 1838 922 1898 aedibus,
988 1835 1166 1886 denuo
1223 1835 1531 1899 liberatum,

443 1910 703 1961 immissis
741 1906 1059 1958 fulminibus
1096 1911 1151 1957 et
1195 1907 1531 1973 tonitrubus)

441 1997 542 2032 nec
575 1978 720 2044 apud
761 1976 1201 2040 Xenophontem,
1236 1977 1346 2028 iam
1381 1979 1536 2028 Wes-

445 2046 680 2114 selingio'
725 2047 963 2112 suspicio
1010 2050 1127 2096 erat
1171 2047 1424 2108 suborta,
1468 2065 1534 2098 ex

442 2119 599 2182 vulgi
628 2118 769 2167 mira
813 2116 1090 2180 captantis
1135 2115 1353 2167 fabellis
1398 2117 1535 2168 haec

445 2188 786 2256 profluxisse.
871 2188 943 2236 Et
1002 2187 1118 2236 eius
1172 2188 1537 2252 suspicionem

447 2263 652 2324 augent
713 2256 956 2319 adeoque
1026 2255 1228 2305 iustam
1294 2274 1539 2322 compro-

445 2331 600 2388 bant,
650 2341 790 2392 quae
837 2326 910 2375 ad
957 2325 1177 2375 Ctesiae
1221 2325 1261 2376 l.
1311 2326 1350 2378 l.
1409 2343 1536 2393 pag.

450 2399 569 2451 103.
589 2399 646 2448 in
666 2396 978 2446 universum
1004 2395 1299 2459 disputavi.
1338 2398 1538 2447 Parum

449 2471 592 2521 enim
629 2466 760 2516 mihi
796 2466 1012 2516 videtur
1043 2465 1353 2529 probabile,
1392 2467 1535 2530 igne,

450 2540 544 2606 qui
579 2536 956 2588 sanctissimus
992 2535 1099 2585 fuit
1134 2536 1335 2598 Persis,
1372 2541 1435 2586 ut
1469 2553 1539 2587 ne

449 2609 646 2675 spiritu
717 2607 929 2672 quidem
993 2621 1114 2656 eum
1180 2608 1539 2657 contaminari

449 2680 680 2736 vellent.
741 2676 956 2727 eosdem
1027 2676 1227 2727 abusos
1287 2693 1407 2727 esse
1469 2676 1538 2726 ad

450 2748 773 2815 supplicium
830 2745 1147 2797 sumendum
1206 2745 1273 2795 de
1326 2747 1540 2797 homine

451 2835 622 2887 pravo
659 2822 821 2881 atque
859 2816 1135 2866 damnato.
1193 2816 1346 2866 Haec
1397 2817 1539 2881 ipsa,

452 2905 592 2955 quae
627 2887 870 2952 pluribus
906 2885 945 2936 l.
972 2885 1011 2935 1.
1045 2884 1299 2948 explicui,
1336 2886 1392 2935 in
1421 2902 1540 2935 eam

453 2974 539 3010 me
585 2956 889 3021 perducunt
934 2955 1291 3016 sententiam,
1336 2960 1399 3004 ut
1431 2956 1542 3004 He-

453 3027 636 3079 rodoti
670 3025 1040 3075 narrationem
1073 3024 1247 3086 magis
1277 3024 1541 3075 Graecam

454 3096 700 3148 dixerim.
739 3095 794 3143 id
828 3098 930 3154 est,
971 3094 1298 3144 Graecorum
1325 3093 1395 3143 ad
1431 3110 1545 3160 mo-

455 3184 540 3218 res
582 3164 755 3226 magis
803 3164 1198 3213 conformatam
1243 3168 1408 3227 atque
1454 3180 1544 3214 ae-

456 3235 869 3294 commodatam‚
895 3232 1159 3282 veriorem
1185 3231 1402 3283 Ctesiae
1424 3249 1546 3283 nar-

455 3308 742 3367 rationem,
779 3308 842 3353 ut
878 3303 955 3353 rei
999 3303 1105 3367 ipsi
1141 3304 1314 3368 magis
1349 3319 1544 3353 conve-

454 3379 693 3429 nientem
734 3390 836 3424 nec
893 3389 927 3423 a
969 3373 1258 3423 Persarum
1303 3373 1544 3424 moribus

457 3448 856 3499 abhorrentem.
928 3439 1377 3507 Xenophonteam
1423 3459 1545 3492 nar-

456 3518 721 3569 rationem
759 3513 905 3578 quod
937 3512 1010 3563 ad
1034 3529 1221 3563 verum
1247 3513 1422 3578 magis
1455 3529 1546 3563 ac-

458 3588 650 3639 cedere
706 3585 825 3636 vult
885 3585 1010 3635 Jac.
1055 3583 1226 3633 Klerk
1285 3584 1341 3633 in
1392 3583 1543 3634 Diss.

456 3659 587 3708 hist.
625 3656 693 3705 de
740 3656 858 3704 vita
893 3654 1107 3714 Croesi,
1159 3668 1319 3718 quam
1367 3653 1544 3703 Xeno-

459 3728 602 3791 phon
659 3727 716 3777 in
772 3723 1115 3788 Cyropaedia
1157 3722 1415 3782 tradidit,
1473 3722 1544 3771 ad

460 3796 619 3846 fidem
663 3794 984 3844 historicam
1031 3797 1243 3854 exacta,
1290 3791 1544 3852 Lugdun.

459 3867 655 3915 RataV.
698 3864 851 3913 1825.
889 3879 944 3925 p.
979 3859 1066 3922 39,
1093 3863 1208 3926 ipse
1247 3861 1547 3911 diiudicare

459 3933 612 3992 uolo,
664 3947 785 3981 cum
828 3930 1023 3980 librum
1069 3932 1340 3995 inspicere
1399 3931 1546 3981 haud

458 4002 693 4053 licuerit.
731 4000 838 4050 Sed
876 3999 1145 4049 Herodoti
1180 4001 1546 4051 narrationem

462 4074 531 4123 de
565 4085 699 4134 rogo
734 4068 878 4134 quod
916 4069 1091 4132 magis
1128 4069 1392 4119 Graecam
1416 4069 1547 4130 dixi,

462 4143 519 4192 id
548 4156 693 4190 nunc
725 4138 1132 4201 comprobatum
1152 4137 1312 4188 video
1339 4139 1549 4190 vasculi

462 4209 742 4262 cuiusdam
800 4222 972 4272 nuper
1027 4205 1289 4257 Volsiniis
1348 4209 1550 4271 reperti

462 4280 721 4345 imag-ine,
757 4293 897 4343 quae
932 4276 1189 4326 Croesum
1237 4292 1550 4341 repraesen-

463 4355 547 4402 tat
593 4364 776 4413 regem
830 4347 1140 4411 impositum
1184 4362 1317 4410 rogo
1364 4347 1552 4398 addita

463 4419 818 4485 inscriptione
865 4413 1261 4467 KPOEZOZ:
1301 4416 1413 4469 vid.
1466 4419 1550 4468 De

1631 723 1849 788 Luynes
1886 722 1942 771 in
1979 720 2193 770 Annall.
2230 720 2542 788 archeolog.
2582 721 2721 783 (Mo-

1630 788 1903 851 numenti)
1943 791 2008 840 T.
2043 791 2109 842 V.
2154 807 2207 854 p.
2242 791 2345 842 237
2383 808 2533 855 seqq.
2566 793 2631 841 T.
2671 792 2717 842 1.

1630 863 1769 913 Tab.
1806 860 2033 912 XLVII.
2081 865 2137 910 et
2172 862 2317 911 LIV.
2371 867 2427 911 et
2468 861 2722 912 Welcker

1626 932 1683 981 in
1719 933 1862 982 Mus.
1900 930 2146 981 Rhenan.
2183 931 2259 981 II.
2299 947 2353 995 p.
2391 930 2513 981 504.
2564 932 2723 993 Quod

1626 1002 1718 1051 vix
1742 1002 2026 1066 quisquam
2066 1001 2370 1060 mirabitur,
2409 1002 2519 1064 qui,
2555 1018 2722 1067 quau-

1625 1074 1741 1121 tum
1778 1070 1915 1120 haec
1951 1069 2139 1120 fabula
2174 1071 2317 1120 inter
2340 1070 2579 1121 Graecos
2602 1088 2724 1137 pro-

1630 1145 1836 1206 pagata
1872 1140 2038 1190 suerit
2072 1138 2305 1205 indeque
2354 1140 2424 1189 ad
2471 1143 2593 1205 ipsa
2641 1158 2725 1191 ar-

1633 1212 1705 1261 tis
1739 1227 1905 1275 opera
1941 1210 2213 1273 traducta,
2251 1212 2615 1274 reputaverit:
2655 1212 2723 1262 de

1634 1296 1742 1346 qua
1782 1280 1967 1331 eadem
2020 1280 2185 1329 etiam
2236 1280 2498 1331 retulerat
2544 1281 2725 1332 Ptole-

1633 1366 1818 1401 maeus
1881 1350 2218 1412 Hephaestio
2286 1350 2457 1414 primo
2519 1348 2726 1415 καινῆς

1633 1415 1893 1480 {staplas
1929 1419 2086 1480 libro,
2124 1420 2182 1470 in
2219 1425 2486 1484 quo‚post
2518 1420 2727 1471 Hercu·

1629 1490 1736 1541 lem
1792 1489 2022 1539 flammis
2071 1494 2414 1540 consumtum
2457 1491 2545 1540 hic
2598 1490 2728 1541 scri-

1635 1565 1762 1624 ptor
1796 1559 2101 1610 tradiderat
2148 1556 2279 1620 περὶ
2318 1557 2426 1624 τῆς
2468 1558 2726 1622 Κροίσου

1637 1624 1698 1679 ἐν
1734 1628 1804 1687 τῇ
1852 1626 2011 1697 πυρᾷ
2059 1628 2368 1693 σωτηρίας.
2409 1633 2552 1680 teste
2587 1629 2728 1680 Pho·

1635 1701 1713 1750 tio
1759 1699 1902 1750 Bibl.
1953 1699 2073 1748 cod.
2129 1699 2247 1750 190.
2287 1697 2383 1762 (cf.
2421 1699 2726 1764 Hephaest.

1635 1771 1911 1833 Fragmm.
1962 1784 2016 1832 p.
2070 1770 2133 1819 12
2181 1769 2365 1833 ibique
2407 1770 2614 1819 Roulez
2670 1786 2725 1834 p.

1639 1841 1703 1888 47
1740 1838 1900 1904 seq.).
1946 1837 2070 1888 Alia
2104 1849 2256 1888 nunc
2300 1840 2540 1902 mittam,
2588 1855 2727 1904 quae

1638 1924 1849 1960 summa
1883 1923 2015 1958 cura
2050 1907 2239 1958 attulit
2261 1909 2435 1959 Raoul
2458 1910 2729 1960 Rochette

1638 1980 1695 2029 in
1732 1994 1798 2029 ea
1834 1979 2158 2042 scriptione,
2207 1980 2361 2028 cuius
2407 1979 2514 2029 iam
2563 1995 2729 2045 supra

1637 2049 1967 2098 mentionem
2007 2047 2234 2098 fecimus
2292 2048 2359 2097 ad
2406 2049 2451 2110 Ι,
2499 2050 2549 2108 6,
2596 2064 2725 2115 pag.

1637 2120 1733 2169 271
1778 2134 1953 2182 seqq„
2013 2117 2109 2166 ubi
2169 2118 2450 2169 Herodoto
2505 2120 2728 2184 eiusque

1638 2188 1940 2238 narrationi
1976 2188 2418 2251 patrocinaturus
2454 2188 2524 2238 ad
2562 2190 2730 2253 Assy-

1638 2259 1817 2322 riaca,
1878 2257 2061 2322 qualia
2113 2258 2168 2307 iu
2235 2259 2509 2323 Lydorum
2567 2260 2730 2310 rebus

1640 2344 1807 2393 supra
1854 2342 2069 2393 quoque
2111 2326 2151 2378 l.
2200 2326 2238 2378 l.
2287 2329 2596 2392 attigimus,
2640 2329 2730 2379 hic

1643 2413 1857 2463 quoque
1924 2398 2121 2462 respici
2177 2397 2296 2448 vult
2362 2398 2731 2464 Croesumque

1643 2468 1758 2531 igni
1804 2467 2065 2517 traditum
2112 2483 2222 2517 non
2267 2468 2377 2519 alio
2435 2484 2598 2519 seusu
2643 2485 2732 2519 ac·

1642 2538 1770 2602 cipi,
1808 2552 1971 2602 quam
2019 2536 2450 2601 Sardanapalum
2480 2538 2631 2589 illum
2676 2543 2733 2589 et

1642 2609 1819 2672 ipsum
1861 2608 2207 2671 Assyriorum
2251 2623 2439 2670 regum
2481 2608 2733 2658 ultimum

1644 2693 1814 2741 aeque
1883 2677 2111 2727 flammis
2185 2677 2496 2729 absumtum
2568 2683 2733 2743 atque

1642 2749 1786 2798 hunc
1802 2747 2077 2812 Lydorum
2096 2762 2278 2812 regem
2297 2748 2576 2798 ultimum:
2603 2749 2734 2810 quin

1645 2819 1823 2881 ipsum
1856 2817 2041 2878 deum,
2081 2817 2364 2881 Assyrium
2410 2818 2561 2868 illum
2598 2820 2734 2868 Her-

1647 2885 1838 2949 culem,
1859 2886 2070 2936 Sardan
2106 2902 2264 2951 quem
2301 2889 2576 2938 vocabant
2597 2888 2732 2950 (vid.

1647 2972 1813 3021 supra
1844 2956 1914 3005 ad
1958 2956 2003 3016 1,
2042 2955 2118 3020 6.)
2156 2956 2342 3019 affert,
2391 2958 2585 3021 quovis
2620 2958 2734 3008 fere

1648 3041 1791 3076 auno
1849 3027 1907 3076 in
1958 3025 2320 3090 compluribus
2373 3027 2538 3078 Asiae
2590 3028 2737 3077 urbi-

1646 3096 1748 3145 bus
1784 3096 1911 3160 igne
1948 3100 2263 3156 crematum,
2296 3101 2359 3146 ut
2381 3113 2507 3148 mox
2546 3098 2615 3147 ad
2640 3114 2735 3146 no-

1647 3180 1772 3220 vam
1827 3167 1996 3215 vitam
2056 3171 2326 3230 emergat;
2388 3166 2460 3218 cf.
2518 3183 2571 3232 p.
2632 3168 2735 3217 277

1649 3251 1801 3299 seqq.
1839 3237 1993 3296 Quae
2029 3236 2216 3285 eadem
2265 3237 2322 3286 in
2360 3237 2568 3287 Graeco
2606 3252 2735 3301 quo·

1649 3321 1753 3369 que
1809 3303 2046 3355 Hercule
2112 3305 2355 3355 valuisse
2419 3308 2735 3369 arbitratur,

1649 3376 1739 3438 qui
1776 3375 1829 3423 iu
1870 3375 2012 3425 Oeta
2056 3376 2286 3424 flammis
2332 3376 2567 3426 traditus
2610 3377 2738 3426 inde

1649 3443 1718 3493 ad
1758 3443 2046 3508 Olympum
2084 3450 2306 3495 evectus
2344 3446 2434 3495 sit.
2473 3447 2555 3496 Ac
2590 3446 2739 3496 deui-

1648 3530 1750 3579 que
1787 3514 1954 3564 etiam
1977 3513 2084 3565 huc
2113 3519 2362 3579 spectare
2388 3515 2479 3565 ille
2509 3515 2629 3566 vult
2652 3531 2736 3574 ea.

1649 3598 1789 3647 quae
1857 3583 2000 3648 apud
2060 3584 2397 3635 Herodotum
2452 3586 2578 3646 VII,
2637 3585 2735 3636 167

1648 3652 1716 3702 de
1753 3652 1957 3706 Gelone
1992 3653 2310 3713 traduntur,
2360 3656 2452 3719 qui
2499 3655 2556 3705 in
2590 3656 2739 3704 flam·

1648 3737 1766 3771 mas
1832 3738 1890 3774 se
1959 3724 2185 3773 coniicit
2235 3724 2557 3788 divinosque
2612 3725 2740 3775 indo

1649 3792 1852 3855 accipit
1886 3792 2139 3845 honores.
2211 3794 2373 3844 Hanc
2409 3795 2736 3844 sententiam

1651 3863 2025 3926 comprobavit
2078 3864 2384 3913 assentiens
2440 3863 2599 3913 Walz
2654 3866 2739 3914 in:

1649 3929 1795 3994 Ang.
1851 3933 2086 3996 Zeituug·
2130 3934 2181 3984 7.
2229 3933 2371 3988 Auos.
2419 3933 2556 3985 1853
2602 3933 2739 3984 Beil.

1647 3999 1770 4051 219.
1807 4017 1861 4066 p.
1898 4001 2055 4053 3499.
2095 4003 2179 4052 De
2223 4003 2417 4067 quibus
2462 4006 2588 4052 utut
2632 4007 2742 4052 sta-

1649 4071 1780 4132 tuis,
1832 4072 1889 4120 in
1940 4071 2045 4121 hac
2109 4075 2231 4121 tota
2298 4073 2611 4122 narratione
2676 4073 2744 4122 de

1654 4139 1856 4190 Croeso
1927 4142 2078 4191 victo
2147 4156 2213 4191 ac
2274 4157 2406 4206 rogo
2466 4143 2742 4206 imposit0,

1654 4209 1849 4260 deinde
1909 4210 2231 4260 mirabiliter
2289 4216 2509 4262 servato
2574 4211 2747 4261 multa

1653 4279 1852 4340 inesse,
1891 4295 2031 4344 quae
2064 4279 2135 4329 ad
2172 4281 2502 4331 Graecorum
2538 4296 2625 4330 res
2662 4285 2745 4331 to-

1652 4353 1874 4413 tamque
1920 4365 2105 4399 eorum
2152 4354 2207 4400 et
2252 4350 2521 4401 sentiendi
2565 4355 2621 4400 et
2659 4365 2745 4399 co-

1653 4418 1866 4484 gitandi
1899 4419 2163 4470 rationem
2201 4421 2531 4485 pertineant,
2557 4420 2746 4486 negari
