3109 5092
521 303 645 365 766

1390 305 1933 369 HERODOTI

515 474 852 547 λεύσαντα
887 474 1166 562 (οὐδένα
1195 476 1326 570 γὰρ
1351 478 1599 570 χρόνον
1627 476 1763 551 οἶοί
1783 508 1855 549 τε
1884 469 2057 568 ἦσαν
2083 476 2253 549 ἄνευ
2278 483 2588 569 βασιλέος
2617 486 2798 550 διαι-

513 585 792 669 τᾶσθαι)
821 581 1183 672 ἐστήσαντο
1215 582 1527 655 δυώδεκα
1553 587 1904 674 βασιλέας,
1950 582 2264 655 δυώδεκα
2305 591 2543 676 μοίρας
2585 583 2795 654 δασά-

514 711 706 773 μενοι
737 695 1088 773 Αῐγυπτον
1129 692 1373 758 πᾶσαν.
1443 678 1630 757 οὗτοι
1678 692 2032 776 ἐπιγαμίας
2079 687 2520 775 ποιησάμενοι
2564 691 2795 776 ἐβασί-

515 797 752 876 λευον,
799 789 1063 880 νόμοισι
1093 797 1348 861 τοιοίδε
1386 790 1788 881 χρεώμενοι,
1831 790 1995 882 μήτε
2023 793 2408 881 καταιρέειν
2440 788 2797 881 ἀλλήλους,

513 892 678 982 μήτε
706 896 914 963 πλέον
943 920 1006 965 τι
1035 900 1347 984 δίζησθαι
1376 901 1556 984 ἔχειν
1595 893 1715 964 τὸν
1758 897 1991 986 ἕτερον
2033 899 2153 964 τοῦ
2190 896 2456 985 ἑτέρου,
2500 894 2686 965 εἶναι’
2723 921 2797 963 τε

513 1093 658 1145 idem
693 1094 1114 1160 probabiliorem
1156 1099 1342 1147 censet
1375 1094 1601 1146 Diodori

514 1166 908 1228 narrationem,
946 1182 1054 1230 qua
1089 1181 1196 1216 non
1219 1166 1475 1216 continuo
1509 1165 1603 1216 Se-

516 1234 698 1285 thonis
735 1236 1037 1286 sacerdotis
1063 1250 1288 1300 regnum
1317 1235 1602 1285 duodecim

515 1304 609 1354 isti
645 1303 821 1369 reguli
856 1305 1194 1370 exceperint,
1242 1305 1340 1355 sed
1382 1305 1600 1355 biennio

516 1372 907 1438 praeterlapso.
979 1377 1061 1424 Ae
1095 1389 1287 1424 revera
1333 1373 1494 1424 valde
1539 1373 1602 1424 fit

517 1442 805 1505 credibile,
852 1443 1091 1493 Sethone
1139 1449 1350 1494 mortuo
1389 1443 1471 1510 (ut
1507 1444 1601 1510 qui

516 1511 771 1564 sacerdos
812 1512 1006 1563 solium
1055 1513 1266 1579 regium
1302 1514 1478 1580 magis
1513 1529 1603 1563 oc-

518 1597 748 1647 cupasse
781 1597 943 1648 quam
980 1583 1096 1633 iure
1117 1582 1447 1634 hereditario
1484 1583 1602 1634 sive

515 1651 757 1717 legitimo
803 1652 1104 1703 adscivisse
1147 1654 1440 1719 videatur),
1491 1669 1603 1703 ma-

517 1733 680 1787 gnam
724 1738 903 1773 rerum
945 1724 1351 1774 conversionem
1395 1724 1453 1774 in
1497 1725 1603 1774 Ae-

517 1798 689 1857 gypto
741 1792 944 1843 factam
993 1793 1192 1853 fuisse,
1252 1808 1426 1858 usque
1475 1793 1602 1844 dum

518 1877 653 1928 pace
669 1863 969 1928 composita
986 1862 1267 1913 duodecim
1289 1863 1461 1929 reguli
1475 1878 1602 1914 con-

518 1933 897 1995 stituerentur,
935 1947 1072 1999 quos
1095 1949 1125 1983 e
1143 1933 1371 1984 militum
1405 1948 1604 1998 genere

521 2000 1323 2068 („Kriegerkaste“)desumtos
1345 2003 1514 2053 fuisse
1534 2018 1602 2052 eo

519 2073 696 2137 magis
732 2071 1079 2132 crediderim,
1117 2087 1223 2138 quo
1247 2078 1374 2123 ante
1409 2072 1605 2123 Setho·

519 2157 642 2192 nem
680 2156 745 2191 ex
778 2141 966 2192 eadem
1004 2146 1165 2206 gente
1209 2157 1365 2208 reges
1397 2141 1602 2194 electos

520 2211 690 2261 fuisse
726 2212 863 2260 satis
889 2209 1170 2276 probabile
1206 2217 1310 2263 est.
1382 2212 1497 2262 Nec
1523 2216 1606 2262 ta-

520 2294 645 2329 men
680 2279 836 2343 plura
881 2280 1239 2330 asseverarim
1283 2281 1341 2332 in
1383 2296 1443 2331 re
1486 2286 1602 2331 tam

522 2350 755 2399 obscura
830 2349 1375 2416 testimoniorumque
1446 2354 1605 2401 tanta

522 2419 726 2484 inopia.
800 2419 885 2469 cf.
935 2420 1169 2469 Heeren.
1221 2419 1390 2470 Ideen
1433 2420 1508 2482 11,
1549 2423 1603 2472 2.

521 2505 648 2554 pag.
686 2486 791 2539 396
816 2504 932 2554 seq.
1003 2489 1235 2539 Exstitit
1266 2494 1460 2555 postea
1496 2490 1605 2540 Ro-

521 2557 700 2609 sellini
739 2558 1009 2626 (Monam.
1048 2559 1236 2610 storic.
1285 2560 1361 2610 11.
1405 2576 1459 2626 p.
1502 2560 1604 2610 125

524 2627 724 2695 seqq.),
764 2630 859 2694 qui
904 2635 1017 2680 tam
1055 2637 1278 2695 propter
1319 2620 1605 2680 Manetho-

522 2713 644 2750 nem
678 2699 814 2749 nihil
848 2715 1068 2766 prorsus
1104 2699 1170 2749 de
1195 2699 1278 2749 his
1302 2699 1604 2750 tradentem

524 2785 682 2835 quam
701 2775 923 2834 propter
937 2770 1058 2834 ipsa
1076 2770 1463 2836 Aegyptiorum
1491 2785 1606 2819 mo-

523 2844 805 2901 numenta,
854 2854 994 2903 quae
1039 2839 1244 2890 nullum
1294 2839 1471 2889 adhuc
1518 2853 1612 2888 ve·

524 2909 747 2972 stigium
782 2908 939 2959 huius
977 2907 1260 2959 duodecim
1300 2908 1610 2974 regulorum

524 2977 736 3040 imperii
781 2977 1175 3041 praebuerunt,
1223 2976 1288 3026 de
1334 2982 1454 3028 tota
1507 2978 1611 3027 hac

524 3044 883 3095 dodeearehia
918 3044 1160 3096 dubitari
1196 3046 1412 3096 omnino
1450 3061 1612 3111 posse

526 3117 761 3180 putaret.
856 3113 964 3164 Sed
1024 3114 1164 3164 hanc
1218 3113 1611 3165 dubitationem

525 3183 743 3234 admitti
756 3198 919 3248 posse
941 3190 1106 3249 negat
1116 3181 1442 3235 Wilkinson.
1457 3184 1612 3235 Man·

525 3268 650 3304 ners
699 3257 804 3304 etc.
853 3253 901 3304 1.
952 3268 1079 3319 pag.
1129 3252 1247 3315 148,
1305 3255 1437 3318 quia
1487 3259 1608 3305 tota

523 3324 662 3375 haec
703 3339 789 3374 res
826 3321 1063 3389 aliquam
1113 3324 1607 3387 comprobationem

524 3393 763 3459 accipiat
805 3393 876 3444 ab
919 3393 1055 3459 ipsis
1103 3395 1494 3457 monumentis,
1549 3393 1608 3443 in

525 3463 720 3530 quibus
754 3462 972 3514 titulum
1007 3463 1318 3514 inferiorem
1350 3462 1607 3526 ‚,Melek“

524 3533 609 3584 his
644 3532 846 3600 regulis
865 3534 1032 3584 tribui
1064 3533 1201 3595 vult,
1241 3548 1384 3594 cum,
1405 3535 1495 3599 qui
1523 3537 1606 3582 to-

525 3608 638 3653 tam
663 3603 970 3669 Aegyptum
1005 3608 1254 3668 regerent
1270 3640 1286 3665 ,
1319 3602 1610 3653 Pharaonis

526 3671 614 3723 vel
650 3672 851 3722 domini
892 3673 1185 3737 superioris
1235 3677 1290 3723 et
1333 3672 1608 3722 inferioris

526 3745 704 3792 terrae
769 3757 965 3793 nomen
1027 3740 1193 3806 vulgo
1257 3741 1610 3793 obtinuerint.

529 3810 688 3873 Quod
741 3825 866 3861 num
915 3826 1103 3862 verum
1148 3812 1248 3873 sit,
1312 3810 1613 3861 diiudicare

526 3879 722 3940 nolim3
753 3880 934 3930 malim
965 3880 1213 3945 equidem
1237 3880 1390 3944 sequi
1414 3895 1506 3930 eos
1528 3880 1612 3929 vi-

525 3963 617 3998 ros
651 3947 874 4011 doctos,
922 3949 1017 4013 qui
1052 3954 1163 3999 tres
1200 3949 1408 4014 priores
1443 3948 1612 4015 dyna-

527 4018 670 4067 stiae
717 4018 1010 4068 vicesimae
1058 4023 1247 4069 sextae
1301 4033 1458 4084 reges
1513 4033 1609 4068 an-

526 4101 735 4151 nosque
769 4086 966 4151 viginti
1008 4101 1201 4149 unum,
1250 4102 1345 4152 per
1380 4103 1514 4153 quos
1550 4086 1610 4136 hi

526 4168 787 4221 regnasse
809 4155 1158 4220 perhibentur
1171 4192 1184 4217 ,
1223 4156 1293 4206 ad
1313 4156 1487 4220 ipsum
1506 4156 1610 4206 hoc

526 4229 739 4289 tempus
775 4225 1040 4286 referunt,
1078 4238 1184 4289 quo
1207 4224 1464 4290 Aegyptii
1488 4240 1607 4275 cum

525 4294 886 4358 AethIOpibus
935 4293 1183 4357 regibus,
1231 4294 1325 4358 qui
1367 4295 1608 4359 Aegypti

525 4363 807 4429 imperium
866 4363 1202 4424 invaserant,
1258 4364 1607 4426 certaverint,

1706 1094 1878 1146 donec
1900 1094 2076 1162 pulsis
2103 1095 2463 1163 Aethiopibus
2494 1097 2667 1148 totius
2690 1095 2793 1147 Ae-

1704 1166 1859 1230 gypti
1908 1167 2191 1231 imperium
2237 1166 2413 1217 denuo
2460 1166 2795 1217 obtinuerint

1704 1249 1771 1285 ex
1788 1234 2062 1288 inferioris
2083 1236 2320 1302 Aegypti
2336 1236 2649 1303 regionibus
2672 1252 2796 1301 pro-

1705 1305 1907 1370 gressi,
1944 1305 2002 1356 in
2037 1305 2235 1371 quibus
2269 1311 2418 1357 tutos
2453 1322 2513 1357 se
2549 1306 2620 1356 ab
2647 1306 2792 1356 omni

1704 1374 2027 1440 Aethiopum
2094 1376 2378 1426 invasione
2445 1376 2791 1426 retinuerint.

1703 1443 1829 1495 Vid.
1888 1445 2128 1496 Boeckh.
2186 1444 2528 1510 (Zeitschrist
2595 1446 2637 1495 f.
2692 1445 2795 1495 Ge-

1709 1513 2101 1567 schichtswiss.
2136 1515 2241 1580 11.)
2270 1531 2398 1581 pag.
2423 1517 2523 1566 715
2559 1520 2616 1565 et
2642 1529 2795 1580 prae-

1708 1583 1864 1648 cipue
1888 1584 2135 1635 Bunsen:
2162 1585 2377 1651 Egypts
2399 1584 2555 1649 place
2583 1586 2640 1634 in
2664 1584 2799 1635 Uni·

1704 1653 1883 1704 versa]
1921 1653 2131 1719 history
2168 1654 2306 1718 (sec.
2348 1655 2505 1719 edit.)
2538 1655 2618 1706 11.
2662 1669 2791 1718 pag.

1704 1723 1810 1774 000
1846 1738 1999 1788 seqq.
2037 1722 2161 1775 coll.
2191 1725 2238 1776 I.
2275 1739 2331 1789 p.
2375 1724 2490 1787 109,
2527 1738 2635 1789 quo
2670 1725 2793 1772 loco

1706 1797 1853 1843 recte
1874 1794 2005 1842 mihi
2025 1794 2288 1844 statuisse
2304 1793 2539 1856 videtur,
2558 1809 2593 1843 a
2608 1794 2795 1844 Psam-

1705 1861 1932 1913 miticho
1995 1862 2210 1913 demum
2259 1868 2466 1914 certam
2526 1861 2793 1914 Herodoti

1705 1929 2115 1998 chronologiam
2170 1934 2230 1983 in
2287 1934 2448 1983 rebus
2501 1931 2789 1998 Aegyptiis

1705 2000 1900 2051 deduci
1920 2017 2107 2066 posse,
2142 2016 2281 2065 eum,
2307 2018 2448 2068 quae
2467 2001 2793 2053 antecedant

1704 2076 1975 2136 tempora,
2025 2087 2091 2122 ex
2125 2071 2229 2123 boc
2264 2073 2480 2137 quidem
2528 2071 2793 2136 scriptore

1703 2141 1797 2190 vix
1834 2145 1984 2191 certo
2018 2142 2279 2192 constitui
2314 2147 2543 2206 queant,
2580 2147 2644 2191 ut
2678 2140 2791 2206 plu-

1704 2211 1854 2261 ribus
1889 2208 2025 2261 locis
2071 2211 2181 2261 iam
2226 2211 2489 2262 vidimus:
2529 2211 2623 2276 qni
2671 2225 2792 2261 cum

1703 2279 1807 2330 hoc
1843 2281 1962 2345 ipso
1995 2279 2116 2331 loco
2164 2281 2446 2346 professus
2482 2282 2585 2345 sit,
2632 2294 2693 2329 se
2724 2293 2789 2329 ea

1709 2350 2048 2413 proditurum
2085 2365 2230 2413 esse,
2276 2352 2335 2400 in
2372 2351 2568 2416 quibus
2607 2363 2793 2400 omnes
2864 2365 2873 2388 ¹

1710 2421 2072 2482 conveniant,
2107 2418 2494 2471 accedentibus
2531 2420 2617 2483 iis,
2656 2433 2795 2484 quae

1709 2490 1827 2553 ipse
1870 2489 2349 2553 animadverterit,
2394 2490 2453 2540 in
2502 2489 2648 2540 omni
2692 2487 2794 2538 hac

1710 2558 1778 2608 de
1835 2559 2198 2609 dodecarchia
2266 2559 2579 2610 narratione
2649 2557 2794 2607 haud

1709 2643 1984 2694 quaquam
2020 2627 2160 2679 falsa
2194 2633 2291 2678 aut
2318 2628 2449 2680 fieta
2482 2627 2794 2679 exhibuisse

1707 2699 1981 2762 putandus
2015 2699 2135 2750 erit.
2215 2699 2397 2760 Quare
2433 2699 2502 2749 ab
2531 2696 2798 2749 Herodoti

1710 2769 2042 2818 auctoritate
2096 2767 2351 2819 standum
2404 2768 2587 2832 potius
2634 2782 2795 2834 quam

1709 2837 2096 2889 discedendum
2145 2838 2275 2901 erit,
2328 2842 2477 2888 recte
2518 2837 2796 2888 iudicante

1712 2922 1926 2973 quoque
1962 2909 2169 2958 Brunet
2203 2907 2270 2957 de
2305 2907 2492 2958 Presle
2525 2908 2795 2972 (Examen

1713 2978 1944 3043 critique
1980 2977 2077 3027 des
2116 2976 2394 3041 dynasties
2419 2977 2794 3042 Egyptiennes

1714 3048 1761 3096 Ι.
1799 3062 1926 3112 pag.
1950 3047 2026 3112 6),
2062 3061 2237 3111 neque
2273 3061 2456 3097 eorum
2492 3046 2634 3096 ratio
2670 3061 2795 3111 pro-

1712 3115 1832 3165 bari
1866 3131 2028 3181 posse
2063 3116 2305 3179 videtur,
2343 3117 2437 3181 qui
2458 3116 2607 3166 omui
2625 3115 2797 3165 histo·

1712 3186 1828 3235 riae
1853 3184 1959 3236 fide
1982 3185 2187 3236 reiecta
2216 3184 2631 3236 dodecarehiam
2655 3185 2796 3234 hanc

1713 3254 1782 3304 ad
1795 3254 2031 3305 siderum
2048 3255 2289 3305 rationes
2312 3255 2497 3306 eodem
2510 3254 2668 3304 modo
2688 3268 2794 3319 quo

1710 3324 1994 3376 duodecim
2019 3323 2242 3374 deorum
2271 3325 2535 3387 ordinem,
2562 3338 2697 3389 qnos
2725 3322 2795 3373 ad

1711 3393 1995 3445 duodecim
2043 3393 2269 3445 Zodiaci
2316 3393 2477 3460 signa
2528 3393 2792 3455 referunt,

1710 3464 1959 3515 revocari
2001 3462 2196 3514 volunt
2248 3462 2346 3528 (cf.
2402 3466 2544 3514 nott.
2596 3464 2667 3513 ad
2715 3462 2794 3525 II,

1716 3532 1830 3585 109.
1875 3531 2002 3597 145)
2040 3532 2336 3598 eodemque
2362 3534 2527 3583 etiam
2546 3537 2794 3596 spectare

1710 3607 1907 3667 putant
1956 3600 2237 3652 duodecim
2286 3601 2579 3667 labyrinthi
2623 3599 2796 3664 aulas,

1712 3671 1777 3722 de
1813 3672 2009 3737 quibus
2058 3672 2203 3722 conf.
2253 3676 2396 3723 nott.
2442 3671 2512 3721 ad
2559 3670 2633 3735 11,
2675 3671 2795 3721 148.

1783 3770 2223 3840 διαιτᾶσθαι]
2274 3775 2359 3826 Cr.
2404 3773 2617 3824 confert
2670 3772 2797 3824 Val-

1714 3844 1935 3895 ckenar.
1987 3849 2043 3894 et
2094 3845 2275 3894 Zeune
2332 3843 2402 3894 ad
2447 3842 2796 3909 Xenophont.

1715 3912 1942 3965 Memor.
1979 3929 2106 3980 pag.
2144 3914 2211 3963 87
2242 3911 2350 3977 (ΙΙ,
2385 3913 2436 3975 3,
2484 3915 2516 3963 2
2555 3918 2611 3963 et
2659 3912 2705 3976 Ι,
2741 3911 2794 3974 6,

1715 3984 1766 4045 2,
1803 3981 1894 4032 ubi
1934 3987 2018 4034 est
2054 3984 2247 4047 vivere,
2288 3983 2503 4046 degere,
2539 3981 2702 4047 plane
2735 3985 2797 4030 ut

1712 4050 1855 4116 apud
1897 4052 2102 4103 Herod.
2153 4052 2198 4115 1,
2242 4050 2392 4114 120).
2461 4050 2603 4102 Add.
2652 4050 2799 4100 Thu-

1712 4120 1835 4186 cyd.
1875 4122 1922 4188 I,
1957 4122 2010 4174 6.
2048 4121 2123 4185 11,
2170 4122 2253 4172 14.
2290 4121 2377 4173 52.

1781 4218 2042 4274 δυώδεκα
2067 4222 2272 4290 μοίρας
2298 4214 2610 4288 δασάμενοι
2630 4221 2798 4287 Αἴγυ-

1713 4292 1885 4359 πτον]
1940 4293 2236 4346 Molestum
2282 4284 2364 4354 ἐς,
2427 4292 2574 4357 quod
2634 4291 2796 4356 vulgo

1710 4362 1995 4428 legebatur
2026 4368 2155 4413 ante
2190 4356 2478 4426 δυώδεκα,
2518 4361 2654 4411 eieci
2675 4375 2797 4410 cum
