3109 5092
437 307 557 369 248
1309 302 1843 365 HERODOTI

434 484 700 564 τέλεον,
753 467 947 557 οὗτος
989 477 1062 545 δὲ
1106 473 1518 563 ἀνηκούστεέ
1548 501 1620 542 τε
1665 476 1775 543 καὶ
1816 473 2020 561 λόγον
2062 472 2197 560 εἶχε
2236 470 2517 556 οὐδένα,
2566 475 2634 552 ἐς
2674 469 2715 541 ὃ

438 589 635 671 ἔλαβε
661 577 785 669 τὴν
815 585 1033 667 δίκην.
1091 585 1154 647 εἰ
1180 570 1277 647 ὧν
1322 574 1405 665 δὴ
1435 582 1637 646 τοῦδε
1678 582 1906 647 εἵνεκα
1945 575 2125 657 ἄξιός
2152 602 2269 645 τευ
2310 579 2522 644 κακοῦ
2551 577 2709 663 εἰμὶ,

309 683 553 755 116ὅδε
593 711 694 751 τοι
737 681 1029 771 πάρειμι.
1116 687 1337 750 Ταῦτα
1382 684 1691 766 λέγοντος
1725 686 1846 749 τοῦ
1885 677 2153 763 παιδὸς,
2194 676 2314 747 τὸν
2346 676 2710 765 Ἀστυάγεα

437 785 614 875 ἐσήϊε
655 783 1033 872 ἀνάγνωσις
1070 781 1310 853 αὐτοῦ·
1372 789 1490 851 καί
1527 787 1599 850 οἱ
1627 779 1665 851 ὅ
1702 809 1773 851 τε
1815 780 2152 871 χαρακτὴρ
2196 786 2316 849 τοῦ
2350 780 2710 868 προσώπου

437 891 949 979 προσφέρεσθαι
995 887 1222 956 ἐδόκεε
1256 889 1322 966 ἐς
1355 882 1644 968 ἑωυτὸν,
1698 886 1809 953 καὶ
1852 880 2272 973 ἡὺπόκρισις
2300 887 2705 972 ἐλευθεριω-

434 997 590 1082 τέρη
647 991 851 1082 εἶναι·
931 986 967 1059 ὅ
1020 1017 1092 1059 τε
1137 989 1373 1078 χρόνος
1412 992 1527 1077 τῆς
1580 990 1884 1068 ἐκθέσιος
1921 993 2002 1076 τῇ
2043 984 2266 1076 ἡλικίῃ
2307 990 2430 1055 τοῦ
2473 983 2710 1066 παιδὸς

436 1096 662 1166 ἐδόκεε
690 1100 1113 1180 συμβαίνειν.
1170 1092 1519 1178 ἐκπλαγεὶς
1563 1090 1638 1158 δὲ
1678 1089 1972 1159 τούτοισι
2010 1093 2117 1160 ἐπὶ
2148 1089 2392 1177 χρόνον
2436 1087 2705 1176 ἄφθογ-

435 1227 551 1287 γος
587 1189 693 1284 ἦν.
755 1196 946 1283 μόγις
995 1197 1068 1265 δὲ
1112 1195 1196 1283 δή
1235 1222 1387 1263 κοτε
1428 1190 1847 1279 ἀνενειχθεὶς
1890 1191 2070 1278 εἷπε,
2119 1196 2347 1262 θέλων
2377 1194 2711 1279 ἐκπέμψαι

435 1299 552 1370 τὸν
578 1297 1060 1387 Ἀρτεμβάρεα,
1099 1303 1211 1366 ἴνα
1244 1294 1364 1365 τὸν
1407 1295 1741 1383 βουκόλον
1777 1300 2034 1382 μοῦνον
2078 1292 2306 1382 λαβὼν
2341 1301 2706 1382 βασανίσῃ·

428 1400 902 1488 Ἀρτέμβαρες,
958 1395 1090 1486 ἐγω
1127 1405 1336 1482 ταῦτα
1386 1397 1675 1486 ποιήσω,
1725 1394 1896 1465 ὥστε
1935 1398 2011 1466 σὲ
2052 1399 2164 1465 καὶ
2193 1395 2310 1466 τὸν
2350 1402 2557 1465 παῖδα
2591 1394 2710 1466 τὸν

436 1502 560 1572 σὰν
605 1502 818 1591 μηδὲν
858 1504 1375 1589 ἐπιμέμφεσθαι.
1478 1499 1610 1570 Τὸν
1650 1499 1776 1586 μὲν
1818 1497 1901 1587 δὴ
1939 1496 2389 1595 Ἀρτεμβάρεα
2427 1502 2709 1586 πέμπει·

435 1604 554 1675 τὸν
612 1605 686 1673 δὲ
740 1609 975 1692 Κῦρον
1040 1596 1205 1692 ἦγον
1273 1609 1403 1672 ἔσω
1460 1607 1530 1672 οἱ
1576 1599 2028 1690 θεράποντες,
2096 1601 2537 1681 κελεύσαντος
2587 1606 2710 1670 τοῦ

428 1706 841 1793 Ἀστυάγεος.
898 1709 1042 1776 ἐπεὶ
1083 1707 1158 1776 δὲ
1199 1702 1636 1775 ὑπελέλειπτο
1677 1699 1713 1772 ὁ
1756 1704 2080 1790 βουκόλος
2121 1711 2401 1792 μοῦνος,
2441 1731 2706 1791 μουνω-

432 1914 598 1964 lando
651 1914 862 1978 positae
910 1911 1121 1961 attendi
1167 1912 1328 1961 iussit
1385 1910 1525 1959 Har-

436 1990 597 2047 tung:
630 1982 804 2032 Lehre
841 1981 894 2030 d.
934 1981 1147 2031 Partik.
1186 1981 1232 2032 Ι.
1271 1997 1326 2044 p.
1368 1980 1485 2029 170.

510 2042 564 2108 ἐς
602 2039 634 2098 ὃ
665 2045 824 2115 ἔλαβε
859 2041 966 2113 τὴν
1002 2046 1194 2115 δίκην]
1248 2050 1285 2100 i.
1332 2064 1380 2100 e.
1432 2049 1524 2098 do-

438 2135 528 2168 nec
558 2120 754 2168 tandem
795 2133 990 2180 poenas
1035 2119 1198 2180 dedit,
1246 2122 1394 2168 recte
1436 2132 1524 2166 ex-

437 2188 678 2251 plicante
716 2187 915 2237 Struve
951 2186 1005 2235 in
1046 2187 1270 2247 Quaest.
1315 2186 1520 2236 Herod.

437 2256 668 2320 Specim.
725 2257 771 2305 1.
829 2271 880 2318 p.
944 2257 1040 2316 42,
1104 2256 1196 2304 ubi
1254 2260 1524 2320 quotquot

436 2325 583 2388 apud
627 2324 965 2373 Herodotum
1022 2323 1371 2373 inveniuntur
1414 2324 1521 2374 loci

437 2391 708 2443 formulae
745 2382 799 2448 ἒς
833 2381 865 2440 ὃ
901 2391 1123 2456 (donee),
1154 2392 1419 2458 singulari
1443 2392 1522 2441 in-

437 2462 650 2512 dustria
709 2460 948 2526 collegit.
1029 2462 1120 2512 Sic
1185 2463 1228 2524 Ι,
1283 2462 1369 2512 93.
1431 2461 1518 2514 94.

439 2531 508 2582 98
545 2536 652 2582 etc.

496 2586 606 2649 ὅδε
639 2612 728 2648 τοι
765 2591 1016 2666 πάρειμι]
1065 2599 1214 2649 Bene
1267 2599 1518 2664 Schwgh.

435 2685 532 2735 pro
574 2656 684 2718 ὦδε
720 2669 928 2718 mavult
965 2657 1081 2730 ὅδε,
1122 2668 1267 2733 quod
1313 2673 1423 2718 tres
1461 2668 1522 2716 li-

434 2739 516 2788 bri
550 2737 874 2800 ostendunt,
911 2738 1162 2804 quodque
1199 2737 1254 2785 in
1293 2736 1527 2787 meliori-

436 2808 535 2858 bus
581 2805 736 2856 libris
787 2821 952 2871 supra
994 2807 1272 2856 invenitur
1316 2806 1370 2868 Ι,
1424 2806 1519 2855 111

435 2876 619 2940 ibique
653 2875 867 2924 adnott.
926 2875 1084 2924 Unde
1129 2879 1359 2925 recentt.
1398 2874 1520 2925 edd.

434 2945 627 2993 merito
665 2949 1002 3007 receperunt.
1076 2943 1308 2991 Dubitat
1339 2948 1523 2993 tamen

435 3013 753 3062 Buttmann.
810 3012 868 3060 in
922 3013 1014 3061 Gr.
1075 3012 1267 3061 Graec.
1329 3011 1520 3063 maior.

434 3082 509 3130 11.
548 3096 675 3145 pag.
707 3080 827 3130 286.

789 3198 921 3248 cip,
958 3198 1153 3249 CXVI.

503 3273 604 3331 τὸν
643 3273 937 3348 Ἀστυάγεα
986 3274 1140 3346 ἐσήϊε
1183 3273 1520 3350 ἀνάγνωσις]

436 3352 474 3403 i.
520 3368 568 3402 e.
618 3352 767 3402 subiit
809 3353 1084 3418 Astyagem
1127 3360 1182 3402 ut
1227 3360 1526 3415 agnosceret

429 3438 656 3486 puerum.
696 3412 845 3484 ἐσήϊε
895 3438 992 3488 pro
1041 3411 1191 3487 ἐσῄει
1239 3421 1363 3471 dedi
1400 3437 1520 3471 cum

435 3491 685 3540 Bekkero
720 3494 777 3540 et
815 3496 1044 3542 reeentt.
1094 3491 1217 3542 edd.
1255 3491 1521 3556 probante

433 3560 668 3610 BredoV.
708 3575 761 3623 p.
797 3561 918 3612 409.
981 3560 1190 3611 Eodem
1238 3561 1396 3611 modo
1443 3561 1522 3610 in-

435 3629 519 3679 fra
554 3625 766 3692 διεξήϊε
803 3646 897 3694 pro
929 3622 1161 3695 διεξῄει.
1199 3629 1283 3680 Ad
1318 3629 1523 3695 signifi-

434 3698 702 3748 cationem
741 3702 794 3747 et
833 3704 1163 3748 structuram
1198 3699 1348 3748 verbi
1386 3693 1521 3748 ἐσιέ-

434 3781 558 3827 ναι,
607 3782 714 3816 non
753 3766 1025 3817 diversam
1075 3784 1109 3817 a
1153 3769 1319 3817 verbo
1371 3758 1521 3830 ἐσέρ-

432 3832 640 3896 χεσθαι
661 3835 805 3897 apud
824 3836 1179 3898 Herodotum,
1206 3837 1351 3886 conf.
1380 3841 1522 3887 nott.

434 3902 505 3952 ad
542 3902 648 3962 ΙΙΙ,
687 3905 755 3982 412
791 3906 846 3952 et
880 3905 1006 3958 vn,
1043 3905 1130 3978 56.
1298 3962 1317 3984 .-
1439 3963 1452 3981 .

431 3970 937 4096 ...zzz‘zffiffifff‘z‘g
964 3963 1522 4104 fizzztszffffdvz‘zffl

434 4114 521 4158 cet
590 4107 894 4168 Gronovio,
951 4108 1023 4157 ad
1084 4107 1404 4171 Cambysem
1467 4115 1521 4159 et

432 4175 744 4226 Mandanen
778 4175 915 4225 haec
949 4176 1236 4237 referenti,
1275 4192 1414 4241 quae
1448 4178 1520 4227 ad

432 4247 729 4309 Astyagem
763 4245 1034 4309 pertinere
1109 4249 1242 4294 atet.
1278 4246 1341 4294 In
1365 4261 1517 4310 seqq.

433 4315 579 4385 quod
614 4329 757 4368 nunc
809 4313 1007 4385 legitur
1083 4313 1516 4381 λευθεριωτέρη,

1628 1908 1683 1958 id
1734 1925 1799 1958 ex
1861 1910 2234 1961 emendatione
2282 1910 2499 1961 Aemilii
2556 1909 2711 1959 Porti

1628 1978 1783 2028 fluxit
1826 1979 1906 2029 ita
1940 1980 2227 2030 scribentis
2270 1996 2367 2044 pro
2405 1974 2709 2041 ἐλευθερω-

1625 2044 1757 2111 τέρη
1796 2053 1960 2113 atque
1998 2049 2283 2113 probatum
2318 2053 2402 2099 est
2431 2047 2709 2098 aReiskio

1627 2121 1682 2166 et
1718 2117 2082 2182 Wesselingio
2119 2134 2186 2168 ac
2221 2134 2392 2183 nuper
2435 2134 2469 2168 a
2510 2117 2712 2167 Bredo·

1625 2186 1714 2235 vio
1770 2202 1822 2250 p.
1875 2187 1970 2237 67:
2026 2188 2203 2248 „Nam
2252 2178 2573 2249 ἐλευθέριος
2626 2191 2712 2235 est

1623 2254 1891 2317 liberalis,
1939 2256 2235 2320 ingenuus,
2284 2256 2574 2320 praecipue
2617 2255 2711 2304 ubi

1622 2339 1732 2373 non
1757 2324 1992 2388 ingenuo
2022 2326 2339 2390 opponitur:
2378 2326 2456 2375 sie
2494 2339 2713 2390 respon-

1624 2393 1705 2442 sio
1740 2397 1859 2442 erat
1895 2409 1976 2456 ea,
2013 2394 2155 2459 quae
2198 2395 2372 2458 magis
2417 2395 2711 2458 ingenuum

1624 2461 1841 2512 deceret
1879 2478 2040 2527 quam
2085 2464 2230 2513 servi
2266 2462 2434 2513 filium
2474 2464 2561 2513 vel
2604 2478 2714 2512 ma-

1624 2531 1709 2594 gis
1772 2537 1889 2581 erat
1945 2533 2212 2597 ingenua,
2272 2548 2434 2598 quam
2488 2547 2627 2597 quae
2680 2547 2715 2581 a

1625 2599 1768 2649 servi
1815 2599 1926 2650 filio
1977 2601 2130 2651 reddi
2175 2603 2505 2667 potuisset.“
2542 2630 2614 2641 --
2646 2601 2711 2650 In

1625 2684 1776 2733 seqq.
1825 2659 1917 2718 ἐπὶ
1972 2663 2189 2733 χρόνον
2249 2675 2334 2720 est
2389 2671 2710 2735 aliquamdiu,

1626 2740 1930 2801 aliquantum
1963 2743 2214 2802 temporis,
2248 2745 2310 2789 ut
2345 2739 2443 2802 lx,
2484 2742 2575 2791 22.

1696 2798 1860 2870 μόγις
1911 2803 1975 2856 δὲ
2018 2800 2098 2871 δή
2153 2821 2281 2857 κοτε
2336 2799 2714 2874 ἀνενειχθεὶς]

1626 2875 1911 2925 Sententia
1928 2877 2195 2927 Herodoti
2227 2878 2363 2927 haec
2391 2882 2500 2927 est:
2537 2878 2712 2940 „Cum

1624 2958 1788 3008 aegre
1853 2960 1911 2994 se
1971 2946 2190 2996 tandem
2248 2946 2573 3010 recepisset,
2633 2948 2713 2996 ita

1627 3011 1781 3072 dixit,
1819 3029 1940 3062 eum
1977 3015 2349 3065 Artembarem
2387 3031 2449 3064 eo
2485 3015 2713 3065 consilio

1625 3080 1897 3131 dimittere
1931 3083 2124 3143 vellet,
2160 3089 2224 3135 ut
2271 3085 2388 3147 ipse
2423 3084 2713 3134 bubulcum

1625 3149 1798 3200 solum
1835 3150 1905 3200 ad
1950 3167 2008 3203 se
2057 3153 2353 3203 adductum
2401 3154 2713 3203 examinare

1624 3221 1870 3282 posset.“
1928 3213 2093 3284 μόγις
2144 3213 2217 3284 δὴ
2263 3253 2335 3262 -
2380 3216 2510 3272 κοτὲ
2564 3222 2712 3272 valet

1623 3289 1821 3337 tandem
1864 3291 2136 3353 aliquando
2179 3306 2225 3341 s,
2283 3306 2441 3355 aegre
2490 3292 2707 3345 tandem.

1623 3356 1937 3406 For-mulam
1989 3358 2198 3422 aliquot
2254 3358 2513 3423 exemplis
2529 3373 2547 3416 ,·
2602 3376 2717 3410 mo-

1624 3430 1788 3475 nente
1839 3427 1954 3484 Cr.,
2014 3427 2312 3478 illustravit
2362 3429 2711 3479 Heindorfius

1624 3495 1695 3544 ad
1729 3494 1946 3545 Platon.
1982 3497 2270 3561 Protagor.
2319 3513 2373 3562 p.
2424 3499 2545 3548 480.
2585 3490 2711 3547 ἁνε-

1624 3559 1877 3627 νειχθεὶς
1921 3569 2006 3614 est
2046 3583 2103 3615 se
2144 3568 2420 3628 recipiens,
2469 3583 2527 3616 se
2570 3570 2709 3617 colli-

1619 3648 1764 3695 gens.
1805 3634 1927 3695 Qua
1949 3633 2016 3684 de
2052 3635 2452 3697 significatione
2479 3635 2711 3686 diximus

1625 3703 1681 3750 in
1733 3702 1989 3752 Creuzeri
2033 3703 2246 3754 Melett.
2293 3703 2398 3754 111.
2445 3720 2573 3769 pag.
2620 3709 2706 3756 54.

1624 3771 1969 3834 Eustathius,
2004 3777 2066 3821 ut
2104 3772 2247 3822 idem
2294 3774 2378 3823 Cr.
2422 3778 2605 3836 notat,
2642 3776 2710 3824 de

1626 3854 1728 3888 usu
1774 3841 1926 3889 verbi
1973 3831 2297 3904 ἀνενεγκεῖν
2343 3842 2588 3907 disputat
2640 3844 2710 3893 ad

1626 3907 1851 3957 Homeri
1871 3909 2070 3971 Odys&
2092 3910 2253 3970 VIII,
2279 3911 2401 3961 428.
2440 3927 2567 3976 pag.
2588 3914 2708 3975 319,

1625 3977 1711 4037 21,
1748 3992 1848 4026 nec
1882 3977 2040 4027 huius
2074 3977 2182 4029 loci
2216 3979 2416 4030 oblitus
2453 3986 2555 4031 est.
2606 3983 2713 4032 Ex-

1625 4045 1796 4107 plicat
1834 4045 1971 4096 illud
2011 4063 2108 4111 per
2146 4037 2603 4100 ’ἆναπνεύειν.
2639 4078 2709 4091 -—·

1624 4114 1777 4163 Infra
1787 4107 1818 4162 ἔ
1824 4126 1901 4163 σω
1916 4130 2036 4165 cnm
2050 4131 2191 4166 rece.
2206 4117 2328 4167 edd.
2344 4118 2590 4169 dedimus
2611 4134 2709 4184 pro

1623 4181 1772 4247 vulg.
1811 4180 1981 4242 εἴσω,
2006 4185 2043 4233 i.
2087 4201 2135 4235 e.
2181 4186 2237 4235 in
2270 4188 2539 4238 interiores
2572 4189 2712 4238 aedi-

1623 4267 1700 4300 um
1725 4267 1770 4301 s.
1802 4255 1989 4314 palatii
2024 4262 2222 4316 partes.

1689 4320 2070 4390 μουνωθέντα
2102 4313 2272 4373 τάδε
2308 4313 2490 4371 αὐτὸν
2529 4320 2709 4386 εἴρετο
