3109 5092
976 334 1107 396 AD
1155 337 1501 403 HEROD
1523 338 1670 402 OT.
1718 340 1802 417 Π,
1848 350 1971 405 148.
2477 341 2605 410 885

332 524 466 576 gere
500 507 737 578 poterit=
766 524 870 561 nec
898 524 1033 561 vero
1064 509 1303 563 certiora
1330 510 1459 564 mihi
1488 511 1778 581 videntur,
1821 529 1964 583 quae
1995 531 2174 586 nuper
2201 531 2235 569 a
2262 515 2401 571 viris
2429 517 2609 573 doctis

335 590 550 663 prolata
589 592 845 646 invenio=
914 593 1009 662 qui
1051 610 1174 647 cum
1220 595 1280 647 in
1333 596 1475 665 ipsis
1518 597 1728 650 veteris
1770 597 2073 667 labyrinthi
2110 600 2406 655 ruderibus
2457 592 2643 672 regis'

335 694 525 731 nomen
563 675 733 747 lapidi
771 677 1108 748 insculptum
1137 679 1286 733 notis
1318 678 1749 751 hieroglyphicis
1776 689 2055 754 repertum
2090 691 2269 739 esset:
2319 687 2605 758 Ram—ma,

331 762 373 814 i.
405 780 453 815 e.
484 764 838 829 Anienem«,
881 765 950 815 ab
980 763 1084 817 hoc
1111 764 1234 834 ipso
1264 764 1635 832 labyrinthum
1677 774 2016 822 exstructum
2045 787 2173 823 esse
2200 772 2608 826 contenderunt

333 846 679 917 eundemque
715 864 950 917 prorsus
992 848 1335 918 habuerunt,
1387 851 1485 920 qui
1515 851 1573 903 in
1615 852 1934 907 duodecima
1961 854 2315 909 Manethonis
2346 856 2606 925 dynastia

332 937 658 985 recensetur
684 925 1032 1004 Δάμαρις,
1079 940 1201 987 octo
1235 951 1502 988 annorum
1534 954 1651 1005 rex,
1698 929 1765 1000 ὃς
1789 937 1891 994 τὸν
1920 932 1980 993 ἐν
2000 932 2306 1012 Ἄρσενοΐτῃ
2345 936 2606 1014 λαβύριν-

329 1018 446 1071 θον
470 1011 649 1090 ἑαυτῷ
675 1011 861 1087 τάφον
887 1013 1289 1075 κατεσκεύασεν
1322 1019 1464 1092 (vid.
1493 1020 1737 1090 Syncell.
1768 1041 1823 1092 p.
1856 1030 1925 1084 59
1957 1042 2076 1095 seq.
2106 1025 2228 1079 sive
2256 1043 2312 1095 p.
2330 1032 2432 1085 111
2444 1044 2602 1096 seqq.

331 1101 671 1171 ed.Bonn.)‚
704 1102 825 1156 sive
853 1097 1183 1175 Λαχάρης
1215 1105 1336 1159 sive
1362 1109 1432 1161 M
1444 1099 1484 1160 οἱ
1496 1125 1622 1176 ρης
1655 1101 1941 1179 ε.Μοὶρις;
1973 1126 2116 1179 quae
2147 1109 2326 1163 omnia
2347 1110 2417 1163 ad
2439 1127 2608 1164 unum

330 1186 585 1256 idemque
622 1204 816 1240 nomen
847 1188 1031 1242 redire
1060 1189 1283 1257 volunt,
1328 1191 1478 1260 quod
1512 1192 1659 1261 apud
1690 1193 1919 1247 Diodor.
1952 1194 1996 1262 1,
2029 1199 2119 1260 61,-
2151 1198 2219 1254 97
2263 1200 2427 1248 sonet
2451 1191 2608 1251 Μέν-

329 1271 434 1340 δης
462 1289 511 1324 s.
539 1264 815 1343 Μάρᾆς,
857 1272 981 1326 coll.
1015 1274 1061 1339 Ι,
1091 1278 1193 1341 89,
1251 1275 1345 1327 ubi
1375 1277 1594 1345 Μηνᾶν
1630 1276 1971 1345 invenimus,
2017 1295 2199 1349 neque
2240 1279 2377 1331 adeo
2422 1279 2605 1333 diver·-

334 1372 456 1408 sum
485 1355 562 1408 sit
589 1372 622 1408 a
650 1357 867 1410 Graeca
896 1375 1032 1411 voce
1060 1361 1274 1427 Μοῖρις
1302 1360 1422 1412 sive
1446 1360 1676 1428 Moeris,
1707 1362 1775 1414 de
1810 1380 1919 1432 qua
1951 1364 2098 1415 conf.
2133 1367 2271 1415 nott.
2302 1362 2373 1416 ad
2394 1363 2605 1416 Herod.

335 1440 421 1507 ΙΙ,
457 1443 543 1497 13.
575 1448 705 1500 1002
758 1442 905 1495 hunc
943 1460 1081 1495 vero
1111 1459 1296 1510 regem
1341 1443 1488 1496 intra
1519 1461 1650 1497 ann.
1679 1450 2051 1506 2194—2151
2094 1452 2222 1499 ante
2253 1446 2387 1499 Chr.
2424 1466 2480 1500 n.
2518 1465 2605 1500 re·-

331 1541 539 1594 gnasse
567 1525 726 1594 ponit
752 1526 994 1595 Lepsius
1024 1526 1361 1595 chronolog.
1396 1528 1451 1581 d.
1481 1527 1722 1599 Aegypt.
1755 1531 1801 1583 I.
1837 1549 1892 1601 p.
1922 1536 2046 1598 262,
2087 1530 2185 1600 qui
2212 1530 2353 1584 idem
2384 1547 2607 1601 quoque

331 1614 358 1679 (
374 1609 561 1662 Briefe
613 1609 752 1663 iiber
792 1608 1034 1680 Aegypt.
1089 1630 1146 1682 p.
1190 1611 1298 1679 79)
1351 1613 1620 1667 Graecam
1665 1617 1909 1683 Μοίριος
1959 1632 2146 1668 vocem
2203 1633 2271 1667 ex
2328 1615 2608 1684 Aegyptia

331 1710 469 1746 voce
500 1712 643 1748 mere
672 1695 739 1765 (i.
774 1712 824 1746 e.
858 1697 1030 1764 aqua)
1067 1695 1282 1749 ductam
1311 1696 1402 1748 vel
1429 1698 1618 1766 potius
1648 1704 1959 1767 corruptam
1989 1698 2165 1768 ponit.
2222 1699 2423 1767 Neque
2447 1697 2609 1751 aliter

331 1777 402 1831 de
432 1777 735 1846 labyrinthi
764 1780 1052 1834 conditore
1085 1781 1282 1834 statuit
1308 1779 1488 1833 Raoul
1514 1779 1785 1835 Rochette
1821 1783 1909 1835 ine
1939 1782 2172 1835 Journal
2205 1781 2259 1835 d.
2285 1782 2415 1835 Sav.
2451 1786 2606 1843 1848.

332 1879 389 1933 p.
420 1867 527 1922 310
557 1881 676 1933 seq.
709 1863 952 1934 itemque
981 1865 1212 1918 Bunsen
1244 1863 1404 1935 plura
1432 1865 1726 1935 disputans
1755 1865 1791 1919 l.
1824 1883 1995 1938 supra
2020 1867 2058 1920 l.
2089 1865 2231 1920 Add.
2261 1865 2330 1920 R.
2352 1867 2405 1919 J.
2429 1866 2606 1920 Fruin

334 1947 418 1999 De
451 1947 788 2001 Manethone
823 1947 1128 2016 Sebennyt.
1165 1950 1667 2021 (Lugdunfflatav.
1686 1952 1849 2019 1847)
1878 1970 1931 2021 p.
1949 1958 2050 2010 111
2066 1969 2187 2021 seq.
2219 1949 2342 2004 coll.
2379 1956 2607 2020 32seq.‚

334 2030 596 2084 Osburn=
621 2031 1001 2087 Monumental
1024 2032 1237 2101 history
1269 2036 1334 2086 of
1338 2034 1545 2103 Egypt.
1563 2034 1638 2085 11.
1665 2053 1718 2104 p.
1734 2040 1793 2094 41
1814 2053 1992 2107 seqq„
2023 2035 2284 2089 Wheeler
2306 2034 2606 2104 l.l.p.426.

333 2115 488 2170 Haec
522 2115 572 2168 si
615 2133 942 2186 sequamur,
987 2117 1056 2170 ad
1098 2115 1263 2186 longe
1304 2118 1599 2171 remotiora
1642 2124 1890 2188 tempora
1919 2120 2219 2190 pertinebit
2257 2119 2608 2187 labyrinthus

335 2201 591 2271 salsaque
623 2201 841 2255 omnino
871 2201 1137 2255 retulisse
1169 2203 1450 2271 putandus
1480 2203 1591 2255 erit
1619 2202 1960 2272 Herodotus,
1994 2203 2091 2273 qui
2120 2204 2191 2257 ad
2218 2202 2609 2257 dodecarchiae

333 2289 517 2339 aetate
548 2285 713 2354 longe
743 2286 1109 2356 posteriorem
1144 2286 1244 2339 sed
1271 2286 1382 2356 ipsi
1411 2286 1723 2356 propiorem
1753 2287 2124 2356 labyrinthum
2153 2292 2494 2341 exstructum
2520 2305 2608 2340 re—

333 2370 473 2422 fertt
526 2386 687 2440 quem
715 2369 811 2423 illo
843 2370 1194 2423 duodecimae
1229 2370 1521 2439 dynastiae
1555 2376 1803 2441 tempore
1830 2373 1935 2425 iam
1975 2373 2214 2426 exstisse
2242 2372 2295 2426 si
2321 2387 2608 2442 ponamus,

334 2453 428 2506 vix
458 2455 736 2523 integrum
769 2455 836 2507 ad
866 2454 1138 2507 Herodoti
1182 2470 1360 2524 usque
1395 2460 1624 2509 aetatem
1655 2458 1949 2526 pervenire
1985 2457 2239 2526 potuisse
2279 2463 2429 2509 reete
2464 2455 2609 2508 iudi-

334 2542 424 2590 cat
448 2537 705 2592 Poitevin
735 2539 956 2611 (Revue
987 2537 1426 2610 Archeologique
1455 2539 1551 2592 XI·
1584 2539 1730 2593 Ann.
1758 2546 1896 2601 1855
1921 2559 1976 2610 p.
2006 2543 2112 2603 737
2125 2539 2295 2610 seq.)‚
2341 2557 2372 2591 a
2401 2539 2608 2592 duode-

333 2622 436 2675 cim
468 2623 682 2691 regulis
721 2624 882 2692 regni
914 2623 1000 2676 sui
1031 2629 1435 2676 monumentum
1477 2623 1796 2694 relinquere
1844 2624 2198 2694 cupientibus
2238 2623 2609 2691 labyrinthum

332 2707 518 2761 denuo
560 2712 870 2762 extructum
909 2725 1035 2761 esse
1070 2726 1285 2778 ponens
1326 2707 1543 2779 aliaque
1585 2709 1821 2777 addens,
1866 2709 2011 2762 unde
2042 2725 2202 2778 quam
2227 2707 2442 2761 incerta
2476 2707 2608 2774 sint,

333 2809 479 2863 quae
519 2792 762 2862 Lepsius
809 2791 1070 2862 protulit,
1125 2792 1265 2845 satis
1307 2798 1554 2863 apparet.
1635 2794 1826 2855 Quare
1864 2793 1922 2845 in
1965 2793 2238 2846 Herodoti
2280 2791 2610 2845 auctoritate

333 2876 799 2948 acquiescendum
830 2894 1061 2945 censeo,
1093 2877 1216 2929 dum
1247 2877 1474 2930 meliora
1502 2884 1672 2947 atque
1703 2878 1939 2930 certiora
1973 2877 2312 2930 edoceamur.

505 2961 589 3014 De
621 2962 839 3014 nomine
860 2963 1145 3030 labyrinthi
1169 2962 1357 3014 varias
1385 2962 1441 3014 in
1467 2967 1656 3031 partes
1686 2961 1895 3014 abeunt
1922 2962 2030 3014 viri
2059 2961 2227 3014 docti.
2280 2960 2429 3013 Sunt
2448 2960 2609 3029 enim,

332 3046 434 3117 qui
471 3047 743 3099 Graecum
774 3045 1098 3100 vocabulum
1139 3063 1265 3099 esse
1296 3045 1635 3099 contendant
1673 3064 1852 3117 eoque
1884 3046 2188 3116 significari
2222 3044 2397 3099 velint
2425 3062 2611 3115 quem-

333 3130 424 3184 vis
465 3129 675 3200 locum,
729 3148 796 3185 ex
846 3149 958 3201 quo
995 3130 1295 3184 difficulter
1338 3130 1541 3184 exitum
1583 3131 1831 3200 reperire
1861 3148 2036 3202 queas
2053 3125 2145 3199 *);
2186 3130 2280 3183 alii
2318 3149 2349 3183 e
2379 3129 2614 3199 Coptica

331 3215 528 3282 lingua
571 3216 727 3269 vocis
778 3216 1028 3285 origines
1071 3222 1322 3286 repetere
1364 3215 1604 3282 malunt3
1649 3216 1742 3268 alii
1776 3215 2043 3285 denique,
2091 3232 2213 3268 cum
2242 3213 2390 3284 apud
2418 3213 2611 3267 Mane-

334 3299 584 3364 thonem‚
637 3303 702 3351 ut
733 3299 998 3366 diximus,
1040 3298 1285 3369 legatur,
1328 3301 1624 3355 Lachetem
1666 3300 1785 3353 sive
1816 3301 2086 3365 sabaria,
2125 3298 2367 3367 Aegypti
2410 3313 2610 3363 regem,

337 3381 641 3451 perfecisse
685 3381 1086 3451 labyrinthum,
1131 3384 1563 3436 hinc.commode
1603 3384 1804 3452 exponi
1838 3401 2005 3452 posse
2035 3388 2267 3435 censent
2295 3379 2613 3435 domicilium

336 3465 564 3518 Laboris
593 3458 708 3531 **).
784 3464 912 3518 Vid.
960 3470 1181 3534 praeter
1221 3465 1393 3517 Beck.
1437 3465 1472 3518 l.
1514 3466 1549 3517 l.
1607 3466 1861 3534 inprimis
1902 3464 2185 3518 Iablonsk.
2230 3464 2398 3516 Vocc.
2428 3463 2606 3531 Aegg.

335 3567 392 3618 p.
435 3554 539 3609 123
580 3565 701 3617 seq.
759 3548 945 3618 ibique
986 3548 1072 3601 Te
1110 3549 1322 3601 Water.
1375 3566 1428 3617 p.
1475 3553 1578 3605 125
1621 3566 1741 3617 seq.
1792 3554 1907 3601 not.
1949 3567 1998 3601 r.
2089 3547 2219 3617 Ipse
2260 3545 2610 3609 lablonskius

334 3637 544 3703 (p.125
580 3631 616 3685 l.
644 3631 715 3699 1.)
746 3650 812 3686 ea
839 3649 906 3685 ex
936 3632 1230 3698 sententia,
1262 3647 1374 3700 qua
1400 3631 1700 3700 labyrinthi
1731 3648 1872 3701 opus
1903 3649 1937 3684 a
1967 3631 2222 3702 pluribus
2250 3629 2494 3699 Aegypti
2522 3648 2609 3684 re-

335 3717 502 3785 gibus
541 3717 803 3787 paulatim
844 3716 1016 3771 fuerit
1044 3716 1383 3784 absolutum,
1431 3715 1686 3786 exponite
1736 3735 1871 3787 opus
1910 3719 2198 3771 multorum
2237 3714 2323 3769 vel
2371 3733 2613 3787 magnae

333 3802 687 3858 multitudinis
698 3820 718 3861 ‚-
748 3802 816 3855 ab
845 3800 1117 3855 Israelitis
1147 3801 1320 3870 enim,
1354 3818 1497 3871 quos
1529 3799 1834 3871 permultos
1870 3802 1927 3855 in
1960 3799 2213 3871 Aegypto
2242 3800 2421 3853 fuisse
2452 3799 2610 3853 novi-

305 4086 310 4091 ·
473 4051 530 4117 ²¹¹)
563 4053 716 4104 Hinc
752 4051 1041 4114 Welcker,
1079 4066 1116 4101 a
1142 4067 1280 4104 voce
1314 4049 1514 4116 λαῦρα,
1551 4043 1736 4113 lurion
1765 4050 2025 4103 derivans
2054 4052 2254 4105 reddit:
2293 4048 2613 4117 Ganymerk

333 4119 579 4187 (Trilog.
627 4122 682 4173 d.
718 4121 972 4187 Aeschyl.
1010 4137 1064 4186 p.
1105 4121 1208 4174 213
1223 4121 1263 4188 ).
1338 4121 1477 4172 Add.
1534 4121 1602 4172 O.
1649 4119 1873 4171 Miiller:
1928 4121 2288 4187 Archaeolog.
2342 4124 2392 4183 ξ.
2430 4121 2518 4180 50,
2555 4121 2608 4167 2.

334 4189 552 4241 Osburn
581 4191 618 4240 l.
656 4191 704 4247 1.
731 4207 784 4256 p.
807 4190 894 4243 45.
969 4190 1221 4241 Accessit
1251 4190 1317 4241 R.
1343 4192 1396 4242 J.
1419 4190 1591 4240 Fruin
1626 4190 1710 4240 De
1730 4190 2047 4242 Manethon.
2081 4191 2376 4255 Sebennyt.
2409 4204 2461 4253 p.
2488 4186 2611 4237 114.

474 4272 564 4337 **)
600 4274 933 4340 Aegyptium
967 4273 1500 4339 labyrinthi-nomen
1537 4272 1711 4325 fuisse
1748 4274 2062 4335 [ia-Mares,
2102 4276 2138 4324 i.
2174 4293 2222 4325 e.
2252 4280 2460 4338 portam
2495 4269 2615 4333 (do-

329 4340 628 4465 ffissigssuij
649 4341 996 4478 lselpplgegtssirn)
1047 4342 1244 4411 Maris,
1293 4342 1437 4396 unde
1489 4343 1697 4393 factum
1739 4343 2020 4407 Lemures,
2074 4343 2336 4400 Labores,
2388 4338 2614 4391 coniicit
