3109 5092
547 313 669 378 858
1320 314 1867 379 EXOURSUS
1915 315 2040 376 VII

554 495 654 547 der
688 489 945 543 bildende
967 488 1234 543 Kiinstler
1271 507 1373 543 aus
1397 490 1561 541 Thon
1600 488 1735 541 oder
1753 488 1911 541 Stein
1950 487 2115 544 einen
2148 489 2453 546 Menschen
2482 490 2629 543 oder
2671 489 2853 545 einen

555 580 696 631 Gott
736 575 923 628 mach
941 580 982 626 t.
1054 574 1138 627 An
1184 574 1272 627 ein
1307 575 1567 628 Schafl'en
1619 574 1753 626 oder
1790 573 2059 627 Erfinden
2100 575 2256 629 einer
2295 575 2641 630 Giitterwelt
2688 576 2855 629 hitto

548 680 672 716 man
717 661 808 713 nie
849 660 1067 712 denken
1097 659 1334 712 sollen.“
1392 659 1655 711 conferri
1689 675 1910 728 quoque
1935 675 2053 711 cum
2088 660 2172 713 bis
2195 666 2486 731 poterunt,
2527 677 2687 730 qnae
2728 666 2853 712 sta-

551 748 662 801 tuit
682 745 888 799 Rinck=
924 745 1013 798 die
1038 743 1290 812 Religion
1315 745 1414 797 der
1432 743 1705 798 Hellenen
1728 762 1783 813 p.
1808 747 1879 801 29
1914 749 1971 796 et
1991 745 2275 798 Gerbard:
2311 745 2689 798 Griechische
2713 745 2853 813 My-

551 831 758 899 tbolog.
785 835 837 895 S.
859 833 975 887 134.
1024 830 1245 893 Quibus
1268 830 1523 883 omnibus
1545 829 1603 881 id
1625 828 1763 881 satis
1785 828 1933 881 effici
1956 830 2212 899 arbitror,
2238 831 2388 901 quod
2410 831 2568 884 initio
2593 836 2853 883 nostrae

552 915 945 987 disputationis
978 915 1294 984 posuimus,
1347 915 1571 968 alteram
1606 912 1767 983 quasi
1805 913 2090 982 periodum
2124 916 2416 984 religionis
2456 917 2728 968 Graecae
2776 917 2849 968 ab

549 1005 789 1057 Homero
831 999 1193 1069 Hesiodoque
1241 1017 1308 1052 ex
1350 999 1620 1053 Herodoti
1668 1004 1847 1051 mente
1893 1000 2190 1068 constitui,
2248 1002 2579 1071 eosdemque
2626 1006 2851 1071 poetas

550 1089 673 1141 iure
703 1086 1009 1154 meritoque
1037 1085 1173 1138 ferri
1212 1090 1467 1138 auctores
1501 1089 1556 1136 et
1579 1084 1895 1136 conditores
1929 1090 1986 1136 et
2004 1084 2366 1155 Theogoniae
2394 1088 2758 1140 Graecorum
2792 1092 2853 1138 et

553 1173 730 1225 totius
763 1171 913 1223 illius
936 1170 1004 1222 de
1037 1170 1146 1222 diis
1171 1170 1453 1224 doctrinae
1476 1168 1792 1239 popularis,
1831 1184 1989 1237 quam
2020 1170 2717 1242 anthropomorphisticam
2758 1171 2848 1222 di-

554 1258 754 1323 cimus,
800 1254 931 1307 inde
966 1255 1034 1306 ab
1072 1254 1174 1306 hoc
1210 1261 1454 1325 tempore
1493 1271 1525 1306 a
1561 1254 1796 1306 Graecis
1830 1260 2101 1324 receptam
2143 1255 2487 1327 ampliusque
2526 1255 2845 1308 excultam.

552 1341 636 1395 Ad
661 1342 800 1392 hanc
821 1356 955 1392 vero
989 1338 1366 1391 declarandam
1399 1339 1630 1409 primum
1652 1338 1923 1408 pertinet,
1970 1355 2114 1408 quae
2139 1340 2427 1394 Herodoto
2459 1341 2675 1394 dicitur
2698 1343 2847 1395 θεο-

553 1426 747 1495 γονιή,
792 1424 937 1475 haud
973 1424 1089 1475 scio
1130 1440 1197 1475 an
1237 1423 1562 1493 respicienti
1596 1423 1665 1475 ad
1696 1422 1931 1475 Hesiodi
1977 1440 2190 1478 carmen
2238 1426 2425 1478 eodem
2472 1424 2703 1478 nomine
2750 1426 2845 1478 in-

556 1511 820 1577 scriptum
843 1507 937 1578 (de
961 1525 1071 1577 quo
1093 1509 1164 1560 cf.
1183 1508 1496 1561 Mnetzell.=
1534 1508 1618 1559 De
1642 1508 1977 1561 emendanda
1999 1508 2289 1578 Theogon.
2311 1509 2544 1565 Hesiod.
2569 1528 2628 1579 p.
2648 1515 2845 1570 356—-

554 1594 721 1661 358);
758 1592 1000 1646 declarat
1033 1593 1176 1646 enim
1212 1595 1344 1646 haec
1382 1611 1489 1646 vox
1523 1592 1935 1660 generationem
1972 1594 2195 1647 deorum
2220 1595 2340 1647 sive
2374 1594 2680 1661 rationem,-
2725 1611 2843 1664 qua

555 1678 764 1747 singuli
797 1678 907 1746 dii,
967 1677 1124 1731 alteri
1160 1681 1228 1732 ab
1262 1677 1451 1731 alteris
1491 1678 1869 1745 generationis
1900 1676 2021 1745 lege
2054 1679 2133 1731 ita
2169 1681 2278 1732 orti
2310 1680 2716 1749 perhibentur,
2778 1684 2841 1731 ut

555 1763 718 1835 quasi
757 1764 980 1816 deorum
1011 1764 1214 1817 familia
1249 1764 1378 1816 inde
1414 1763 1719 1816 constituta
1752 1762 1858 1827 sit;
1915 1764 2162 1817 continet
2196 1764 2372 1832 igitur
2408 1764 2726 1818 doctrinam
2766 1764 2839 1816 de

556 1856 681 1902 ortu
717 1850 977 1915 deorum,
1018 1849 1223 1917 quibus
1259 1849 1308 1901 si
1344 1848 1497 1901 vires
1533 1852 1766 1901 naturae
1800 1864 2094 1917 earumque
2133 1850 2369 1902 effectus
2409 1849 2835 1918 significantur,

553 1935 925 2003 κοσμογονίαν
963 1951 1009 1987 s.
1051 1933 1352 1988 doctrinam
1391 1934 1458 1986 de
1492 1932 1680 1984 mundi
1721 1932 1934 2000 origine
1978 1940 2034 1984 et
2074 1935 2505 1988 conformatione
2539 1934 2834 2004 appellare

554 2020 769 2085 licebit3
815 2019 885 2070 cf.
916 2020 1286 2087 supra1,132
1331 2018 1519 2088 ibique
1542 2015 1726 2069 allata.
1793 2017 2072 2085 Alterum,
2118 2019 2264 2088 quod
2300 2020 2368 2071 ad
2408 2021 2549 2073 hanc
2589 2019 2835 2073 deorum

555 2103 1036 2157 conformationem
1077 2105 1146 2156 ab
1167 2104 1405 2156 Homero
1440 2110 1496 2155 et
1516 2102 1763 2155 Hesiodo
1802 2102 2100 2170 profectam
2133 2108 2190 2156 et
2222 2106 2518 2173 perfectam
2552 2105 2828 2174 pertinet,

551 2189 829 2242 indicatur
868 2187 1085 2239 verbis:
1128 2185 1226 2242 καὶ
1261 2192 1408 2241 τοῖσι
1439 2190 1628 2240 θεοῖσι
1648 2180 1749 2248 τὰς
1781 2181 2097 2256 ἐπωνυμίας
2116 2182 2358 2257 'dones-3
2396 2206 2536 2259 quae
2566 2196 2835 2259 spectant

554 2274 624 2326 ad
657 2273 744 2337 id,
792 2271 940 2339 quod
972 2288 1144 2341 supra
1187 2273 1290 2343 (11,
1312 2273 1408 2337 52)
1441 2272 1508 2324 de
1543 2270 1796 2339 Pelasgis
1831 2271 2075 2339 dixerat,
2123 2273 2285 2339 deos,
2334 2291 2565 2343 quorum
2600 2274 2831 2327 nomina

556 2374 664 2410 non
689 2355 1010 2421 habuerint,
1046 2356 1100 2409 in
1129 2358 1448 2410 universum
1470 2357 1807 2423 colentibus3
1848 2356 1948 2409 sed
1972 2374 2091 2410 cum
2121 2357 2416 2428 utriusque
2449 2358 2598 2412 illius
2622 2364 2828 2429 poetae

558 2439 725 2510 oper-d
755 2440 1012 2494 effectum
1035 2448 1203 2511 esset,
1228 2449 1292 2494 ut
1311 2441 1520 2509 singuli
1543 2441 1620 2493 dii
1644 2442 2111 2509 discernerentur,
2142 2443 2453 2511 originibus
2477 2460 2667 2497 eorum
2692 2460 2827 2496 con-

555 2526 797 2593 stitutis,
843 2526 1062 2579 nomina
1094 2543 1315 2597 quoque
1355 2526 1441 2579 bis
1476 2524 1716 2593 singulis
1754 2527 1860 2578 diis
1894 2528 2138 2580 tribuere
2184 2543 2419 2597 aequum
2457 2534 2605 2595 erat,
2652 2529 2825 2598 idque

555 2612 692 2665 adeo
731 2611 1080 2665 coniunctum
1122 2630 1243 2665 cum
1283 2613 1406 2681 ipsa
1441 2612 1744 2684 θεογονίᾳ,
1788 2627 1947 2679 quam
1982 2612 2360 2666 instituerant.
2435 2612 2691 2666 Tertium
2736 2611 2825 2664 bis

556 2697 793 2765 accedit,
837 2696 967 2750 inde
1004 2700 1341 2767 profectumt
1392 2694 1489 2750 καὶ
1529 2690 1694 2765 τιμάς
1727 2715 1788 2749 τε
1820 2692 1919 2749 ’καὶ
1952 2694 2144 2765 τέχνας
2176 2692 2482 2761 &emnem
2521 2714 2643 2750 cum
2679 2697 2821 2750 enim

558 2781 900 2851 singulorum
944 2783 1171 2836 deorum
1222 2784 1326 2835 iam
1377 2782 1740 2835 discretorum
1786 2781 2031 2849 origines
2076 2768 2453 2851 prodidissent
2491 2782 2824 2852 nominaque

558 2866 796 2935 singulis
831 2866 1196 2935 indidissent,
1244 2885 1473 2922 necesse
1505 2872 1654 2931 erat,
1697 2866 1993 2918 eorundem
2030 2867 2191 2918 etiam
2220 2866 2461 2921 honores
2495 2885 2559 2920 ac
2593 2883 2821 2920 munera

559 2951 904 3004 describere:
963 2952 1112 3019 quod
1147 2953 1324 3021 ipsum
1361 2951 1644 3003 declarant
1682 2950 1850 3002 verba
1883 2949 2226 3018 Herodotea,
2274 2969 2395 3005 cum
2426 2953 2632 3023 quibua
2678 2968 2821 3004 com·

556 3049 811 3104 paramus
833 3033 1063 3085 Hesiod.
1080 3035 1370 3102 Theogon.
1397 3053 1481 3087 vs.
1505 3040 1606 3093 112
1632 3027 1733 3099 (ὥς
1759 3027 1813 3088 τ’
1844 3027 2056 3103 ἄφενος
2076 3030 2352 3090 δάσσαντο
2370 3035 2469 3091 καὶ
2498 3031 2575 3099 ὥς
2604 3030 2820 3107 τιμὰς

555 3115 827 3187 διέλοντο)
878 3123 934 3168 et
966 3134 1051 3169 vs.
1076 3122 1147 3175 44
1168 3119 1237 3170 de
1261 3119 1425 3171 Iove:
1473 3108 1535 3173 εὖ
1566 3114 1626 3172 δὲ
1658 3115 1863 3173 ἕκαστα
1901 3112 2217 3183 ἀθανάτοις
2248 3118 2495 3188 διέταξεν
2534 3114 2687 3190 ὁμῶς
2724 3118 2821 3176 καὶ

554 3197 828 3272 ἐπέφραδε
860 3196 1089 3270 τιμάς.
1145 3201 1287 3255 Add.
1319 3202 1451 3255 ibid.
1476 3208 1600 3262 204.
1627 3207 2029 3265 397.885.904.
2083 3204 2306 3259 Homer.
2336 3206 2547 3274 Odyss.
2573 3206 2817 3273 XI,301.

556 3293 680 3350 304.
733 3285 990 3355 Aeschyl.
1032 3287 1307 3343 Prometb.
1342 3293 1433 3347 30.
1473 3291 1578 3348 178
1617 3288 1704 3340 ed.
1742 3288 1938 3341 Blomf.
1975 3290 2097 3342 coll.
2132 3295 2256 3351 237.
2280 3296 2380 3359 38,
2439 3292 2533 3343 ubi
2568 3288 2700 3359 γέρα
2736 3291 2817 3344 di-

557 3378 790 3439 cuntur,
837 3389 978 3441 quae
1011 3373 1098 3426 hic
1128 3371 1284 3442 τιμαὶ
1311 3379 1600 3439 vocantur,
1639 3372 1677 3424 i.
1706 3391 1754 3425 e.
1792 3374 2030 3427 bonores
2062 3393 2108 3427 s.
2144 3375 2329 3428 munia
2353 3377 2553 3445 cuique
2587 3376 2690 3430 deo
2716 3375 2818 3429 tri-

553 3460 689 3512 buta
709 3464 766 3510 et
786 3457 854 3510 ad
878 3458 1147 3529 cuiusque
1169 3459 1259 3511 dei
1279 3458 1387 3511 vim
1414 3464 1470 3510 et
1494 3464 1743 3510 naturam
1762 3497 1776 3525 ,
1810 3476 1921 3527 qua
1942 3459 2010 3511 ab
2032 3459 2154 3512 aliis
2177 3459 2529 3529 discernitur,
2560 3466 2817 3531 spectan-

554 3545 664 3611 tia3
724 3558 833 3612 quo
889 3544 1077 3597 eodem
1121 3544 1280 3598 etiam
1324 3548 1580 3612 spectant
1621 3538 1836 3612 τέχναι,
1897 3550 2073 3611 artes,
2136 3545 2338 3613 quibus
2386 3545 2623 3616 quisque
2679 3546 2818 3599 deus

556 3645 775 3699 operam
810 3627 933 3695 dat,
980 3629 1294 3698 quibusque
1327 3646 1359 3680 a
1393 3628 1591 3681 ceteris
1629 3627 1769 3695 diis,
1824 3629 1917 3697 qui
1950 3629 2156 3696 singuli
2191 3646 2343 3682 suam
2379 3630 2617 3699 quisque
2649 3638 2815 3683 artem

552 3714 842 3766 humanum
865 3711 921 3764 in
946 3715 1156 3766 modum
1181 3718 1454 3779 exercent,
1492 3712 1857 3780 distinguitur
1886 3714 2170 3783 locumque
2192 3731 2352 3767 suum
2389 3715 2599 3767 obtinet
2631 3716 2687 3768 in
2726 3714 2819 3767 illa

554 3799 780 3851 deorum
824 3798 1058 3866 familia,
1111 3798 1322 3868 qualem
1366 3798 1418 3848 bi
1463 3802 1660 3867 poetae
1706 3797 2133 3851 constituerunt.
2199 3799 2364 3861 Quod
2409 3804 2651 3853 extremo
2696 3800 2814 3853 loco

554 3882 785 3949 legitur:
831 3880 928 3935 καὶ
956 3882 1109 3937 εἴδεα
1136 3877 1322 3937 αὐτῶν
1351 3877 1723 3952 σημήναντες,
1767 3882 1820 3933 id
1858 3882 2244 3952 complemento
2279 3883 2439 3952 quasi
2478 3889 2566 3937 est
2597 3892 2815 3938 antece-

554 3965 847 4020 dentibus:
890 3984 1011 4019 cum
1045 3967 1187 4021 enim
1212 3968 1465 4037 singulos
1490 3967 1627 4019 deos
1661 3966 2090 4035 discrevissent,
2138 3968 2593 4038 singulorumque
2625 3974 2683 4021 et
2716 3988 2816 4023 no-

551 4051 697 4104 mina
733 4056 788 4102 et
821 4067 1049 4103 munera
1082 4058 1341 4122 artesque
1378 4051 1833 4118 constituissent,
1871 4052 2097 4105 formam
2131 4069 2351 4123 quoque
2385 4053 2683 4106 eorundem
2722 4072 2814 4107 ex-

551 4143 792 4201 ternam,
828 4134 897 4186 ad
932 4135 1221 4189 humanum
1259 4138 1472 4190 modum
1512 4134 1860 4206 expressam,
1896 4155 2077 4207 neque
2110 4156 2243 4192 vero
2282 4138 2534 4191 omnibus
2569 4139 2813 4205 eandem,

551 4221 648 4274 sed
671 4219 793 4273 aliis
816 4219 973 4271 aliam
1000 4237 1101 4289 pro
1138 4221 1382 4273 muneris
1419 4221 1743 4275 diversitate
1768 4222 2110 4277 constituere
2144 4240 2492 4292 consequens
2515 4229 2664 4290 «ει-αις
2710 4224 2813 4277 ita-

550 4323 658 4376 que
686 4305 839 4361 εἴδεα
870 4304 939 4356 ad
974 4305 1225 4374 corporis
1258 4305 1476 4358 humani
1498 4308 1726 4359 formam
1748 4308 1855 4359 diis
1892 4309 2147 4360 traditam
2177 4318 2235 4361 et
2269 4308 2339 4361 ad
2372 4314 2618 4373 caetera,
2671 4325 2813 4379 quae
