3109 5092
1095 315 1723 378 EUTERPE.II.
1770 325 1890 381 116.

2469 408 2480 420 ι
2513 314 2633 378 681

363 488 692 579 ξάνδρου,
724 484 812 569 ὡς
838 484 1290 579 ἆπηνείχθη”
1246 519 1434 578 αγων
1457 487 1755 581 Ἑλένην,
1785 496 1868 581 τῇ
1897 518 1968 561 τε
2002 489 2085 580 δὴ
2107 489 2276 579 ἄλλῃ
2306 489 2631 580 πλαζόμε-

369 619 486 671 νος
504 644 522 676 ‚
552 594 664 660 καὶ
694 620 786 671 ως
813 594 881 671 ἐς
911 598 1191 663 Σιδῶνα
1217 600 1332 683 τῆς
1359 602 1683 686 Φοινίκης
1709 591 2005 665 ἀπίκετο.
2088 596 2525 683 ἐπιμέμνηται
2561 595 2635 664 δὲ

366 693 579 765 αὐτοῦ
610 697 686 763 ἐν
714 694 1092 784 Διομήδεος
1118 694 1420 788 ἆριστείῃ
1442 752 1460 786 ,
1504 702 1684 787 λέγει
1717 699 1791 769 δὲ
1816 727 1898 768 τα
1926 704 2090 768 ἔπεα
2111 693 2326 767 οὕτω·

561 819 753 886 ’'Eve'
804 826 948 888 ἔσαν
986 829 1054 889 οἱ
1077 828 1290 892 πέπλοι
1323 835 1723 911 ’παμποίκιλοι
1738 875 1755 908 ,
1802 829 1947 910 ἔργα
1988 831 2297 910 γυναικῶν

584 928 918 1005 Σιδονίων,
959 920 1066 1004 τὰς
1108 923 1288 1006 αὐτὸς
1318 925 1703 1012 Ἀλέξανδρος
1744 922 2022 1009 θεοειδὴς

367 1150 478 1202 gna
511 1135 617 1184 iam
651 1133 742 1184 illo
772 1138 1016 1201 tempore
1045 1137 1343 1187 auctoritas
1370 1139 1450 1188 fu·

365 1206 476 1254 isse
510 1204 751 1265 videtum
802 1204 1010 1271 alioqui
1057 1206 1197 1256 euim
1233 1207 1304 1258 ab
1343 1208 1450 1257 He-

367 1274 558 1324 rodoto
598 1274 653 1324 h.
691 1272 729 1322 l.
767 1290 875 1324 ιιοιι
911 1277 1084 1326 citata
1130 1281 1184 1325 et
1229 1277 1286 1326 in
1328 1292 1451 1327 exa-

367 1360 488 1393 men
524 1347 723 1394 vocata
763 1344 1012 1396 fuissent.

440 1420 523 1486 ὡς
564 1420 969 1497 ἆπηνείχθη],
977 1431 1451 1497 ‚wyttenbachius

368 1501 424 1550 in
454 1498 676 1550 Selectt.
705 1498 854 1551 histt.
888 1516 942 1565 p.
952 1501 1055 1553 358
1078 1502 1148 1551 ad
1169 1502 1452 1566 antiquum

369 1568 586 1620 dicendi
618 1584 790 1634 genus
825 1571 993 1621 refert
1027 1576 1084 1620 et
1114 1570 1450 1651 Thucydidis

367 1644 650 1702 comparat
686 1637 864 1691 locum
894 1640 939 1702 Ι,
981 1641 1036 1691 l:
1074 1633 1176 1690 τὸν
1198 1641 1452 1707 πόλεμον

368 1740 438 1749 --
474 1704 552 1764 ὡς
597 1677 969 1774 ἐπολέμησαν.
978 1709 1013 1736 “
1052 1711 1137 1762 Cr.
1216 1713 1335 1773 Quo
1370 1727 1453 1761 re-

369 1778 541 1840 ctius,
582 1778 797 1841 opinor,
833 1779 1100 1830 Matthiae
1128 1781 1221 1832 Gr.
1263 1782 1356 1833 Gr.
1397 1797 1453 1846 p.

368 1848 472 1897 907
509 1862 624 1911 seq.
679 1842 755 1904 ὥς
790 1848 860 1897 ad
898 1850 1278 1900 antecedentia
1312 1851 1456 1901 rela-

370 1923 483 1967 tum
519 1915 666 1978 vult,
711 1922 773 1967 ut
807 1917 970 1983 paulo
1008 1925 1138 1970 ante
1174 1920 1282 1969 iam
1320 1920 1457 1970 indi-

369 1986 632 2037 cavimus.

438 2065 808 2153 ἐπιμέμνηται
845 2065 908 2121 δὲ·
943 2065 1124 2124 αὐτοῦ
1157 2065 1218 2123 ἐν
1241 2065 1459 2140 Διομή-

370 2140 502 2199 deoc
538 2133 815 2206 ἀριστείῃ]
854 2133 1128 2223 ἀριστείῃ,
1164 2144 1311 2209 quod
1345 2161 1460 2194 mu-

370 2213 512 2263 tavit
549 2210 803 2262 Dindorr.
843 2212 900 2261 in
931 2196 1216 2279 ἄριστηΐῃ,
1253 2215 1458 2264 retinui

371 2297 493 2333 cum
534 2280 769 2361 Bredov3
815 2297 946 2347 pag.
1000 2282 1119 2334 184.
1187 2284 1366 2334 Verba
1401 2284 1458 2333 in

371 2342 696 2433 Διομήδεος
730 2342 1016 2416 ἀριστείῃ,
1056 2367 1197 2416 quae
1226 2353 1460 2405 Valcke-

368 2420 525 2471 nario
573 2419 881 2470 abiicienda
925 2421 1277 2485 videbantur,
1316 2424 1455 2474 satis

370 2494 554 2542 tuetur
588 2489 850 2540 orationis
882 2494 1061 2554 tenor,
1097 2498 1158 2541 ut
1184 2492 1362 2544 bene*
1346 2509 1456 2543 iam

371 2558 587 2611 notavit
606 2558 1048 2624 Schweighaeus.
1113 2561 1175 2611 Si
1191 2577 1322 2613 vero
1341 2562 1459 2612 uni-

371 2644 585 2679 versam
641 2628 966 2679 sententiam
1018 2630 1222 2681 habeas
1280 2632 1457 2681 insiti-

370 2700 543 2759 ciam,
597 2698 816 2748 minime
868 2713 987 2748 eam
1043 2706 1234 2751 contra
1290 2700 1458 2750 libros

371 2767 615 2834 equidem
654 2766 923 2826 eiecerim;
974 2784 1113 2834 quae
1149 2770 1336 2821 eadem
1373 2774 1460 2820 est

371 2836 639 2888 Nitzschii
695 2837 972 2887 sententia
1016 2838 1055 2888 l.
1103 2839 1143 2890 l.
1191 2854 1318 2904 pag.
1375 2840 1455 2901 11,

373 2904 508 2958 ubi
494 2923 550 2956 ιιι
598 2912 713 2956 not.
766 2908 798 2956 5
847 2905 984 2957 haec
1029 2908 1207 2959 addit.
1259 2908 1458 2969 „Suffl-

372 2976 583 3038 ciebat,
633 2976 683 3025 si
733 2976 782 3025 ei
831 2976 973 3041 quod
1028 2945 1338 3058 praecedit,
1397 2969 1459 3027 ἐν

365 3013 590 3125 Ἰλιάδι,
630 3044 923 3096 adderetur
956 3042 1101 3112 λέγει
1138 3041 1200 3097 δὲ
1230 3039 1300 3097 τὰ
1322 3043 1460 3098 ἔπεα

374 3130 557 3175 ουτω,
604 3119 666 3164 ut
699 3131 824 3165 mox
860 3064 1230 3182 ἐπιμέμνηται
1264 3111 1328 3168 δὲ
1365 3113 1460 3167 καὶ

373 3177 433 3235 ἐν
462 3151 789 3249 Ὀδυσσείῃ,
829 3175 890 3234 ἐν
924 3186 1139 3237 τοισίδε
1166 3189 1314 3237 τοῖσι
1336 3181 1461 3237 ἔπε-

373 3268 483 3304 σιν.
490 3253 526 3280 “
596 3253 680 3303 Ad
712 3252 980 3318 reliquum
1021 3256 1130 3308 loci
1175 3273 1460 3323 argumen-

373 3329 486 3374 tum
502 3321 640 3372 haec
652 3327 836 3372 monet
845 3323 1294 3388 Valckenarius
1300 3328 1461 3387 ‚Sunt

376 3389 610 3442 subiecti
646 3405 834 3441 versus
864 3407 931 3442 ex
967 3393 1125 3445 Iliad.
1161 3396 1238 3455 Ζ,
1277 3365 1381 3446 ’289
1406 3399 1461 3445 et

376 3475 529 3525 seqq.
569 3450 901 3522 Διομήδους
935 3453 1192 3522 ἀριστεία
1227 3465 1462 3514 vocaba-

375 3538 465 3581 tur
502 3544 536 3578 a
570 3529 942 3611 grammaticis
971 3531 1132 3582 Iliad.
1154 3531 1239 3594 E‘,
1276 3532 1331 3583 in
1354 3547 1461 3597 qua

375 3598 620 3649 meminit
665 3598 722 3647 in
764 3601 1084 3650 transcursu
1128 3605 1293 3665 poeta
1340 3601 1465 3651 Ale-

375 3667 569 3719 xandri
613 3667 940 3732 naviumque
987 3668 1273 3719 architecti
1328 3669 1464 3720 Phe·

377 3738 534 3799 recli;
584 3736 679 3787 sed
715 3736 816 3787 hoc
862 3737 999 3787 nihil
1036 3737 1106 3789 ad
1155 3739 1463 3789 Herodotum

378 3809 542 3869 facit,
582 3806 849 3857 Homerum
884 3807 1050 3858 etiam
1080 3806 1212 3858 alibi
1238 3824 1464 3859 comme-

379 3881 710 3940 morantem,
757 3877 1008 3940 nuspiam
1056 3881 1238 3928 tamen
1284 3876 1466 3942 appel-

379 3947 638 4007 lationes,
688 3945 884 4010 quibus
937 3947 1159 3997 Homeri
1208 3946 1465 3997 carminis

375 4016 620 4064 diversas
664 4015 997 4079 insignivere
1052 4020 1234 4080 partes
1288 4031 1463 4081 gram-

375 4082 582 4133 matici.
656 4084 868 4133 Primus
902 4084 1044 4134 forte
1084 4085 1244 4134 Plato
1283 4086 1465 4135 memi-

377 4153 459 4202 nit
495 4148 751 4207 Νεκυίας
787 4151 1069 4216 Odysseae
1104 4153 1160 4203 in
1188 4154 1370 4204 Minoe
1408 4169 1462 4218 p.

376 4220 480 4273 319
515 4220 628 4271 D.“
700 4220 807 4270 Vix
843 4225 1025 4271 tamen
1061 4238 1247 4273 omnes
1282 4224 1465 4272 istius-

375 4289 522 4340 modi
562 4287 960 4354 appellationes
1009 4306 1043 4340 a
1089 4291 1464 4357 grammaticis

340 4420 348 4427 ¹
375 4357 596 4413 serioris
623 4358 824 4409 aetatis
853 4361 1112 4412 inductas
1146 4360 1465 4427 credideris,

1551 1139 1600 1190 si
1624 1138 1891 1201 Platonis,
1926 1136 2262 1197 Aristotelis,
2304 1139 2531 1190 aliorum
2560 1143 2637 1190 te·

1552 1209 1835 1271 stimonia,
1871 1222 2010 1272 quae
2041 1207 2358 1258 Nitzschius
2393 1208 2430 1259 l.
2464 1207 2504 1259 l.
2531 1209 2641 1259 col-

1550 1278 1716 1344 legit,
1752 1277 2072 1342 respexeris.
2145 1278 2378 1328 Gravius
2402 1278 2640 1328 fortasse
2710 1328 2715 1333 ,

1551 1349 1685 1400 illud
1713 1349 1832 1409 erit,
1872 1346 2015 1412 quod
2046 1346 2300 1398 Diomedis
2324 1347 2524 1398 Aristia
2549 1364 2642 1398 vo-

1554 1419 1783 1468 cabatur
1823 1418 2020 1482 quintus
2057 1415 2248 1466 Iliadis
2296 1417 2450 1480 liber,
2497 1434 2640 1479 cum,

1556 1489 1648 1554 qui
1687 1487 1831 1552 apud
1868 1486 2205 1536 Herodotum
2243 1486 2481 1536 citantur
2524 1503 2643 1538 ver·

1555 1574 1669 1619 sus,
1696 1557 1766 1608 ad
1782 1563 1980 1607 sextum
2001 1555 2325 1620 pertineant.
2379 1555 2487 1606 Sed
2512 1556 2642 1622 quid

1556 1627 1815 1692 impedit,
1853 1641 1959 1691 quo
1997 1625 2173 1675 minus
2206 1625 2486 1677 Diomedis
2522 1627 2642 1683 Ari-

1558 1698 1721 1747 stiam
1766 1695 1911 1745 ultra
1956 1695 2202 1759 quintum
2254 1693 2453 1744 librum
2513 1695 2644 1745 olim

1558 1765 1886 1832 pertinuisse
1907 1768 2224 1827 sextumque
2246 1761 2442 1813 librum
2477 1764 2642 1815 etiam

1559 1833 2036 1900 comprehendisse
2057 1837 2382 1895 statuamus,
2401 1848 2644 1898 praeser-

1559 1906 1657 1956 tim
1693 1919 1814 1954 cum
1851 1901 1948 1952 illa
1990 1907 2173 1953 aetate
2220 1901 2354 1952 fines
2403 1902 2644 1967 singulo-

1559 1990 1677 2025 rum
1714 1972 1976 2022 librorum
2018 1971 2238 2021 vixdum
2274 1972 2353 2024 ita
2387 1977 2644 2023 accurate

1562 2042 1823 2095 constitui
1847 2041 2091 2107 potuisse
2118 2040 2425 2104 videantur,
2460 2058 2643 2108 quem-

1561 2112 1850 2164 admodum
1894 2116 2021 2177 post
2068 2111 2274 2161 factum
2334 2127 2456 2162 esse
2503 2112 2642 2162 veri-

1562 2181 1739 2234 simile
1782 2181 1861 2231 fit.
1935 2180 2095 2231 Conf.
2134 2181 2328 2245 Heyne
2365 2182 2630 2233 Observv.

1561 2254 1633 2304 ad
1671 2251 1893 2302 Homeri
1926 2249 1967 2301 l.
2005 2250 2043 2302 l.
2084 2254 2140 2300 et
2175 2250 2341 2301 Wolf.
2382 2251 2639 2317 Prolegg.

1562 2323 1631 2372 ad
1667 2323 1960 2371 Homerum
2006 2336 2058 2384 p.
2107 2319 2306 2381 cvm,
2358 2325 2645 2387 utrumque

1562 2409 1595 2443 a
1631 2391 1883 2455 Schwgh.
1911 2388 2157 2440 allatum.
2230 2390 2369 2440 Sunt
2394 2389 2642 2456 denique,

1562 2459 2162 2527 quiDiomedispugnas
2185 2459 2455 2524 peculiare
2481 2461 2645 2526 quod-

1561 2531 1684 2581 dam
1717 2544 1934 2580 carmen
1973 2529 2143 2578 fuisse
2189 2529 2552 2591 arbitrentur,
2589 2531 2644 2579 in

1559 2599 1751 2650 Iliadis
1817 2602 2130 2648 contextum
2188 2602 2382 2661 postea
2433 2597 2645 2648 demum

1561 2672 1857 2732 receptum.
1931 2665 2039 2715 Sed
2084 2671 2462 2729 praeterquam
2500 2667 2645 2731 quod

1562 2738 1724 2788 certis
1760 2734 2095 2801 argumentis
2123 2734 2387 2785 destituta
2408 2740 2494 2784 est
2512 2735 2647 2787 baec

1560 2806 1835 2858 sententia
1875 2809 1930 2853 et
1966 2804 2186 2854 disertis
2228 2803 2497 2855 Herodoti
2529 2821 2649 2855 ver-

1559 2877 1644 2926 bis
1693 2878 1990 2940 repugnat,
2044 2874 2492 2924 commonstravit
2538 2875 2648 2926 An-

1562 2945 1684 3011 glus
1722 2945 1942 3001 doctus,
1991 2942 2125 2994 haec
2170 2944 2241 2993 ad
2278 2944 2536 2993 carminis
2571 2949 2649 2996 te-

1563 3031 1746 3066 norem
1779 3018 1834 3064 et
1862 3028 2057 3063 nexum
2082 3013 2162 3062 ita
2178 3013 2489 3064 necessaria
2508 3029 2648 3077 esse,

1562 3090 1650 3149 ut,
1713 3085 1822 3135 illis
1882 3083 2141 3144 abiectis,
2208 3082 2419 3148 reliqua
2470 3083 2651 3134 forent

1564 3171 1759 3206 manca
1793 3169 1894 3203 nec
1940 3152 2044 3202 sibi
2088 3152 2228 3203 bene
2280 3153 2649 3204 cohaerentia.

1564 3227 1648 3276 Tu
1684 3224 1795 3274 vid.
1834 3222 2274 3288 Payne-Kuight.
2298 3222 2551 3287 Prolegg.
2580 3224 2652 3273 ad

1562 3296 1786 3346 Homer.
1801 3295 1852 3356 §-
1874 3292 2077 3343 XXIV.
2100 3307 2224 3356 pag.
2243 3294 2311 3343 24
2334 3292 2419 3342 ed.
2446 3290 2650 3352 Ruhk„

1562 3362 1817 3415 Nitzsch:
1876 3362 2245 3427 Sagenpoesie
2292 3359 2389 3410 der
2431 3359 2650 3410 Griech.

1564 3449 1692 3498 pag.
1732 3432 1831 3482 105
1867 3445 2019 3495 seqq.
2058 3430 2161 3480 215
2197 3444 2348 3493 seqq.

1634 3530 1777 3596 λέγει
1815 3525 1879 3580 δὲ
1920 3522 1988 3579 τὰ
2025 3525 2164 3579 ἔπεα
2209 3519 2379 3596 οὕτω]
2430 3529 2537 3590 Qui
2572 3544 2655 3579 se-

1566 3607 1806 3666 quuntur
1852 3614 2071 3659 versus,
2120 3602 2341 3648 exstant
2387 3598 2444 3647 in
2492 3597 2652 3650 Iliad.

1566 3670 1662 3732 VI,
1702 3670 1805 3721 ²80
1841 3684 1994 3732 seqq.
2033 3672 2089 3717 et
2117 3684 2151 3717 a
2178 3667 2449 3719 Strabone
2484 3668 2655 3717 citan-

1567 3745 1656 3788 tur
1687 3740 1735 3788 1.
1773 3753 1900 3802 pag.
1933 3738 2002 3788 69
2030 3738 2077 3787 E
2115 3736 2232 3786 sive
2266 3752 2393 3801 pag.
2432 3735 2527 3799 33,
2561 3738 2657 3801 qui

1568 3809 1739 3859 etiam
1772 3804 1946 3871 (XVI.
1983 3822 2109 3873 pag.
2165 3803 2298 3857 1097
2335 3805 2397 3867 C,
2447 3806 2564 3856 sive
2601 3822 2650 3871 p.

1568 3878 1697 3942 756)
1732 3880 1943 3935 monet,
1990 3879 2179 3940 poetas
2213 3873 2446 3926 Sidonem
2481 3876 2655 3940 magis

1569 3962 1730 4012 quam
1763 3946 1948 4011 Tymm
1972 3945 2335 4009 frequentare,
2362 3945 2656 3995 Homerum

1567 4032 1696 4066 vero
1728 4031 1796 4065 ne
1830 4029 2129 4064 memorare
2176 4012 2391 4079 quidem
2430 4015 2654 4079 Tyrum.

1571 4086 1681 4136 Sed
1730 4083 2063 4149 temporibus
2121 4084 2375 4133 Troianis
2419 4085 2658 4134 nondum

1568 4155 1748 4219 Tyrus
1767 4158 1879 4203 tam
1890 4152 2041 4203 clara
2060 4151 2233 4203 fuisse
2245 4152 2478 4213 videtur,
2495 4167 2659 4217 quam

1569 4222 1799 4288 posthac
1832 4226 1919 4273 est
1954 4222 2125 4272 facta.
2172 4221 2296 4271 Vid.
2323 4223 2519 4285 Heyne
2546 4221 2658 4271 Ob—

1570 4306 1749 4342 servv.
1806 4291 1876 4342 ad
1949 4289 2110 4341 Iliad.
2168 4291 2210 4341 l.
2267 4289 2305 4340 l.
2369 4306 2496 4356 pag.
2553 4292 2659 4341 254

1569 4366 1700 4415 tom.
1732 4360 1800 4413 V.
