3109 5092
1148 352 1402 414 GLIO.
1449 354 1500 413 I.
1542 362 1665 417 157.
1712 363 1835 417 158.
1883 362 2005 417 159.

2585 353 2709 415 315

437 529 684 612 χίδῃσι.
752 515 840 612 ἦν
890 521 1017 614 γὰρ
1071 522 1315 599 αὐτόθι
1358 525 1686 618 μαντήϊον
1727 529 1801 598 ἐκ
1847 531 2138 598 παλαιοῦ
2181 529 2575 619 ἱδρυμένον,
2617 533 2711 621 τῷ

423 624 646 708 Ἴωνές
680 654 752 696 τε
797 627 1041 709 πάντες
1072 631 1183 699 καὶ
1223 634 1500 711 Αἰολέες
1542 630 1850 702 ἐώθεσαν
1877 634 2217 720 χρέεσθαι.

435 720 630 810 οὗτός
678 732 817 799 ἐστι
860 737 975 821 τῆς
1007 739 1350 824 Μιλησίης
1390 730 1565 824 ὑπὲρ
1601 734 1969 823 Πανόρμου
2017 738 2302 824 λιμένος.
2377 736 2700 821 Πέμψαν-
2725 749 2841 811 158

2318 626 2355 700 ὃ
2383 630 2459 699 δὲ
2494 635 2707 720 χῶρος

434 862 541 914 τες
583 824 683 904 ὧν
718 838 790 902 oc
824 843 1121 924 Κυμαῖοι
1172 840 1240 917 ἐς
1286 835 1443 919 τούς
1487 844 1869 927 Βραγχίδας
1907 838 2338 927 θεοπρόπους
2382 835 2701 927 εἰρώτεον

435 939 591 1027 περὶ
629 938 991 1027 Πακτύην,
1034 935 1263 1010 ὁκοῖόν
1314 969 1379 1011 τι
1421 944 1765 1023 ποιέοντες
1817 952 2039 1010 θεοῖσι
2094 945 2403 1030 μέλλοιεν
2445 956 2696 1030 χαριεῖ-

432 1052 617 1110 σθαι.
667 1042 1076 1130 ἐπειρωτῶσι
1114 1047 1195 1115 δέ
1223 1066 1347 1132 σφι
1372 1049 1582 1114 ταῦτα
1601 1043 2004 1134 χρηστήριον
2039 1047 2325 1132 ἐγένετο,
2358 1044 2700 1113 ἐκδιδόναι

430 1143 756 1232 Πακτύην
799 1147 1119 1235 Πέρσῃσι.

1222 1153 1448 1218 Ταῦτα
1493 1148 1569 1218 δὲ
1612 1144 1701 1230 ὥς
1743 1145 2230 1235 ἀπενειχθέντα
2286 1145 2587 1237 ἥκουσαν
2637 1152 2707 1216 oc

430 1256 759 1336 Κυμαῖοι,
791 1243 1075 1339 ὁρμέατο
1108 1249 1471 1321 ἐκδιδόναι.
1543 1246 1977 1341 ὁρμεωμένου
2014 1251 2089 1321 δὲ
2124 1247 2334 1339 ταύτῃ
2370 1256 2491 1319 τοῦ
2527 1247 2695 1339 πλή-

428 1362 621 1436 θεος,
664 1348 1112 1440 Ἀριστόδικος
1141 1350 1178 1424 ὁ
1214 1349 1696 1444 Ἡρακλείδεω,
1742 1351 1916 1445 ἀνὴρ
1959 1360 2098 1423 τῶν
2143 1350 2370 1422 ἀστῶν
2413 1351 2546 1422 έών
2582 1351 2695 1423 δό-

428 1480 649 1544 κιμος,
716 1460 866 1543 ἔσχε
916 1453 1007 1545 μὴ
1066 1459 1337 1544 ποιῆσαι
1387 1463 1597 1528 ταῦτα
1653 1451 2037 1546 Κυμαίους,
2088 1453 2428 1527 ἀπιστέων
2484 1483 2557 1526 τε
2604 1461 2700 1549 τῷ

425 1562 731 1651 χρησμῷ,
775 1560 887 1627 καὶ
915 1560 1174 1630 δοκέων
1206 1559 1362 1644 τούς
1400 1561 1830 1651 θεοπρόπους
1860 1557 1945 1630 ού
1980 1563 2207 1647 λέγειν
2244 1556 2589 1647 ἀληθέως·
2632 1561 2699 1639 ἐς

425 1657 496 1745 ὃ,
560 1659 637 1730 τὸ
688 1664 1010 1751 δεύτερον
1061 1666 1215 1753 περὶ
1256 1665 1588 1734 Πακτύεω
1640 1665 2179 1753 ἐπειρησόμενοι,
2241 1659 2452 1752 ᾔεσαν
2497 1660 2688 1732 ἄλλοι

429 1762 829 1853 θεοπρόποι,
858 1770 994 1835 τῶν
1024 1769 1135 1836 καὶ
1163 1765 1612 1859 Ἀριστόδικος
1637 1760 1742 1858 ἦν.
1782 1765 2237 1855 Ἀπικομένων
2269 1765 2345 1833 δὲ
2373 1767 2439 1845 ἐς
2463 1774 2687 1852 Βραγ-
2714 1775 2832 1835 159

422 1873 651 1954 χίδας,
705 1870 1244 1959 ἐχρηστηριάζετο
1294 1874 1370 1941 ἐκ
1419 1871 1694 1942 πάντων
1730 1869 2210 1959 Ἀριστόδικος,
2274 1870 2695 1956 έπειρωτέων

420 1969 582 2039 τάδε
602 1992 617 2006 ·
663 1961 878 2059 ὦναξ,
916 1964 1088 2061 ἦλθε
1119 1972 1268 2064 παρ’
1310 1972 1514 2066 ἡμέας
1546 1978 1767 2062 ἱκέτης
1801 1972 2119 2062 Πακτύης
2157 1967 2194 2042 ὁ
2223 1967 2485 2054 Λυδὸς,
2517 1969 2689 2059 φεύ-

419 2100 564 2160 γων
608 2074 914 2146 θάνατον
961 2083 1188 2165 βίαιον
1233 2076 1399 2168 πρὸς
1450 2082 1808 2166 Περσέων·
1875 2081 1946 2145 οί
1978 2078 2062 2145 δέ
2098 2103 2218 2163 μιν
2265 2076 2690 2158 ἐξαιτέονται,

418 2183 727 2265 προεῖναι
778 2187 1127 2267 Κυμαίους
1171 2181 1564 2261 κελεύοντες
1585 2202 1601 2217 ·
1670 2176 1861 2268 ἡμεῖς
1917 2178 1995 2248 δὲ
2055 2183 2515 2267 δειμαίνοντες
2551 2174 2695 2265 ,τὴν

415 2376 562 2435 θεὸν
612 2375 832 2448 nis-qaum
873 2379 975 2438 τὸν
1022 2378 1084 2439 ἐν
1128 2388 1498 2456 Βραγχίδῃσι]

419 2450 741 2520 συμβουλῆς
797 2452 927 2521 πέρι
973 2464 1084 2510 est:
1141 2462 1277 2525 quod
1323 2463 1502 2512 attinet

413 2526 487 2577 ad
520 2526 770 2576 concilim
801 2529 928 2589 ipsis
960 2527 1057 2578 hac
1100 2530 1164 2580 de
1208 2547 1268 2581 re
1297 2534 1497 2594 capien-

413 2598 542 2676 efum.
580 2588 902 2661 -·ἀνῷσαι
946 2613 1045 2662 pro
1096 2598 1223 2649 olim
1270 2600 1495 2666 vulgato

409 2665 601 2715 ανοῐσι
638 2665 883 2716 dedimus
920 2682 1042 2718 cum
1068 2674 1297 2720 recentt.
1332 2662 1494 2721 ‘edita

410 2734 739 2786 Bredovium
758 2736 804 2784 si
827 2738 1103 2802 sequimur
1123 2755 1176 2803 p.
1199 2740 1320 2801 341,
1344 2755 1495 2804 repo-

410 2803 645 2855 nendum
668 2796 916 2856 ἀνοῖσαι.
970 2808 1325 2859 Locutionem
1340 2800 1495 2873 (ἀνα-

410 2874 609 2936 φέρειν
632 2870 718 2930 εἴς
751 2889 899 2937 τινα,
924 2877 1000 2927 ad
1028 2880 1240 2944 aliquem
1263 2880 1491 2941 referre)

411 2944 651 2995 illustrat
678 2943 1090 3008 Valckenarius,
1131 2948 1374 3013 exemplo
1398 2949 1491 2999 ad-

412 3014 594 3079 posito
636 3014 764 3076 VII,
820 3015 938 3067 140.
980 3040 1049 3054 —-
1095 3019 1180 3068 De
1230 3019 1491 3070 Branchi-

409 3085 493 3134 dis
529 3084 793 3133 monitum
828 3089 913 3134 est
947 3085 1018 3135 ad
1052 3088 1098 3150 Ι,
1135 3088 1223 3139 46.
1264 3090 1351 3139 92.
1407 3090 1491 3139 De

408 3156 653 3204 Ponormo
691 3153 837 3203 conf.
871 3153 1075 3205 Soldan
1105 3158 1162 3206 in
1187 3157 1488 3209 comment.

406 3239 541 3273 rerr.
579 3221 786 3273 Miless.
819 3239 948 3287 pag.
976 3227 1063 3276 41.
1136 3227 1313 3290 Viam,
1349 3243 1490 3293 quae

406 3292 532 3343 inde
556 3293 625 3342 ad
652 3293 1078 3345 Branchidarum
1101 3296 1357 3362 templum
1395 3297 1490 3347 du-

406 3363 595 3425 cebat,
659 3362 860 3412 statuis
918 3365 1173 3430 utrinque
1232 3367 1487 3430 cinctam,

405 3448 633 3497 quarum
678 3430 943 3497 reliquiae
992 3436 1257 3499 quaedam
1306 3452 1490 3500 super-

406 3506 555 3564 sunt,
606 3505 794 3551 nostra
843 3507 1028 3554 aetate
1063 3505 1333 3555 detectam
1368 3521 1490 3556 nar-

402 3577 546 3642 rant.
620 3570 704 3620 cf.
747 3571 1104 3638 Archaeolog.
1142 3575 1281 3626 Zeit.
1330 3574 1484 3627 1850.

406 3657 485 3691 nr.
511 3641 594 3693 13.
616 3641 757 3692 Ross
772 3657 786 3689 t
804 3641 1122 3694 Kleinasien
1140 3659 1195 3694 u.
1215 3645 1487 3696 Deutsch-

400 3709 532 3760 land
580 3728 635 3776 p.
680 3709 796 3761 132.
840 3711 956 3763 150.
993 3743 1064 3753 —-
1097 3712 1368 3777 χρέεσθαι
1407 3731 1488 3764 re-

398 3779 561 3845 liqui,
597 3797 632 3831 a
655 3780 937 3831 Dietschio
971 3798 1038 3832 ex
1058 3783 1312 3833 Brcdovii
1334 3799 1488 3848 prae-

404 3855 562 3914 cepto
589 3866 644 3917 p.
682 3848 785 3901 380
820 3855 1088 3902 mutatum
1120 3853 1177 3902 in
1213 3851 1484 3918 χρᾶσθαι.

727 4019 861 4072 ΟΑΡ.
896 4021 1149 4074 CLVIII.

430 4114 505 4177 ’ἐς
524 4112 658 4179 τοὺς
672 4120 1008 4189 Βραγχίδας]
1029 4125 1329 4176 Articulum
1348 4117 1482 4183 τούς

399 4190 520 4241 eiici
554 4190 673 4241 vult
714 4193 914 4255 Cobet3
954 4195 1050 4245 sed
1080 4196 1192 4246 vid.
1232 4200 1374 4247 nott.
1411 4195 1481 4245 ad

394 4260 441 4321 I,
478 4261 565 4312 92.
596 4291 669 4302 —-
700 4263 766 4312 In
800 4279 952 4329 seqq.
984 4280 1080 4330 pro
1117 4255 1478 4326 ἐπειρωτῶσι,

393 4329 541 4393 quod
573 4346 759 4381 omnes
786 4333 1053 4397 praebent
1075 4332 1216 4394 libri,
1244 4333 1477 4384 BredoV.

389 4414 444 4465 p.
481 4399 604 4452 287.
642 4415 764 4452 cum
806 4402 1101 4454 Sohaefero
1137 4404 1327 4467 reponi
1360 4402 1481 4453 vult

1602 2383 2029 2453 ἔπειρωτέουσι,
2078 2387 2328 2452 idemque
2368 2388 2533 2436 etiam
2567 2401 2691 2436 mox

1602 2452 1859 2578 ὥομέαέἔ
1880 2473 1978 2537 ¹³¹9
2003 2451 2392 2575 “iffss‘ssz‘ss‘}
2409 2456 2688 2574 “453³ssss

1598 2530 1898 2650 eliiril’doctti
1927 2540 2248 2659 ogi-‘aegpto
2301 2591 2395 2656 (cf.
2446 2541 2536 2659 {1⁶11
2558 2593 2686 2657 381)

1599 2668 1752 2720 dedit
1786 2665 2015 2716 Dietsch
2060 2679 2159 2728 pro
2202 2661 2352 2727 vulg.
2404 2653 2682 2726 ὁρμεωμέ-

1598 2754 1823 2872 νοὲσχε
1860 2794 1949 2868 μὴ
1985 2797 2222 2864 ποιῆσαι
2247 2796 2427 2849 ταῦτα
2457 2798 2678 2864 Κυμαί-

1598 2875 1720 2942 ους]
1761 2876 1797 2927 i.
1838 2891 1887 2926 e.
1923 2872 2146 2933 retinuiss
2174 2869 2416 2934 cohibuit,
2463 2887 2527 2922 ne
2560 2869 2688 2920 haec

1590 2950 1843 3011 facerent.
1915 2944 2000 2993 De
2034 2944 2309 2991 structura
2345 2940 2491 2994 conf.
2515 2939 2602 2990 -ad
2638 2941 2684 3003 1,

1598 3019 1726 3069 155:
1777 3006 1985 3065 ἄπειπε
2023 3040 2096 3051 -
2128 3001 2205 3074 μὴ
2258 2999 2536 3074 ἐκτῆσθαι
2570 3009 2685 3060 lau-

1594 3087 1723 3137 data
1760 3089 1815 3136 et
1849 3083 2075 3135 Kiihner
2111 3080 2205 3132 Gr.
2244 3078 2338 3131 Gr.
2377 3084 2429 3144 §-
2467 3081 2588 3144 717,
2628 3083 2680 3130 2.

1956 3255 2089 3304 ΟΑΡ.
2128 3252 2320 3304 CLIX.

1662 3359 1927 3423 προεῖναι
1972 3354 2268 3421 Κυμαίους
2323 3345 2677 3417 κελεύοντες]

1591 3431 1638 3480 Ε
1674 3429 1817 3478 binis
1854 3427 2009 3477 libris
2046 3440 2168 3475 cum
2200 3423 2473 3476 Gaisford.
2507 3426 2682 3472 muta-

1592 3500 1771 3549 vimus
1795 3496 2078 3561 vulgarem
2108 3493 2378 3543 ordinem:
2415 3482 2678 3540 κελεύον-

1591 3583 1682 3625 τες
1733 3562 2048 3628 Κυμαίους.
2134 3562 2317 3612 Verba
2366 3560 2675 3626 sequentia:

1587 3629 1750 3702 ἡμεῖς
1771 3629 1835 3685 δὲ
1870 3631 2260 3697 δειμαίνοντες
2283 3645 2335 3679 κ.
2371 3646 2417 3679 τ.
2449 3628 2496 3679 λ.
2532 3630 2681 3693 equi·

1591 3707 1713 3757 dem
1731 3706 1812 3756 sic
1827 3705 2173 3767 interpretor:
2195 3714 2334 3763 „nos
2348 3714 2477 3749 vero
2494 3713 2679 3763 quam-

1589 3776 1675 3826 vis
1723 3775 1975 3824 timentes
2010 3773 2301 3822 Persarum
2352 3769 2675 3833 potentiam,

1589 3845 1736 3896 haud
1759 3849 1941 3893 tamen
1965 3840 2319 3890 sustinuimus
2345 3838 2524 3888 adhuc
2548 3853 2677 3902 sup-

1588 3914 1782 3980 plicem
1819 3913 2038 3963 tradere
2072 3910 2213 3972 illis,
2254 3913 2545 3974 antequam
2579 3911 2677 3958 tua

1588 3985 1748 4035 nobis
1785 3987 1935 4033 certo
1974 3980 2253 4031 declarata
2282 3979 2358 4029 sit
2381 3978 2674 4038 sententia,

1585 4059 1768 4104 utrum
1831 4052 1990 4104 nobis
2037 4048 2344 4101 faciendum
2403 4048 2535 4098 sit.“
2609 4042 2675 4096 τὸ

1584 4115 1701 4174 ἀπὸ
1738 4120 1836 4172 σεῦ
1873 4122 1989 4172 sive
2024 4113 2088 4170 τὸ
2124 4112 2256 4182 σὸν,
2292 4119 2351 4168 id
2375 4118 2512 4182 quod
2550 4133 2585 4166 a
2625 4124 2675 4166 te

1581 4195 1847 4259 provenit,
1891 4193 2142 4242 sententia
2177 4197 2292 4246 tua,
2339 4186 2673 4237 illustratum

1587 4279 1622 4314 a
1665 4262 1933 4314 Matthiae
1975 4261 2069 4312 Gr.
2121 4259 2217 4310 Gr.
2266 4261 2317 4319 §-
2368 4256 2490 4307 573.
2542 4270 2670 4320 pag.

1589 4332 1742 4384 1130.
1841 4329 1999 4381 Gonf.
2061 4328 2198 4388 VII,
2267 4326 2386 4376 101.
2445 4325 2551 4385 ΙΧ,
2618 4325 2669 4373 7.

1583 4400 1867 4466 ποιέωμεν
1881 4396 2262 4452 coniunctivae
2283 4393 2671 4446 deliberativas
