3109 5092
497 350 622 410 478
1367 345 1901 408 HERODOTI

499 519 663 593 οῦδὲ
701 525 837 591 πᾶν
876 518 951 592 τὸ
998 518 1189 609 ῦδωρ
1230 518 1305 590 τὸ
1357 516 1660 588 ἐπέτειον
1714 512 2023 589 ἑκάστοτε
2077 516 2599 608 ἀποπέμπεσθαι
2652 523 2775 586 τοῦ

503 633 760 695 Νείλου
786 619 822 693 ὁ
849 622 1064 714 ἥλιος,
1093 621 1262 692 ἀλλὰ
1292 626 1404 692 καὶ
1431 617 1924 692 ὑπολείπεσθαι
1957 624 2110 711 περὶ
2143 623 2416 692 ἑωυτόν.
2473 627 2771 711 πρηϋνο·

501 728 711 816 μένου
755 729 830 796 δὲ
868 733 989 798 τοῦ
1029 733 1354 818 χειμῶνος
1392 724 1745 815 ἀπέρχεται
1772 723 1809 795 ὁ
1837 723 2022 815 ἥλιος
2058 723 2124 805 ές
2166 725 2373 814 μέσον
2415 724 2537 795 τὸν
2565 722 2770 812 οὐρα-

503 831 628 902 νόν
655 827 870 901 ὀπίσω
890 854 904 868 ·
937 833 1051 900 καὶ
1077 830 1152 898 τὸ
1181 827 1508 899 ἐνθεῦτεν
1535 827 1666 918 ἤδη
1694 824 1939 917 ὁμοίως
1975 826 2107 898 ἀπὸ
2137 829 2413 898 πάντων
2440 832 2619 897 ἕλκει
2650 851 2772 895 πο-

502 939 752 1023 ταμῶν.
787 934 953 1014 τέως
981 933 1057 1002 δὲ
1084 938 1154 1003 οἱ
1174 933 1320 1021 μὲν,
1351 930 1638 1022 ὀμβρίου
1664 927 1910 1011 ῦδατος
1939 931 2488 1020 συμμισγομένου
2521 933 2777 1000 πολλοῦ

500 1035 785 1122 αὐτοῖσι,
814 1035 928 1106 ἅτε
955 1032 1245 1124 ὑομένης
1268 1063 1340 1104 τε
1366 1042 1482 1123 τῆς
1510 1034 1732 1124 χώρης
1758 1037 1870 1103 καὶ
1897 1035 2519 1124 κεχαραδρωμένης,
2548 1033 2777 1121 ῥέουσι

500 1140 778 1229 μεγάλοι
798 1163 812 1176 ·
857 1145 980 1208 τοῦ
1009 1139 1084 1208 δὲ
1113 1139 1387 1228 θέρεος,
1415 1143 1555 1206 τῶν
1590 1166 1659 1207 τε
1687 1135 1962 1228 ὄμβρων
1990 1136 2478 1207 ἐπιλειπόντων
2507 1133 2774 1218 αὐτοὺς,

503 1245 615 1312 καὶ
651 1238 785 1310 ὑπὸ
815 1248 936 1311 τοῦ
963 1236 1165 1329 ἡλίου
1208 1242 1588 1330 ἑλκόμενοι,
1630 1238 1954 1321 ἀσθενέες
1995 1247 2143 1310 εἰσί.
2196 1237 2232 1310 ὁ
2264 1241 2340 1311 δὲ
2369 1249 2616 1319 Νεῖλος
2643 1235 2778 1308 ἔων

505 1344 861 1433 ἄνομβρος,
892 1344 1245 1433 ἑλκόμενος
1271 1345 1346 1414 δὲ
1374 1340 1507 1414 ὑπὸ
1527 1349 1648 1412 τοῦ
1675 1340 1889 1433 ἡλίου,
1920 1351 2169 1433 μοῦνος
2196 1349 2513 1433 ποταμῶν
2537 1348 2779 1411 τοῦτον

505 1446 623 1516 τὸν
658 1447 904 1535 χρόνον
943 1448 1219 1526 οἰκότως
1259 1445 1459 1526 αὐτὸς
1500 1449 1756 1517 ἑωυτοῦ
1798 1448 1935 1537 ῥέει
1965 1451 2189 1539 πολλῷ
2228 1438 2779 1531 ὑποδεέστεροςῆ

507 1556 627 1620 τοῦ
659 1550 898 1639 θέρεος
917 1573 930 1586 ·
961 1551 1110 1621 τότε
1136 1548 1262 1638 μὲν
1288 1548 1416 1639 γὰρ
1446 1548 1614 1638 μετὰ
1642 1550 1914 1621 πάντων
1940 1556 2079 1618 τῶν
2106 1546 2378 1619 ὑδάτων
2409 1560 2559 1619 ἴσον
2586 1551 2776 1621 ἕλκε-

509 1681 638 1739 ται,
664 1652 783 1722 τόν
810 1655 885 1722 δὲ
915 1658 1209 1742 χειμῶνα
1238 1659 1486 1741 μοῦνος
1513 1653 1823 1736 πιέζεται.
1881 1650 2058 1721 οῦτω
2085 1650 2208 1722 τὸν
2234 1648 2427 1740 ἥλιον
2454 1652 2780 1739 νενόμικα

371 1843 376 1850 .
414 1763 495 1824 26
510 1757 770 1826 τούτων
797 1766 1016 1826 αἴτιον
1043 1755 1237 1826 εἶναι.
1293 1766 1521 1835 Αἷτιος
1549 1757 1623 1825 δὲ
1655 1751 1865 1836 ὡυτὸς
1891 1745 2116 1840 οὗτος,
2162 1753 2330 1823 κατὰ
2354 1753 2634 1843 γνώμην
2659 1752 2784 1842 τὴν

513 1858 701 1949 ἐμὴν,
729 1862 838 1928 καὶ
867 1858 988 1929 τὸν
1017 1857 1179 1949 ἠέρα
1207 1857 1409 1948 ξηρὸν
1433 1856 1550 1928 τὸν
1576 1858 1785 1947 ταύτῃ
1819 1858 2026 1942 εἶναι,
2061 1863 2390 1927 διακαίων
2416 1855 2541 1945 τὴν
2565 1856 2779 1937 διέξο-

511 2041 615 2090 que
664 2025 785 2076 loeo
835 2027 1081 2106 sequitur
1124 2026 1375 2091 Dietseh)
1428 2031 1600 2076 muta-

515 2101 628 2143 tum
665 2096 720 2145 in
757 2086 1004 2158 ἐπέτεον,
1043 2101 1103 2146 ut
1141 2096 1214 2157 11,
1253 2099 1340 2145 92.
1391 2101 1398 2108 '

581 2155 719 2211 ἀλλὰ
745 2159 840 2212 καὶ
861 2133 1273 2213 ὑπολείπεσθαι
1299 2158 1428 2227 περὶ
1463 2154 1599 2212 ἕωυ-

515 2224 635 2297 τόν]
682 2233 961 2282 Pntabant
1007 2233 1179 2292 enim,
1234 2247 1403 2297 aquas
1455 2233 1599 2281 eirca

518 2300 685 2350 solem
718 2299 974 2366 relinqui,
1014 2301 1104 2365 qui
1137 2270 1245 2349 il'lis
1276 2309 1331 2350 et
1367 2300 1604 2351 aleretur

518 2374 574 2419 et
595 2371 752 2434 quasi
777 2375 1107 2435 pasceretur.
1171 2370 1258 2420 Ita
1293 2375 1437 2420 certe
1462 2370 1603 2420 Stoi-

516 2455 610 2489 cos
647 2439 969 2502 tradidisse,
1019 2444 1171 2504 patet
1215 2455 1280 2488 ex
1316 2438 1598 2489 Plutarch.

516 2509 595 2558 11.
634 2525 686 2573 p.
726 2508 829 2558 229
864 2510 929 2559 A.
970 2509 1032 2559 B.
1068 2514 1123 2558 et
1157 2508 1332 2559 Cicer.
1370 2508 1438 2558 de
1484 2512 1599 2557 nat.

518 2577 693 2628 deorr.
746 2578 822 2639 11,
874 2578 958 2628 15.
1030 2577 1137 2627 Sed
1184 2577 1417 2643 explosit
1464 2578 1602 2627 hanc

518 2648 845 2698 sententiam
864 2647 1188 2697 Aristoteles
1213 2645 1495 2696 Meteorol.
1523 2647 1601 2695 11.

519 2720 571 2766 2.
612 2733 666 2782 p.
715 2717 811 2767 551
849 2717 915 2766 E.
990 2717 1075 2766 Tu
1114 2717 1258 2766 conf.
1304 2716 1468 2766 etiam
1504 2717 1606 2765 Le-

521 2793 713 2835 tronne
751 2784 789 2834 l.
829 2784 865 2833 l.
1001 2785 1094 2834 131
1135 2801 1231 2850 seq

589 2851 726 2910 τέως
760 2847 824 2902 δὲ
852 2800 1060 2915 offusa!
1093 2869 1145 2902 κ.
1182 2868 1229 2902 τ.
1269 2851 1343 2918 λ.]
1380 2855 1465 2903 Ex
1499 2853 1609 2901 He-

523 2921 702 2971 rodoti
721 2922 992 2971 sententia
1018 2921 1098 2970 sol
1121 2937 1217 2987 per
1239 2922 1484 2984 hiemem,
1515 2921 1608 2971 nbi

522 2990 782 3039 remotior
831 3005 865 3039 a
905 2990 1127 3054 reliquis
1171 2990 1329 3040 terris
1377 3006 1611 3040 eommo-

525 3067 679 3108 ratur
713 3059 770 3107 in
801 3058 1169 3122 superioribus
1201 3059 1513 3124 regionibus
1548 3058 1609 3122 (i.

527 3144 575 3177 e.
611 3128 789 3192 magis
830 3125 1203 3191 australibus),
1242 3143 1271 3177 e
1315 3128 1494 3177 fluviis
1531 3144 1611 3177 re-

527 3196 796 3260 liquarum
834 3200 1098 3245 terrarum
1130 3196 1204 3244 nil
1240 3209 1412 3261 aquae
1438 3200 1610 3246 attra-

532 3266 658 3316 here
691 3270 875 3331 potest
908 3279 1081 3329 usque
1117 3263 1187 3314 ad
1222 3266 1450 3315 aestatis
1479 3270 1612 3315 tern-

533 3350 661 3399 pus,
698 3349 805 3406 qnp
842 3349 907 3383 ex
942 3334 1049 3383 illis
1082 3332 1219 3383 loeis
1246 3335 1612 3399 superioribus

533 3404 633 3467 (ed
670 3418 812 3468 quse
847 3403 1051 3467 frigore
1090 3403 1339 3468 repulsus
1380 3404 1518 3469 erat)
1556 3405 1614 3452 in

533 3473 768 3523 modium
800 3472 1010 3522 eoelum
1045 3472 1186 3521 redit
1223 3487 1291 3522 ac
1331 3472 1614 3522 fluviorum

534 3556 758 3606 aquam,
805 3542 961 3591 euius
1008 3545 1217 3606 partem
1265 3557 1409 3592 nuno
1449 3541 1517 3592 ad
1556 3557 1615 3591 se

537 3610 729 3672 trehit,
767 3610 1055 3659 imminuit.
1094 3640 1165 3649 --
1199 3601 1355 3674 χώρη
1382 3624 1616 3674 κεχαρα-

535 3676 795 3762 δρωμένη
831 3695 865 3728 a
901 3678 1201 3744 Schweigh.
1228 3680 1514 3742 exponitur
1536 3695 1621 3729 re-

532 3750 617 3810 {15⁰
638 3749 942 3798 torrentibus
964 3755 1235 3806 excavata,
1260 3751 1321 3796 nt
1341 3747 1469 3810 VII,
1499 3747 1618 3797 176.

604 3813 721 3864 τῶν
750 3830 807 3864 τε
830 3805 1060 3879 ὄμβρων
1087 3783 1493 3864 ἐπιλειπόντων
1515 3806 1619 3863 αὖ-

536 3875 694 3946 τους]
731 3885 769 3933 i.
818 3898 867 3935 e.
905 3884 1106 3947 quando
1142 3886 1356 3946 pluviae
1378 3900 1463 3934 eos
1499 3885 1620 3944 (fln-

538 3952 657 4000 vios
681 3952 800 4001 seil.
805 3950 825 4014 )
856 3951 1102 4014 defle-iamt,
1129 3966 1175 4002 s.
1202 3960 1421 4002 cessant.
1461 3952 1618 4001 Oonf.

539 4019 752 4068 Werl'er
787 4020 844 4067 in
886 4020 1038 4070 Aett.
1076 4020 1226 4083 phill.
1272 4020 1521 4070 Menace.
1570 4021 1617 4083 1,

543 4087 590 4135 1.
632 4102 685 4148 p.
724 4087 810 4136 86.
850 4087 919 4136 In
941 4102 1094 4152 seqq.
1133 4087 1328 4152 reliqui
1357 4057 1617 4169 οίκότως,

539 4159 599 4204 ut
634 4154 711 4209 11.
746 4156 832 4214 22,
864 4155 958 4204 nbi
989 4155 1100 4205 vid.
1173 4156 1258 4206 Ad
1287 4157 1481 4207 verba:

535 4214 635 4278 τὸς
669 4190 882 4271 ἑωυτοῦ
917 4253 989 4263 —
1026 4214 1437 4290 ὑποδεέστερος
1467 4173 1615 4276 eonvf.

536 4290 735 4342 Matth.
771 4291 866 4341 Gr.
907 4291 999 4341 Gr.
1037 4306 1091 4356 p.
1130 4293 1253 4342 848.

602 4352 703 4409 τὸν
731 4353 802 4408 δὲ
825 4373 1077 4424 χειμωνα
1109 4358 1326 4424 μοῦνος
1351 4357 1614 4423 πιέζεται]

1701 2027 1805 2076 Per
1849 2026 2076 2076 hiemem
2127 2025 2277 2075 solus
2323 2025 2560 2074 omniurn
2596 2023 2787 2074 fluvio·

1701 2112 1821 2145 rum
1866 2095 2024 2145 Nilus
2076 2095 2133 2156 (a
2182 2094 2319 2158 sole)
2373 2095 2633 2158 premitur
2677 2107 2787 2142 ms-

1704 2180 1973 2231 gnemqne
2007 2178 2270 2228 aquarum
2304 2163 2431 2213 inde
2465 2163 2669 2214 emittit
2699 2179 2789 2211 oo·

1703 2235 1879 2298 piam,
1918 2249 2078 2299 qnam
2105 2232 2187 2283 sol
2221 2232 2291 2283 ed
2325 2248 2386 2282 se
2409 2233 2658 2294 attrahit,
2696 2230 2788 2296 qui

1704 2304 1922 2367 frigoris
1965 2317 2133 2352 cause
2177 2302 2236 2351 in
2270 2301 2436 2352 hasce
2469 2302 2661 2368 plagas
2697 2315 2791 2350 au-

1705 2372 1902 2422 strales
1938 2386 2219 2436 regressus
2268 2370 2379 2420 illic
2418 2372 2669 2421 subsistit
2696 2370 2790 2419 Ni·

1702 2442 1864 2506 loque
1899 2441 2058 2506 quasi
2097 2441 2388 2503 incumbit,
2430 2440 2525 2490 sed
2559 2439 2789 2491 aestatis

1704 2517 1945 2575 tempore
1963 2511 2021 2559 in
2043 2509 2275 2559 medium
2297 2510 2505 2560 eoelum
2529 2509 2655 2560 hine
2670 2523 2792 2574 pro·

1705 2594 1926 2644 gressus
1975 2594 2083 2629 non
2134 2578 2367 2644 amplius
2419 2595 2450 2629 e
2495 2578 2621 2628 Nilo
2672 2576 2789 2629 solo

1708 2663 1879 2713 aquae
1914 2648 2125 2712 copiam
2164 2648 2431 2709 adsumit,
2482 2663 2667 2698 verum
2705 2661 2793 2696 se-

1707 2733 1813 2782 quo
1840 2717 1999 2767 modo
2029 2733 2095 2766 ex
2123 2718 2372 2767 omnibus
2399 2718 2609 2778 fluviis3
2647 2715 2792 2766 unde

1708 2791 2131 2837 consentaneum
2165 2791 2275 2848 est,

1711 2870 1889 2921 aquae
1909 2856 2119 2920 copiam
2139 2856 2386 2905 amittere
2406 2856 2636 2905 aestatis
2657 2861 2794 2904 tem-

1710 2941 1869 2989 pore,
1911 2939 2072 2990 quem
2110 2924 2319 2987 hiemis,
2358 2924 2592 2989 indeque
2628 2926 2794 2974 etism

1713 2996 1966 3044 maiorem
1992 2994 2165 3059 ipsum
2198 2993 2364 3044 fluere
2385 2996 2596 3043 aestivo
2633 3007 2796 3058 quam

1709 3063 1935 3114 hiberno
1954 3067 2214 3126 tempore.
2285 3062 2555 3113 Herodoti
2583 3067 2798 3112 senten-

1714 3132 1847 3181 tiam
1880 3131 2176 3182 Plutarcho
2224 3146 2440 3196 quoque
2477 3147 2797 3182 commemo·

1713 3204 1887 3250 ratam
1927 3201 1994 3250 de
2028 3199 2226 3250 Plaeit.
2253 3200 2560 3265 philosoph.
2599 3201 2694 3262 IV,
2736 3200 2789 3250 1.

1712 3285 1764 3334 p.
1803 3270 1907 3320 898
1941 3269 1989 3319 A
2022 3269 2260 3319 refutare
2291 3275 2520 3320 conatus
2558 3273 2643 3320 est
2668 3270 2798 3318 Dio·

1712 3337 1878 3389 dorus
1914 3338 2130 3389 Siculus
2169 3338 2215 3401 1,
2251 3338 2337 3389 38.

2064 3509 2196 3560 Cn.
2232 3509 2437 3560 XXVI.

1789 3607 1980 3667 Αἴτιος
2038 3604 2103 3659 δὲ
2155 3600 2337 3671 ὡυτὸς
2393 3597 2563 3668 οὗτος
2598 3639 2669 3650 -
2700 3603 2799 3658 καὶ

1720 3671 1827 3727 τὸν
1852 3670 2019 3757 ἠέρα
2038 3671 2220 3743 ξηρὸν
2260 3673 2365 3729 τὸν
2411 3671 2586 3758 ταύτῃ
2625 3670 2797 3743 εἶναι]

1723 3737 1906 3803 ὡυτὸς
1949 3734 2149 3828 οὗτος,
2199 3764 2280 3799 se.
2330 3739 2360 3798 ὁ
2408 3736 2586 3813 ἥλιος.
2658 3749 2801 3798 Anne
2866 3769 2879 3782 ·

1719 3815 1889 3865 verbe
1923 3807 2024 3863 τὸν
2060 3784 2200 3880 ἠέρα
2236 3847 2307 3856 —-
2340 3809 2518 3877 εἶναι,
2534 3822 2695 3879 'qnae
2731 3816 2801 3865 ab

1719 3880 1902 3939 αἴτιος
1925 3884 2178 3948 pendent,
2204 3901 2313 3935 non
2332 3884 2636 3935 addendum
2662 3881 2801 3944 τοῦ,

1718 3966 1904 4002 verum
1941 3957 2119 4002 mente
2148 3953 2588 4020 intelligendum,
2630 3958 2692 4002 nt
2727 3952 2804 4014 ΙΙ,

1720 4021 1807 4070 20.
1878 4020 2045 4071 Plura
2079 4021 2221 4072 hano
2251 4023 2309 4071 in
2344 4038 2455 4072 rem
2487 4021 2647 4071 affert
2684 4021 2807 4071 Sin-

1718 4089 1879 4205 }enis.
1918 4089 1988 4138 sd
2034 4089 2311 4141 Plutarch.
2356 4089 2707 4141 Themistoel.
2731 4089 2803 4154 'p.

1753 4158 1823 4207 40
1858 4173 1970 4222 seq.

1788 4222 2067 4275 διακαίων
2122 4219 2230 4291 τὴν
2292 4219 2562 4288 διέξοδον
2624 4219 2807 4293 αὐτῷ]

1719 4285 1875 4360 αὐτῷ
1914 4293 2174 4359 plurimos
2221 4295 2390 4346 libros
2440 4301 2660 4347 secutus
2697 4296 2811 4345 edi·

1722 4361 1803 4413 dit
1831 4345 2202 4425 Gaisfordius3
2241 4363 2409 4429 vulgo
2436 4355 2634 4429 αὐτοῦ,
2663 4364 2811 4430 qnod

2314 2786 2495 2837 Nilum
2534 2788 2793 2836 minorem
2842 2825 2882 2835 -.
