3109 5092
1099 363 1607 426 EUTERPE.
1651 364 1739 424 11.
1790 369 1911 426 146.

2513 359 2636 424 763

367 538 536 609 κατὰ
579 538 924 609 εἰνακόσια
972 543 1157 623 ἔτεα,
1210 539 1393 628 Πανὶ
1440 537 1514 607 δὲ
1561 541 1656 629 τῷ
1696 539 1769 606 ἐκ
1799 534 2200 625 Πηνελόπης
2241 539 2267 614 (
2281 538 2354 605 ἐκ
2394 533 2639 623 ταύτης

365 642 492 734 γὰρ
519 645 634 712 καὶ
662 638 912 732 Ἑρμέω
940 644 1202 729 λέγεται
1229 643 1553 729 γενέσθαι
1581 636 1715 710 ὑπὸ
1727 636 2064 729 Ἑλλήνων
2090 634 2126 707 ὁ
2150 635 2333 722 Πὰν)
2378 637 2635 708 ἐλάσσω

363 746 515 816 ἔτεά
556 750 695 817 ἐστι
738 752 876 815 τῶν
917 749 1273 835 Τρωτκῶν,
1324 742 1493 814 κατὰ
1533 743 1616 814 τὰ
1661 742 2021 815 ὀκτακόσια
2061 741 2345 832 μάλιστα
2385 744 2452 823 ἐς
2499 744 2632 830 ἐμέ.

372 850 645 921 Τούτων
676 841 776 919 ὦν
800 846 1203 939 ἀμφοτέρων
1230 848 1508 938 πάρεστι
1537 854 1829 938 χρᾶσθαι
1857 853 2038 917 τοῖσί
2056 874 2156 926 τις
2183 852 2483 915 πείσεται
2520 854 2629 915 λε·
2654 850 2775 914 146

431 1013 586 1068 Πανὶ
621 1012 686 1068 δὲ
727 1015 806 1084 τῷ
848 1007 910 1066 ἐκ
946 1008 1280 1081 Πενελόπης
1310 1032 1362 1066 κ.
1399 1031 1448 1066 τ.

361 1086 432 1154 λ.]
471 1090 628 1140 Pana
663 1087 920 1138 Mercurii
950 1092 1116 1153 atque
1140 1084 1449 1152 Penelopae

359 1157 526 1207 filium
565 1162 829 1208 memorat
873 1156 988 1207 Cic.
1025 1157 1094 1208 de
1129 1157 1260 1207 Nat.
1300 1157 1446 1207 deor.

359 1228 469 1290 111,
507 1229 595 1291 22,
631 1227 726 1277 ubi
766 1226 992 1278 aliorum
1028 1226 1345 1279 testimonia
1367 1231 1449 1276 at-

358 1296 602 1348 tulerunt
627 1296 888 1347 Davisius
926 1301 1093 1361 atque
1127 1296 1445 1347 Creuzerus.

358 1368 444 1417 Tu
479 1366 591 1417 vid.
628 1367 872 1431 inprimis
908 1366 1141 1416 Luciani
1175 1365 1354 1417 locum
1389 1365 1446 1415 in

358 1436 579 1501 Dialog.
631 1435 777 1487 deor.
815 1436 997 1487 XXII.
1048 1450 1176 1501 pag.
1216 1436 1284 1487 76
1322 1434 1443 1500 Bip.

357 1506 539 1571 ibique
588 1505 963 1556 Hemsterhus.
1019 1521 1145 1571 pag.
1188 1504 1290 1558 319
1327 1520 1443 1570 seq.

360 1580 414 1626 et
450 1590 589 1640 quae
626 1574 691 1624 de
725 1574 829 1624 1100
849 1579 1169 1640 argumento
1203 1574 1445 1639 disputa·

357 1645 438 1694 vit
478 1645 775 1695 Creuzerus
810 1643 900 1694 in:
952 1643 1196 1710 Symbol.
1239 1644 1350 1695 111.
1386 1660 1442 1710 p.

358 1715 459 1765 502
498 1720 553 1765 et
587 1714 684 1777 IV,
721 1729 849 1778 pag.
879 1714 946 1764 62
972 1729 1121 1779 seqq.
1162 1713 1286 1765 coll.
1313 1729 1439 1779 pag.

357 1785 418 1834 21
463 1799 615 1850 seqq.
664 1799 731 1834 ac
766 1784 941 1834 Marc.
989 1784 1170 1848 Motty
1216 1785 1274 1833 ih
1319 1784 1443 1833 Dis-

358 1857 548 1904 sertat.
587 1853 653 1902 de
671 1854 862 1904 Fauno
898 1857 953 1903 et
974 1854 1169 1903 Fauna
1189 1857 1297 1904 etc.
1323 1850 1446 1918 (Be-

355 1922 515 1974 rolin.
539 1923 718 1988 1840.)
748 1937 875 1987 pag.
900 1922 965 1974 16
985 1938 1137 1989 seqq.
1194 1923 1296 1973 Est
1314 1938 1443 1973 vero

353 1991 443 2041 hic
493 1992 844 2057 cogitandum
892 1991 958 2041 de
1003 1993 1179 2054 Pane,
1231 1991 1444 2057 qualem

356 2061 718 2112 iudicavimus
754 2060 910 2111 deum
959 2061 1016 2110 in
1051 2065 1167 2112 not.
1213 2062 1283 2112 ad
1334 2062 1445 2112 He-

354 2130 471 2180 rod.
495 2131 572 2193 11,
612 2131 698 2192 46,
735 2133 901 2196 atque
927 2131 994 2181 de
1017 2131 1276 2181 Mer-eurio
1298 2131 1442 2198 Itlty-

348 2200 596 2263 galbanico,
636 2200 703 2251 de
742 2215 849 2266 quo
882 2200 1114 2251 diximus
1146 2200 1217 2251 ad
1253 2201 1327 2262 11,
1352 2203 1439 2252 51.

350 2269 676 2334 Penelopam
705 2274 887 2320 autem
907 2270 1130 2320 tradunt
1154 2270 1439 2336 virginem,

356 2343 647 2412 antequam
691 2339 843 2391 Ulixi
886 2341 1159 2405 nupserit,
1210 2341 1439 2404 magicis

350 2401 561 2460 artibus
611 2425 644 2460 a
681 2409 950 2460 Mercurio
1004 2415 1218 2474 captam
1267 2414 1322 2459 et
1368 2410 1438 2460 ab

353 2478 568 2541 eodem,
608 2479 697 2544 qui
726 2480 858 2530 hirci
888 2479 1122 2545 speciem
1154 2480 1439 2529 assumsis-

354 2553 466 2610 set,
512 2563 877 2614 compressam
912 2549 1102 2600 fuisse.
1173 2548 1285 2599 Ubi
1335 2551 1437 2600 Pe·

350 2616 541 2682 nelope
578 2634 700 2668 eum
735 2618 849 2669 fere
898 2618 1077 2669 locum
1125 2622 1311 2669 tenere
1356 2620 1437 2669 vi-

351 2686 537 2749 detur,
586 2703 744 2753 quem
789 2689 846 2737 in
885 2687 1076 2738 similis
1125 2691 1435 2752 argumenti

353 2755 553 2806 fabulis
592 2760 647 2807 et
693 2757 966 2821 Pasiphae
1015 2761 1070 2809 et
1106 2759 1433 2822 Proserpina

352 2825 600 2890 adeoque
633 2826 755 2890 ipsa
781 2826 994 2876 Helena
1029 2832 1215 2878 tenere
1247 2827 1435 2879 dicun-

350 2898 456 2945 tur.
529 2894 670 2945 Nolo
695 2911 839 2946 nunc
861 2895 1018 2960 plura
1041 2897 1257 2962 afferre,
1294 2913 1434 2964 quae

352 2979 382 3013 0
416 2963 669 3016 Creuzeri
708 2964 848 3016 libro
894 2964 933 3018 l.
967 2965 1004 3017 l.
1045 2968 1304 3034 cognosci
1343 2984 1436 3035 po-

349 3037 553 3085 terunt.

691 3207 822 3258 CAP.
861 3207 1103 3260 CXLVI.

423 3302 663 3359 Τούτων
694 3297 777 3360 ὧν
820 3301 1163 3375 ἀμφοτέρων
1198 3302 1434 3375 πάρεστι

347 3391 398 3426 κ.
437 3393 483 3429 τ.
515 3377 588 3444 1.]
628 3380 667 3430 i.
705 3395 751 3429 e.
791 3380 884 3429 Ex
929 3381 1125 3428 duabus
1160 3382 1312 3445 iyitur
1353 3380 1432 3430 Me

344 3448 643 3511 rationibus,
683 3463 813 3512 quae
841 3450 1089 3508 (limentur,
1122 3452 1299 3513 cuique
1323 3452 1437 3500 lieet

345 3518 421 3566 uti
450 3531 541 3579 ea,
577 3532 707 3582 quae
732 3520 837 3581 ipsi
860 3518 1178 3580 probabilior·
1207 3519 1434 3578 videtum

344 3600 454 3634 mea
478 3586 544 3635 de
569 3584 648 3634 Itis
664 3601 795 3651 qnae
817 3594 949 3636 essee
966 3591 1233 3649 sententia,
1265 3587 1433 3635 deela-

345 3656 476 3714 ravi,
517 3669 686 3719 supra
722 3655 841 3707 scil.
865 3655 940 3718 11,
963 3654 1031 3707 43
1061 3671 1233 3721 seqq„
1260 3658 1323 3704 ut
1347 3671 1429 3718 ea,

345 3738 483 3789 quae
501 3724 553 3774 h.
573 3723 610 3777 l.
642 3728 958 3790 sequuntur,
996 3724 1065 3774 ad
1090 3725 1230 3776 hanc
1257 3725 1431 3789 ipsam

343 3795 671 3844 sententiam
727 3794 815 3845 vel
866 3795 1044 3860 magis
1095 3792 1430 3860 probandam

342 3863 755 3930 augendamque
772 3865 992 3915 adiecta
1011 3864 1325 3923 videantur3
1342 3879 1431 3914 ne-

341 3947 446 3995 que
483 3933 711 3983 multum
747 3934 874 3984 inde
910 3933 1160 3984 recedere
1193 3900 1428 3996 credam,

339 4000 483 4065 quod
518 4002 928 4067 Naegelsbach,
963 4003 1054 4068 qui
1077 4003 1220 4054 hunc
1254 4007 1427 4054 totum

336 4067 515 4119 locum
548 4074 812 4123 tractavit
844 4074 899 4122 in
935 4072 1162 4126 Jahrbb.
1203 4072 1258 4123 d.
1299 4072 1424 4122 Phi-

335 4137 499 4202 lolog.
532 4139 832 4222 Suppl.1.1
865 4156 920 4206 p.
949 4142 1019 4193 69
1056 4157 1191 4220 seq„
1225 4142 1420 4193 verba·

335 4198 459 4270 ἐμοὶ
494 4198 555 4255 δ’
594 4224 678 4258 ων
714 4200 750 4274 ἡ
787 4206 918 4270 περὶ
953 4201 1145 4260 αὐτῶν
1163 4211 1272 4291 (ita
1297 4226 1421 4262 cum

333 4280 561 4327 recentt.
609 4277 731 4329 edd.
794 4279 988 4345 scripsi
1036 4296 1131 4345 pro
1176 4270 1418 4346 αὐτέων)

332 4337 526 4410 γνῶμη
556 4340 934 4398 ἀποδέδεκται
956 4349 1037 4400 sic
1056 4349 1235 4414 potius
1264 4349 1419 4400 reddi

330 4414 476 4465 vult:
522 4416 638 4468 milei
668 4420 862 4490 qm‘dem
901 4419 1024 4490 quid
1057 4419 1122 4472 de
1152 4418 1231 4470 Itis
1266 4419 1418 4470 rebus

1549 1024 1792 1078 statuam,
1832 1018 2150 1080 explorarem:
2186 1022 2290 1072 est,
2338 1029 2424 1065 res
2466 1014 2634 1065 iciens

1549 1085 1622 1136 ad
1647 1086 1914 1138 Herodot.
1945 1085 2041 1148 IV,
2075 1084 2173 1137 132
2200 1073 2348 1147 αὕτη
2380 1098 2419 1148 μ
2451 1099 2485 1133 ν
2516 1083 2631 1133 Δα-

1550 1153 1684 1223 ρείῳ
1725 1147 1762 1221 ἡ
1812 1147 2008 1221 γνώμη
2028 1122 2413 1205 ἀπεδέδεκτο·
2468 1153 2632 1220 quod,

1548 1240 1767 1277 sensum
1798 1226 1845 1275 si
1881 1226 2217 1292 quaerimus,
2263 1224 2358 1273 vix
2405 1223 2633 1276 multum

1551 1293 1733 1345 differt
1768 1295 1836 1345 ab
1863 1310 1956 1358 00,
1995 1293 2141 1359 quod
2169 1294 2411 1345 eiusdem
2437 1295 2633 1374 capitis

1547 1364 1706 1415 initio
1744 1364 1945 1430 legitur
1981 1362 2231 1428 Δαρείου
2263 1391 2332 1401 -
2356 1354 2392 1429 ἡ
2436 1356 2631 1429 γνώμη

1547 1424 1651 1499 ἦν;
1674 1434 1743 1485 ad
1761 1449 1919 1517 quem
1933 1433 2109 1484 locum
2124 1433 2262 1484 alios
2274 1434 2463 1485 Nostri
2481 1434 2632 1486 locos

1548 1504 1741 1569 attuli,
1776 1505 1834 1553 in
1862 1504 2059 1571 quibus
2088 1503 2225 1554 haec
2249 1502 2454 1555 locutio
2486 1505 2635 1555 inve·

1547 1575 1722 1636 nitur,
1778 1588 1940 1640 quam
1986 1573 2210 1624 eandem
2260 1575 2426 1624 etiam
2469 1575 2634 1656 attigi

1548 1644 1619 1694 ad
1653 1644 1729 1706 ΙΙ,
1765 1645 1852 1694 24.
1875 1672 1943 1683 -
1967 1643 2252 1694 Genitivus
2276 1635 2494 1693 τούτων
2530 1636 2633 1708 ἆμ-

1546 1709 1808 1778 ‹port—‘cmv
1858 1712 2060 1778 pendet
2104 1728 2139 1763 a
2182 1713 2330 1761 τοῖσι
2375 1740 2444 1750 -
2477 1712 2632 1779 λεγο-

1544 1775 1792 1846 μένοισις
1818 1783 2021 1833 Noster
2042 1779 2223 1832 ταῦτα
2238 1773 2533 1847 ἀμφότερα
2555 1784 2632 1834 111-

1548 1851 1752 1917 telligit
1795 1857 2083 1917 utramque
2137 1849 2287 1902 illam
2344 1853 2630 1918 rationem,

1548 1937 1657 1988 qua
1692 1922 1822 1972 deos
1860 1922 2099 1973 Graecos
2147 1936 2213 1971 ex
2247 1921 2498 1988 Aegypto
2535 1893 2632 1974 adf-

1546 1995 1737 2041 vectos
1770 2005 1891 2041 esse
1926 1990 2023 2041 alii
2044 1990 2388 2054 statuebant,
2424 1993 2521 2043 alii
2542 2008 2634 2044 ne-

1546 2062 1772 2126 gabant.
1845 2060 1971 2111 vid.
2028 2075 2193 2125 supra
2238 2060 2314 2123 11,
2360 2061 2428 2114 43
2477 2077 2629 2129 seqq.

1545 2130 1814 2181 Herodoti
1843 2131 2017 2195 ipsius
2055 2145 2174 2181 eam
2206 2131 2377 2182 fuisse
2416 2137 2631 2183 senten-

1544 2201 1677 2249 tiam
1716 2200 2064 2251 manifestum
2102 2205 2215 2262 est,
2262 2204 2325 2251 ut
2364 2203 2630 2268 antiquis-

1544 2271 1670 2319 simi
1720 2270 1925 2320 fuerint
1976 2270 2368 2336 Aegyptiorum
2419 2272 2521 2334 dii,
2571 2273 2626 2322 in

1543 2340 1831 2391 Graeciam
1866 2340 2152 2404 postmodo
2191 2340 2387 2405 delati,
2431 2343 2524 2392 ubi
2562 2358 2627 2393 eo

1538 2410 1661 2473 ipso
1698 2413 1940 2476 tempore
1972 2411 2091 2461 nati
2118 2410 2445 2477 nominaque
2476 2427 2630 2463 acce-

1540 2480 1689 2544 pisse
1726 2481 2090 2544 putabantur,
2130 2496 2237 2546 quo
2276 2497 2342 2532 ex
2378 2482 2626 2547 Aegypto

1541 2549 1696 2600 allati
1732 2550 1953 2600 suerint.
2025 2551 2216 2616 Neque
2249 2549 2407 2601 aliter
2426 2552 2539 2602 sere
2560 2552 2626 2604 de

1538 2618 1643 2669 hoc
1683 2618 1805 2669 1000
1851 2621 2113 2670 statuisse
2158 2618 2316 2669 video
2368 2620 2628 2687 Naegels-

1539 2687 1792 2738 bachium
1828 2688 1867 2738 l.
1914 2686 1954 2740 l.
1961 2689 2104 2754 ,qui
2139 2691 2287 2738 recte
2323 2690 2454 2739 mihi
2500 2705 2625 2741 con·

1537 2757 1763 2809 tendere
1796 2757 2037 2820 videtur,
2087 2772 2311 2807 nervum
2347 2773 2627 2825 argumen-

1538 2828 1768 2877 tationis
1798 2795 2147 2878 Herodo‘teae
2181 2841 2301 2876 eum
2338 2843 2477 2890 esse,
2525 2834 2625 2892 „ut

1535 2896 1787 2948 Herculis
1833 2896 1998 2963 lon'ge
2043 2896 2207 2947 aliam
2245 2901 2410 2964 atque
2453 2899 2623 2951 Panis

1538 2982 1605 3018 ac
1639 2966 1876 3032 Dionysi
1923 2966 2289 3018 conditionem
2337 2983 2458 3019 esse
2498 2985 2626 3020 eon-

1534 3036 1757 3106 tendat,
1794 3052 1971 3103 neque
1997 3038 2299 3103 Dionysum
2333 3042 2389 3089 et
2422 3040 2624 3091 Panem

1536 3108 1594 3156 in
1631 3107 1871 3158 eiusdem
1898 3107 2154 3158 fortuma
2179 3107 2498 3159 societatem
2533 3109 2626 3161 ad-

1536 3178 1732 3242 iungat
1752 3177 1998 3242 Herculi,
2026 3178 2121 3228 sed
2145 3177 2288 3228 1111110
2311 3177 2463 3228 illis
2447 3195 2503 3229 ιιι
2520 3180 2625 3232 hac

1537 3247 1754 3312 quidem
1765 3247 2200 3298 conformatione
2215 3250 2520 3300 sententiae
2536 3265 2628 3313 op-

1535 3317 1768 3380 ponat.“
1826 3316 2023 3382 Itaque
2063 3312 2161 3365 καὶ
2207 3304 2369 3366 οὗτοι
2417 3318 2487 3368 ad
2522 3321 2627 3368 Pa·

1535 3397 1658 3436 nem
1695 3402 1764 3436 ac
1797 3385 2103 3451 Dionysum
2141 3390 2290 3435 recte
2311 3386 2516 3448 retulit,
2553 3386 2625 3437 ad

1537 3469 1675 3519 quos
1700 3453 1918 3505 eosdem
1940 3456 2105 3505 etiam
2125 3455 2362 3518 pertinet
2380 3449 2475 3503 καὶ
2497 3446 2627 3504 τού-

1533 3536 1671 3580 τους
1708 3524 1763 3572 111
1798 3537 1973 3588 εο(1(1.,
2011 3523 2104 3588 (1111
2142 3521 2303 3572 11(10111
2332 3538 2454 3573 011111
2490 3525 2625 3602 1101·-

1533 3591 1653 3641 01110
1698 3597 2099 3654 componuntur
2142 3591 2324 3641 verbis
2375 3584 2625 3657 κατάπερ

1531 3686 1603 3696 —-
1638 3656 1735 3709 καὶ
1774 3656 1848 3722 δὴ
1885 3656 2003 3723 καὶ,
2042 3662 2483 3725 quemadmodum.
2508 3665 2623 3714 ‚ita

1533 3731 1717 3788 etiam,·
1753 3730 1900 3780 unde
1928 3729 2066 3779 baec
2095 3730 2267 3779 totius
2301 3729 2408 3782 loci
2445 3732 2625 3782 nasci-

1532 3803 1623 3849 tur
1660 3799 1961 3850 sententia.
2015 3801 2227 3861 „etenim
2269 3801 2318 3850 si
2359 3802 2495 3852 clari
2527 3818 2623 3853 ex-

1526 3871 1775 3919 stitissent
1809 3877 1962 3936 atque
1998 3870 2379 3921 consensissent
2409 3875 2555 3922 etiam
2575 3872 2630 3926 hi

1528 3940 1582 3988 in
1615 3938 1862 4001 Graecia,
1899 3942 2121 3990 nimirmn
2156 3947 2211 3989 ut
2246 3938 2495 3991 Hercules
2532 3939 2623 4005 (de

1531 4022 1639 4073 quo
1660 4022 1825 4073 supra
1848 4007 1924 4070 Π,
1962 4007 2032 4060 43
2055 4006 2209 4073 dixi),
2239 4011 2312 4059 ita
2333 4013 2478 4061 etiam
2498 4012 2620 4061 Βίο-

1525 4092 1685 4141 nysus
1722 4084 1772 4128 et
1802 4078 1919 4128 Pan
1933 4095 1952 4128 .·
1989 4077 2213 4128 dixisset
2245 4082 2506 4143 quispiam,
2541 4084 2621 4132 vel

1521 4146 1613 4196 Ιιοε
1662 4149 1803 4210 ipsos
1819 4184 1832 4211 ,
1881 4148 1982 4197 viri
2018 4162 2125 4198 cum
2163 4150 2506 4206 exstitissent,
2555 4154 2617 4201 ic-

1522 4218 1681 4266 lorum
1726 4217 1929 4267 deorum
1983 4225 2103 4268 ante
2145 4225 2376 4268 natorum
2421 4223 2618 4270 nomina

1519 4284 1816 4336 kahuasef‘
1874 4286 2010 4338 Cum
2038 4302 2168 4337 vero
2197 4291 2425 4354 uterque
2456 4286 2612 4352 (Dio-

1518 4369 1690 4419 nysus
1738 4370 1805 4406 ae
1854 4354 1993 4420 Pan)
2049 4371 2224 4423 neque
2270 4358 2328 4406 in
2377 4356 2608 4409 Graecia

1518 4424 2608 4494 apparueritnequeeonsenuerit(quem-
