3109 5092
512 352 636 414 342

1378 348 1919 411 HERODOTI

512 529 751 608 λασσα)
772 547 787 562 ·
815 524 892 596 τὸ
920 517 1019 596 ὦν
1054 524 1141 616 δὴ
1180 523 1413 614 ὀλίγον
1440 527 1640 597 τοῦτο
1657 578 1676 612 ,
1712 524 1825 596 ἐὸν
1867 522 2028 596 ὅσον
2053 551 2127 594 τε
2155 525 2261 594 ἐπὶ
2294 527 2494 594 πέντε
2520 522 2783 611 στάδια,

510 628 823 720 ὤρυσσον
857 635 927 700 οἱ
960 636 1231 700 Κνίδιοι
1247 681 1264 714 ,
1313 634 1388 700 ἐν
1437 627 1574 723 ὅσῳ
1599 628 1937 720 ’Ἅρπαγος
1965 627 2091 717 τὴν
2128 625 2390 715 Ἰωνίην
2429 632 2780 718 κατεστρέ-

509 760 710 822 φετο,
761 732 1164 822 βουλόμενοι
1204 738 1416 821 νῆσον
1452 730 1578 820 τὴν
1615 733 1840 824 χώρην
1880 737 2175 821 ποιῆσαι.
2253 728 2439 812 ἐντὸς
2475 730 2553 800 δὲ
2601 730 2784 801 πᾶσά

507 858 633 925 σφι
671 839 934 924 ἐγένετο
956 859 970 872 ·
1026 841 1109 925 τῇ
1142 833 1270 923 γὰρ
1309 832 1351 924 ἡ
1380 841 1630 923 Κνιδίη
1673 836 1854 926 χώρη
1901 838 1968 914 ἐς
2007 832 2134 923 τὴν
2158 832 2440 924 ἤπειρον
2476 840 2779 927 τελευτᾷ,

505 939 717 1029 ταύτῃ
761 935 797 1009 ὅ
839 939 1080 1027 ἰσθμός
1118 942 1279 1024 ἐστι,
1318 937 1437 1008 τὸν
1473 936 1805 1025 ὤρυσσον.
1869 940 1981 1006 καὶ
2022 936 2106 1026 δὴ
2134 943 2348 1028 πολλῇ
2376 939 2549 1028 χειρὶ
2579 941 2776 1025 ἐργα-

507 1046 806 1131 ζομένων
851 1047 987 1111 τῶν
1036 1046 1378 1126 Κνιδίων,
1434 1047 1693 1130 μᾶλλον
1743 1041 1873 1131 γάρ
1912 1069 1975 1110 τι
2027 1044 2140 1110 καὶ
2180 1039 2536 1129 θειότερον
2578 1044 2775 1129 ἐφαίι-

507 1172 708 1216 νοντο
735 1145 1225 1247 τιτρώσκεσθαι
1266 1149 1336 1212 οἱ
1359 1144 1782 1233 ἐργαζόμενοι
1809 1149 1930 1213 τοῦ
1959 1143 2217 1225 οἰκότος
2254 1143 2335 1213 τά
2362 1172 2432 1213 τε
2461 1139 2629 1213 ἄλλα
2658 1149 2779 1213 τοῦ

510 1246 845 1336 στόματος,
892 1250 1004 1316 καὶ
1046 1246 1329 1335 μάλιστα
1365 1245 1445 1316 τὰ
1484 1250 1639 1336 περὶ
1682 1244 1839 1328 τούς
1880 1244 2314 1337 ὀφθαλμοὺς,
2349 1250 2778 1335 θραυομένης

507 1356 622 1437 τῆς
650 1353 929 1438 πέτρης,
974 1357 1274 1437 ἔπεμπον
1313 1352 1378 1429 ἐς
1404 1349 1723 1440 Δελφοὺς
1748 1335 2177 1438 θεοπρόπους
2219 1353 2868 1439 ἐπειρησομένουςδδ

506 1449 581 1520 τὸ
609 1449 933 1534 ἀντίξοον.
1003 1447 1044 1541 ἡ
1089 1453 1164 1522 δὲ
1190 1459 1428 1540 Πυθίη
1459 1459 1617 1542 σφι,
1663 1449 1753 1534 ὥς
1778 1450 1971 1523 αὐτοὶ
2002 1460 2273 1524 Κνίδιοι
2304 1458 2611 1541 λέγουσι,
2654 1459 2782 1545 χρᾷ

507 1557 582 1623 ἐν
619 1559 943 1648 τριμέτρῳ
986 1554 1160 1649 τόνῳ
1196 1555 1386 1624 τάδε·

906 1693 1153 1782 Ἰσθμὸν
1186 1695 1358 1782 δὲμὴ
1385 1707 1706 1787 πυργοῦτε,
1739 1693 1886 1783 μηδ’
1922 1692 2225 1784 ὀρύσσετε·

924 1797 1071 1879 Ζεὺς
1098 1797 1215 1885 γάρ
1244 1794 1294 1865 κ’
1329 1804 1512 1883 ἔθηκε
1540 1808 1757 1884 νῆσον,
1789 1802 1847 1864 εἴ
1867 1795 1917 1864 κ’
1949 1798 2237 1885 ἐβούλετο.

502 1960 613 2008 mio,
688 1959 775 2008 Tu
809 1957 919 2008 vid.
956 1958 1139 2008 Wass.
1176 1958 1247 2009 ad
1277 1958 1586 2024 Thucydid.

501 2028 663 2090 VIII,
713 2029 777 2079 41
825 2032 881 2077 et
924 2028 1114 2092 Poppo
1163 2027 1234 2078 ad
1279 2028 1586 2093 Thucydid.

501 2096 548 2158 1,
585 2100 635 2148 2.
672 2111 799 2160 pag.
842 2097 963 2146 471.

573 2170 854 2246 ὤρυσσον]
902 2181 958 2230 id
994 2186 1105 2230 est:
1154 2182 1434 2246 perfodere
1473 2196 1588 2230 con-

501 2250 796 2311 stituerunt,
835 2247 929 2299 ubi
964 2250 1021 2298 in
1050 2250 1368 2315 imperfecto
1400 2250 1590 2300 volun-

501 2319 634 2367 tatis
655 2322 820 2383 atque
831 2322 1063 2369 conatus
1077 2319 1405 2384 significatio
1423 2321 1586 2369 inest.

505 2387 660 2438 Conf.
702 2388 748 2450 Ι,
785 2387 854 2438 68
890 2388 1024 2453 ibiq.
1059 2392 1177 2438 not.

572 2463 731 2529 ἐντὸς
764 2465 828 2521 δὲ
862 2467 1018 2522 πᾶσά
1063 2487 1164 2537 σφι
1199 2465 1439 2540 ἐγένετο]
1477 2475 1584 2524 Pro

500 2534 717 2606 ἐγένετο
783 2548 1012 2594 recentt.
1078 2543 1199 2595 edd.
1260 2533 1500 2609 ἐγίνετος
1555 2559 1584 2593 e

498 2611 653 2661 libris
702 2609 835 2660 nihil
895 2613 1209 2664 adnotatur.
1295 2614 1378 2664 Ad
1427 2604 1586 2670 ἐντὸς

498 2681 689 2746 supple
722 2678 829 2730 τοῦ
850 2678 1087 2746 ἰσθμοῦ,
1126 2688 1181 2733 et
1217 2681 1287 2731 ad
1319 2681 1474 2733 πᾶσα
1505 2682 1584 2732 in-

496 2750 681 2815 tellige
736 2742 891 2815 χοόρη
945 2746 981 2817 ἡ
1040 2750 1271 2815 Κνιδίη.
1368 2789 1403 2815 ,,
1421 2751 1585 2801 Omnis

497 2819 782 2869 Cnidiorum
825 2822 948 2870 dicio
996 2823 1135 2871 intra
1188 2821 1408 2871 isthmum
1450 2823 1585 2870 illum

497 2895 613 2937 erat
657 2885 778 2952 (qui
827 2889 950 2941 scil.
1005 2889 1342 2954 peninsulam
1403 2894 1583 2940 terrae

495 2956 796 3006 continenti
830 2957 1145 3023 iungebat),
1180 2961 1255 3007 ica
1289 2967 1343 3008 ut
1380 2958 1450 3008 ibi
1481 2968 1583 3009 ter-

494 3027 795 3084 minaretur,
842 3027 928 3077 ubi
974 3027 1174 3076 isthmus
1211 3029 1297 3076 ille
1342 3035 1582 3092 terraque

494 3094 655 3143 Asiae
689 3096 942 3144 continens
977 3095 1283 3158 indperetf‘
1352 3096 1506 3146 Haec
1532 3097 1578 3145 si

492 3167 707 3223 teneas,
745 3162 837 3210 vix
864 3162 976 3213 ulla
1006 3180 1139 3228 opus
1171 3164 1575 3227 emendation03

492 3246 618 3281 nam
667 3231 914 3281 certatim
974 3233 1078 3283 viri
1141 3233 1290 3282 docti
1334 3236 1391 3283 in
1433 3234 1575 3298 loce,

492 3301 586 3367 qui
604 3300 1052 3365 interpretatione
1072 3301 1447 3365 illustranduS,
1468 3320 1578 3354 non

491 3369 802 3421 coniectura
854 3372 1146 3420 mutandus
1198 3376 1342 3435 erat,
1401 3389 1578 3423 emen-

491 3439 741 3490 dationes
788 3446 1219 3506 proposuerunt,
1259 3443 1330 3490 -in
1378 3444 1575 3507 quibus

489 3509 836 3560 recensendis
874 3526 937 3560 eo
974 3511 1152 3560 minus
1188 3511 1461 3560 immorari
1497 3511 1576 3561 lu-

488 3579 644 3641 beat,
701 3595 807 3645 quo
858 3580 1033 3645 magis
1091 3581 1233 3630 istae
1293 3580 1363 3630 ad
1406 3597 1575 3631 unum

489 3663 672 3699 omnes
688 3664 1062 3714 supervacuae
1073 3650 1385 3701 videantur.
1407 3650 1576 3701 Plura

487 3717 598 3768 vid.
638 3719 695 3768 in
742 3723 883 3770 nott.
934 3719 1312 3782 Valckenarii‚
1357 3720 1575 3770 Wesse-

486 3786 641 3851 lingii
679 3791 734 3837 et
779 3788 1082 3854 Schweigh.
1132 3789 1203 3838 ad
1245 3788 1299 3839 h.
1337 3787 1375 3840 l.
1449 3788 1572 3839 Alia

488 3855 725 3904 tentavit
743 3857 828 3905 vir
845 3857 1038 3908 doctus
1058 3858 1114 3907 in
1133 3857 1401 3908 Classical
1422 3857 1573 3908 Iour-

486 3920 597 3972 nal.
650 3924 835 3988 Suppl.
891 3941 973 3976 nr.
1032 3926 1115 3976 18.
1161 3943 1217 3991 p.
1274 3928 1381 3979 490
1433 3943 1569 3992 seq„

486 3989 582 4040 sed
628 3992 752 4042 vide
800 3992 1027 4045 meliora
1070 3995 1204 4046 ibid.
1252 4012 1335 4048 nr.
1381 3997 1468 4048 20.
1515 4014 1571 4062 p.

485 4058 588 4109 326
624 4074 739 4124 seq.

552 4152 934 4225 ἐργαζομένων
1002 4159 1119 4212 τῶν
1181 4163 1439 4215 Κνιδίων
1500 4199 1572 4208 -

482 4224 760 4294 ἔπεμπον]
800 4231 927 4282 Noli
959 4231 1183 4282 haerere
1220 4234 1279 4283 in
1313 4235 1571 4300 genitivis

482 4298 778 4362 absolutis,
827 4302 920 4366 qui
964 4300 1244 4365 dicuntur,
1286 4319 1409 4354 cum
1446 4307 1571 4356 sub-

480 4370 627 4426 iecta
695 4369 809 4424 sint
870 4370 987 4423 fere
1046 4371 1230 4438 paria3
1294 4388 1421 4423 nam
1489 4375 1569 4426 in-

1691 1958 1777 2007 fra
1822 1957 1889 2018 V,
1935 1959 1995 2008 51
2058 1957 2249 2008 similis
2298 1958 2450 2009 locus
2492 1958 2775 2022 reperitur.

1691 2026 1850 2077 Cous.
1883 2027 2240 2078 Wannowski
2263 2029 2492 2093 Syntax.
2520 2026 2776 2077 anomall.

1690 2096 1915 2147 Graece.
1951 2097 2105 2147 Pars.
2153 2098 2332 2163 (Lips.
2384 2094 2566 2161 1835.)
2607 2112 2663 2161 p.
2707 2096 2771 2148 61

1689 2180 1804 2229 seq.

1759 2231 1972 2297 μᾶλλον
2031 2228 2138 2298 γάρ
2198 2250 2252 2283 τι
2316 2230 2412 2284 καὶ
2473 2226 2778 2301 θειότερον

1688 2291 1999 2372 ἐφαίνοντο
2053 2319 2104 2352 κ.
2155 2318 2202 2352 τ.
2250 2303 2325 2370 L]
2382 2306 2506 2355 Hoc
2563 2321 2779 2382 quoq'ue

1690 2371 1810 2423 loco
1862 2372 2298 2423 enunciationem
2358 2374 2630 2425 causalem
2681 2389 2778 2440 per

1688 2441 2016 2506 particulam
2071 2434 2177 2506 γὰρ
2221 2446 2576 2508 praemissam
2626 2445 2777 2496 inve-

1688 2512 1894 2574 nimus,
1934 2516 1988 2561 et
2026 2526 2174 2575 eam,
2214 2529 2321 2578 qua
2356 2514 2582 2565 effectus
2619 2520 2777 2567 nota·

1688 2585 1777 2630 tur
1799 2574 2079 2645 (ἔπεμπον
2103 2596 2155 2630 κ.
2176 2597 2224 2631 τ.
2254 2582 2345 2647 1.),
2381 2586 2773 2649 postpositam3

1688 2649 1755 2700 de
1791 2666 1897 2715 quo
1935 2650 2167 2700 diximus
2214 2651 2284 2700 ad
2323 2652 2370 2713 I,
2412 2654 2499 2702 24.
2535 2646 2773 2717 τιτρώ-

1689 2731 1805 2768 σκε
1822 2717 1992 2768 σθαι
2028 2720 2131 2770 hoc
2165 2718 2285 2769 loco
2326 2721 2572 2771 omnino:
2610 2724 2770 2786 affici,

1686 2789 1946 2842 laborare.
2032 2789 2123 2839 Sic
2169 2786 2390 2853 τραῦμα
2443 2793 2617 2841 vulnus
2673 2808 2770 2857 pro

1676 2862 1867 2923 playa,
1906 2858 2054 2910 clade
2089 2874 2251 2922 supra
2279 2859 2326 2921 Ι,
2364 2857 2447 2908 18.
2522 2860 2637 2910 Nec
2671 2862 2773 2911 ali-

1685 2943 1788 2977 ena
1837 2932 1990 2990 suut,
2045 2942 2185 2991 quae
2230 2927 2300 2978 ad
2348 2927 2628 2979 Plutarch.
2682 2931 2772 2981 Al-

1684 2995 1883 3046 cibiad.
1904 3011 2033 3060 pag.
2052 2997 2154 3046 215
2182 2997 2370 3048 citavi.
2392 3028 2462 3039 ·—
2481 2995 2586 3046 τοῦ
2616 2992 2768 3049 οἶκό-

1680 3079 1779 3122 τος
1837 3079 1960 3115 cum
2001 3068 2387 3129 comparativis
2436 3071 2770 3133 praegressis

1682 3135 2040 3199 iungendum:
2097 3140 2255 3201 mayis
2312 3153 2456 3201 quam
2510 3147 2773 3190 consenta-

1679 3220 1820 3253 neam
1853 3213 1985 3254 erat.

1748 3267 2119 3336 θραυομένης
2175 3269 2278 3336 τῆς
2334 3270 2565 3339 πέτρης]
2624 3277 2662 3326 i.
2718 3292 2767 3327 e.

1680 3343 1847 3403 „dum
1868 3342 1923 3391 id
1947 3343 2122 3406 ipsum
2151 3357 2367 3403 saxum,
2405 3357 2510 3407 quo
2535 3344 2766 3396 isthmus

1679 3412 1990 3473 constabat,
2026 3426 2241 3475 quoque
2266 3416 2446 3462 terrae
2466 3414 2768 3464 continenti

1679 3480 1867 3531 iuncta
1916 3485 2034 3530 erat
2081 3479 2369 3544 peninsula
2412 3480 2508 3531 illa
2551 3497 2596 3533 s.
2637 3483 2766 3533 Cni-

1679 3549 1891 3600 diorum
1938 3549 2102 3610 ditio,
2154 3550 2599 3615 perfringebatur
2643 3553 2768 3604 Cni-

1677 3619 1888 3669 diorum
1936 3619 2246 3670 manibus.“
2281 3651 2353 3659 -—
2384 3611 2448 3668 τὸ
2493 3611 2767 3682 ἀντίξοον

1676 3694 1762 3737 est
1805 3688 1883 3748 id,
1934 3688 2071 3753 quod
2111 3690 2239 3751 ipsis
2291 3690 2682 3750 adversaretur,
2732 3707 2768 3742 a

1677 3772 1782 3821 quo
1800 3757 2009 3807 latente
2026 3756 2219 3824 (ipsos)
2245 3762 2405 3808 tanta
2424 3759 2567 3809 mala
2583 3758 2763 3825 (ipsis)

1675 3826 2052 3891 infligerentur
2083 3842 2219 3891 opus
2265 3828 2612 3880 facientibus.
2666 3821 2764 3878 ἀν-

1677 3892 1890 3957 τίξοος,
1928 3898 2239 3950 contrarius.
2276 3897 2621 3961 adversarius,
2659 3899 2767 3948 fre-

1677 3979 1848 4028 quens
1873 3965 2103 4014 Nostro:
2142 3964 2187 4027 1,
2224 3964 2344 4016 218.
2381 3967 2478 4027 IV,
2507 3965 2630 4018 129.
2666 3968 2764 4029 VI,

1677 4034 1728 4083 7.
1777 4033 1903 4094 VII,
1951 4034 2037 4084 49.
2090 4033 2210 4085 150.
2272 4034 2390 4086 192.
2438 4036 2593 4098 VIII,
2640 4037 2761 4087 119.

1674 4102 1780 4151 Pro
1837 4101 1986 4167 vulg.
2043 4091 2516 4168 ἐπερησομένους
2567 4106 2764 4169 scripsi

1674 4159 1742 4220 ἐπ
1754 4185 1778 4220 ε
1792 4187 1811 4219 ι
1827 4169 2208 4236 ρησομένους,
2255 4174 2476 4224 iubente
2507 4174 2760 4225 Dindorf.

1671 4241 1915 4292 Praefat.
1950 4257 2005 4305 p.
2043 4242 2294 4292 XXXVI.
2340 4247 2396 4293 et
2429 4243 2665 4294 Bredov.
2703 4260 2759 4309 p.

1673 4308 1795 4361 147.
1830 4340 1901 4351 ·-
1934 4309 2018 4359 Ad
2054 4310 2221 4360 verba
2253 4301 2280 4360 ἐ
2292 4326 2326 4360 ν
2359 4309 2632 4380 τριμέτρῳ
2670 4306 2762 4362 τό-

1671 4394 1751 4446 νῳ
1789 4378 1938 4431 conf.
1974 4383 2117 4432 nott.
2154 4379 2226 4430 ad
2255 4380 2303 4444 1,
2337 4382 2426 4431 47.
