3109 5092
394 254 520 319 472

1256 244 1802 310 HERODOTI

394 433 579 509 τίους
605 423 944 516 πληθύειν
981 420 1102 494 τὸν
1131 418 1469 511 ποταμὸν,
1503 417 1888 499 κωλύοντας
1929 421 1995 498 ἐς
2032 417 2389 488 θάλασσαν
2419 418 2679 507 ἐκρέειν

397 530 517 601 τὸν
548 537 823 601 Νεῖλον.
883 526 1202 607 πολλάκις
1241 526 1312 595 δὲ
1355 527 1611 649 ἐτησίαι
1655 523 1780 613 μὲν
1814 519 1940 593 οὐκ
1984 513 2081 592 ὦν
2121 528 2496 608 ἔπνευσαν,
2534 516 2571 590 ὁ
2602 522 2678 590 δὲ

401 641 647 713 Νεῖλος
672 629 890 702 τώυτὸ
927 631 1285 720 ἐργάζεται.
1342 627 1508 718 πρὸς
1546 628 1645 714 δὲ,
1676 632 1738 696 εἰ
1763 627 2019 714 ἐτησίαι
2044 636 2246 695 αἴτιοι
2282 615 2479 713 ἦσαν,
2506 630 2676 714 χρῆν

399 738 513 807 καὶ
554 734 710 816 τούς
748 732 994 814 ἄλλους
1028 730 1367 822 ποταμοὺς
1388 783 1406 818 ,
1447 728 1593 801 ὅσοι
1631 735 1804 801 τοῖσι
1846 732 2143 816 ἐτησίῃσι
2171 725 2387 798 άντίοι
2425 730 2674 817 ῥέουσι,

397 836 641 929 ὁμοίως
663 836 943 925 πάσχειν
968 834 1265 907 καὶκατὰ
1281 832 1490 905 ταύτὰ
1506 840 1601 928 τῷ
1609 841 1832 926 Νείλῳ
1851 855 1866 868 ·
1900 835 2012 902 καὶ
2031 837 2288 920 μᾶλλον
2311 838 2408 901 ἔτι
2435 832 2672 901 τοσού-

398 970 514 1035 τῳ,
533 939 667 1034 ὅσῳ
693 940 1047 1021 ἐλάσσονες
1077 941 1320 1023 ἐόντες,
1339 936 1795 1028 ἀσθενέστερα
1822 935 1903 1006 τὰ
1934 935 2232 1026 ῥεύματα
2252 938 2675 1024 παρέχονται.

401 1046 530 1115 εἰσὶ
558 1045 634 1114 δὲ
662 1046 898 1114 πολλοὶ
923 1044 1049 1132 μὲν
1072 1046 1146 1112 ἐν
1171 1049 1252 1134 τῇ
1280 1048 1503 1131 Συρίῃ
1534 1042 1839 1129 ποταμοὶ,
1869 1041 2105 1109 πολλοὶ
2133 1039 2208 1108 δὲ
2232 1041 2305 1107 ἐν
2326 1044 2411 1126 τῇ
2430 1037 2675 1127 Λιβύῃ,

303 1155 472 1217 21οἲ
496 1145 702 1217 οὐδὲν
732 1152 996 1216 τοιοῦτο
1037 1146 1402 1233 πάσχουσι,
1446 1140 1594 1214 οἷόν
1631 1171 1694 1212 τι
1735 1145 1846 1213 καὶ
1880 1139 1916 1213 ὁ
1948 1150 2211 1222 Νεῖλος.
2260 1137 2348 1210 Ἡ
2379 1139 2445 1210 δ’
2489 1144 2676 1229 ἑτέρη

398 1248 1088 1338 ἀνεπιστημονεστέρη
1128 1250 1255 1338 μέν
1300 1250 1436 1316 ἐστι
1476 1252 1594 1336 τῆς
1634 1250 2066 1335 λελεγμένης,
2104 1243 2280 1337 λόγῳ
2322 1244 2397 1313 δὲ
2436 1249 2676 1331 εἰπεῖν,

398 1447 489 1514 21)
539 1447 814 1498 addictum
867 1447 1037 1498 fuisse
1090 1447 1184 1498 alii
1242 1445 1484 1498 tradant.

398 1518 544 1569 Hinc
568 1517 708 1567 idem
733 1515 944 1567 dulcem
964 1517 1077 1567 fere
1093 1517 1357 1567 Atlantici
1375 1532 1487 1565 ma-

399 1588 474 1637 ris
509 1602 628 1637 esse
663 1602 862 1651 aquarn
910 1591 965 1636 et
1001 1586 1203 1637 similes
1244 1587 1360 1636 eius
1395 1586 1487 1635 be·

331 1695 344 1706 .
397 1656 518 1706 luas
543 1655 798 1706 Niloticis
828 1659 1116 1706 statuerat.
1166 1655 1392 1706 Cautius
1421 1654 1485 1703 de

401 1725 587 1776 etesiis
612 1725 993 1790 pronuntiarat
1011 1725 1272 1775 Chrestus
1291 1724 1488 1774 Roma-

398 1810 530 1857 nus,
577 1799 638 1844 ut
683 1793 795 1844 illic
842 1793 1074 1859 legimus
1121 1810 1173 1859 p.
1221 1793 1342 1845 266.
1428 1794 1486 1843 Si

396 1878 526 1913 vero
563 1878 885 1928 quaeramus
907 1901 920 1926 ,
971 1863 1098 1929 quid
1136 1863 1215 1913 rei
1251 1864 1354 1924 sit,
1391 1863 1487 1911 mi-

397 1933 541 1982 nime
575 1932 791 1997 quidem
817 1931 948 1982 solis
981 1933 1170 1982 etesiis
1204 1931 1346 1982 effici
1371 1947 1491 1997 per-

397 2017 617 2051 suasum
654 2002 934 2064 habemus,
973 2007 1035 2051 ut
1057 2001 1216 2052 Nilus
1245 2005 1484 2062 crescat;

397 2069 644 2120 nonnihil
696 2076 877 2120 tamen
926 2069 1142 2120 easdem
1192 2070 1371 2119 facere
1417 2071 1487 2120 ad

398 2138 512 2189 Nili
535 2140 926 2189 incrementum
953 2139 1313 2188 observarunt
1334 2154 1488 2204 pere-

399 2209 704 2274 grinatores
743 2207 1090 2259 recentiores.
1156 2209 1322 2257 Venti
1345 2208 1489 2258 enim

400 2277 606 2327 etesiae
652 2292 686 2326 a
734 2277 1102 2340 septentrione
1146 2277 1305 2339 flant,
1362 2276 1489 2326 inde

399 2361 434 2396 a
476 2360 660 2395 mense
711 2345 860 2395 Maio
915 2345 1077 2410 paulo
1133 2350 1260 2396 ante
1303 2345 1488 2396 Nilum

403 2420 801 2465 accrescentem
823 2430 996 2479 usque
1019 2415 1090 2465 ad
1110 2415 1487 2477 Novembrem‚

400 2489 455 2534 et
491 2484 704 2550 quidem
744 2488 851 2534 tam
889 2486 1160 2546 continui,
1213 2489 1276 2535 ut
1313 2501 1380 2535 ne
1410 2483 1489 2534 ul-

355 2601 360 2605 .
397 2554 484 2604 lus
528 2553 668 2604 alius
724 2558 921 2603 ventus
978 2570 1073 2619 per
1124 2554 1229 2604 hoc
1275 2558 1489 2618 tempus

399 2623 710 2673 inveniatur
766 2627 821 2673 et
868 2621 973 2672 hoc
1030 2623 1190 2674 modo
1231 2623 1492 2689 impedia-

399 2698 489 2752 tur
525 2692 667 2743 celer
701 2708 963 2758 aquarum
998 2692 1187 2759 lapsus
1223 2693 1281 2742 in
1321 2708 1486 2756 mare,

400 2762 600 2828 quippe
632 2761 745 2812 Nili
794 2762 948 2812 ostiis
986 2769 1148 2813 vento
1198 2763 1357 2827 quasi
1396 2763 1489 2812 ob-

399 2831 644 2882 structis.
717 2831 801 2880 Tu
838 2830 949 2880 vid.
987 2832 1314 2882 Hartmann.
1353 2832 1490 2883 Erd-

398 2900 612 2950 beschr.
662 2915 715 2948 ν.
754 2898 990 2963 Aegypt.
1039 2917 1093 2965 p.
1130 2899 1358 2952 43-46.
1397 2900 1487 2952 96.

395 2969 463 3021 97
513 2967 636 3017 0011.
687 2967 921 3018 Salmas.
979 2969 1248 3019 Exercitt.
1302 2969 1483 3020 Plinn.

395 3052 451 3102 p.
486 3036 617 3099 304,
668 3036 762 3101 qui
797 3041 1041 3087 veterum
1080 3037 1230 3088 locos
1279 3039 1485 3103 attigit,

395 3106 453 3155 in
493 3105 688 3170 quibus
733 3107 1024 3187 praecipue
1064 3106 1345 3157 Philonem
1392 3122 1487 3156 no-

397 3179 607 3238 tamus,
662 3174 756 3238 qui
794 3174 907 3224 tale
945 3174 1074 3240 quid
1111 3176 1486 3240 pronuntiavit

395 3244 576 3294 invit.
603 3244 743 3294 Mos.
772 3243 820 3295 1.
862 3260 914 3309 p.
941 3244 1135 3296 620A.
1208 3244 1293 3294 Cf.
1322 3245 1486 3295 etiam

395 3313 541 3366 infra
565 3312 661 3374 VI,
691 3313 809 3375 140,
850 3313 946 3363 ubi
979 3315 1133 3364 venti
1160 3315 1367 3365 etesiae
1399 3315 1487 3365 iti-

396 3382 518 3433 dem
577 3389 1104 3446 commemorantur,
1179 3401 1213 3435 a
1273 3389 1489 3448 septen-

394 3452 572 3503 trione
606 3452 951 3530 potissimum
985 3454 1197 3504 flantes.

464 3515 688 3578 αἰτίους
721 3513 1031 3587 πληθύειν]
1071 3524 1153 3574 De
1191 3522 1483 3586 infinitiv0‚

399 3590 490 3655 qui
528 3590 775 3656 sequitur
810 3606 999 3641 vocem
1034 3585 1274 3655 αἰτίους,
1314 3593 1482 3656 conf„

394 3660 441 3709 si
489 3660 633 3710 tanti
680 3666 792 3723 est,
841 3660 1097 3711 Kuehner
1142 3661 1236 3712 Gr.
1290 3661 1383 3711 Gr.
1429 3661 1478 3722 ἐ.

393 3728 825 3791 639,111,ubi
883 3729 972 3780 hic
1033 3730 1184 3780 locus
1241 3728 1481 3781 affertur.

391 3796 565 3846 Paulo
602 3802 727 3862 post
762 3813 884 3848 cum
913 3797 1190 3850 Gaisford.
1228 3800 1483 3863 rescripsi

394 3854 499 3913 οὐκ
521 3880 617 3914 ων
654 3882 751 3930 pro
789 3865 940 3932 vulg.
965 3881 1160 3916 ουκων
1195 3872 1251 3917 et
1284 3868 1342 3918 in
1373 3868 1478 3918 fine

389 3933 586 4011 capitis
625 3933 853 3984 τοιοῦτο
888 3952 985 4017 pro
1023 3931 1307 3985 τοιοῦτον.

457 3999 603 4065 χρῆν
640 3998 736 4051 καὶ
762 3997 897 4060 τοὺς
922 3995 1127 4061 ἄλλους
1158 3996 1476 4086 ποταμοὺς]

386 4071 468 4121 De
505 4070 799 4130 0811331088
838 4073 1141 4136 particulae
1186 4089 1286 4136 αν,
1337 4089 1478 4140 quae

386 4138 553 4189 verbo
588 4137 734 4204 χρῆν
768 4140 872 4190 1180
908 4141 1311 4206 significatione
1346 4143 1477 4194 addi

386 4207 576 4269 debet,
612 4206 704 4258 Cr.
740 4208 931 4260 laudat
955 4210 1231 4263 Schaefer.
1259 4211 1470 4263 Melett.

386 4276 592 4329 critice.
622 4292 675 4345 p.
703 4277 821 4331 130.
854 4279 972 4343 1:31,
1009 4280 1102 4330 ubi
1127 4280 1284 4345 plura
1311 4282 1474 4333 omis-

1590 1462 1685 1497 sae
1736 1445 2042 1513 particulae
2105 1447 2350 1512 exempla
2396 1448 2678 1498 inveniun-

1588 1521 1697 1567 tur.
1782 1515 2049 1567 Subtilius
2096 1516 2151 1565 in
2202 1515 2336 1567 haec
2393 1515 2678 1582 inquisivit

1587 1586 1933 1636 Baeumlein:
1971 1585 2159 1652 Ueber·
2192 1585 2246 1636 d.
2285 1585 2489 1651 griech.
2527 1587 2676 1637 Mod.

1589 1673 1644 1720 p.
1684 1657 1787 1708 140
1817 1671 1968 1720 seqq.
2043 1655 2108 1703 In
2145 1669 2296 1720 seqq.
2337 1672 2366 1705 8
2402 1656 2681 1706 Sancrofti

1591 1725 1730 1776 libro
1774 1741 1896 1775 cum
1935 1726 2163 1774 recentt.
2192 1723 2315 1774 edd.
2349 1725 2544 1808 scripsi
2580 1740 2677 1774 κα-

1589 1784 1659 1843 τὰ
1690 1786 1868 1843 ταύτὰ
1905 1809 2002 1858 pro
2050 1786 2192 1841 κατὰ
2225 1784 2293 1842 τὰ
2335 1785 2510 1858 αὔτα,
2556 1811 2679 1846 cum

1591 1865 1772 1914 crasin
1818 1864 1875 1912 in
1930 1863 2015 1912 his
2068 1867 2384 1914 constanter
2428 1867 2680 1916 observet

1590 1933 1932 1993 Herodotus,
1963 1932 2194 1983 docente
2217 1932 2509 1999 Bredov.p

1590 2002 1740 2052 Idem
1776 2003 1882 2052 feci
1917 1969 2154 2063 ’11‚104.
2194 2002 2316 2052 105.

1659 2066 1768 2121 εἰσὶ
1805 2065 1869 2121 δὲ
1906 2039 2108 2119 πολλοὶ
2157 2063 2261 2134 μὲν
2294 2062 2354 2120 ἐν
2387 2068 2459 2134 τῇ
2492 2069 2678 2136 Συρίη

1590 2136 1839 2204 ποταμοὶ
1882 2156 1935 2188 κ.
1982 2153 2029 2189 τ.
2068 2137 2141 2203 λ.]
2193 2141 2349 2191 Η880
2394 2139 2521 2189 011111
2565 2140 2682 2205 qui-

1590 2210 1821 2260 busdam
1886 2208 2009 2258 ideo
2083 2208 2430 2273 displicuisse
2498 2209 2679 2272 video,

1594 2279 1739 2345 quod
1778 2278 1923 2343 Syrii
1968 2277 2122 2327 fluvii
2160 2294 2270 2328 non
2307 2280 2528 2329 boream
2563 2294 2682 2329 ver-

1594 2364 1686 2399 sus
1724 2363 1873 2398 mare
1909 2348 2142 2410 intrant,
2181 2363 2368 2397 verum
2407 2350 2475 2398 ad
2513 2348 2681 2399 solem

1593 2418 1946 2469 occidentem.
2026 2417 2174 2478 Quos
2226 2433 2358 2468 sane
2394 2418 2537 2483 fugit
2574 2422 2682 2468 ete-

1594 2489 1705 2537 sias
1739 2503 1849 2537 non
1891 2486 2066 2536 minus
2104 2485 2214 2535 dici
2238 2502 2267 2536 e
2294 2487 2680 2552 septentrione,

1593 2573 1754 2623 quam
1804 2555 2088 2606 occidente
2144 2556 2373 2619 flantes,
2429 2563 2682 2608 monente

1589 2627 1701 2681 iam
1720 2625 1962 2675 Diodoro
1998 2625 2044 2687 1,
2070 2624 2157 2678 39.
2211 2624 2370 2677 Conf.
2397 2626 2679 2678 Aristotel.

1592 2694 1950 2759 Meteorolog.
1980 2694 2059 2757 11,
2097 2694 2148 2746 6.

2512 1935 2675 1987 ..202

1976 2863 2110 2915 Cn».
2147 2863 2301 2915 XXI.

1662 2956 1737 3016 ‘H
1779 2956 1835 3015 δ’
1887 2958 2045 3030 ἑτέρη
2091 2961 2679 3047 ανεπιρτημονεστέρη

1590 3035 1694 3100 μέν
1740 3025 1854 3085 ἔστι
1901 3051 1954 3086 κ.
2006 3051 2052 3085 τ.
2105 3034 2184 3101 λ.]
2236 3049 2681 3100 ανεπιστημονε-

1591 3102 1755 3170 στέρη
1795 3109 1879 3155 est
1916 3107 2173 3166 inscitior,
2217 3104 2304 3155 vel
2337 3108 2571 3156 maiorem
2604 3110 2681 3157 in-

1588 3177 1782 3225 scitiam
1819 3176 2072 3237 prodens,
2123 3180 2186 3224 ut
2218 3175 2331 3236 IX,
2371 3174 2441 3226 62
2486 3166 2680 3226 ἀνεπι-

1592 3236 1865 3308 στήμονες
1920 3245 2090 3300 ἰηεείἰ,
2149 3246 2369 3308 imper-ui
2425 3243 2682 3295 dicuntur

1589 3315 1810 3364 Persae.
1848 3312 1934 3363 Ad
1959 3317 2336 3377 argumentum
2366 3313 2514 3364 conf.
2541 3331 2681 3381 quae

1592 3398 1640 3433 c.
1668 3382 1736 3433 23
1773 3382 2133 3432 disseruntur.
2204 3382 2514 3432 Absurdam
2549 3400 2680 3435 vero

1590 3452 1731 3502 hanc
1766 3467 1987 3501 causam
2032 3451 2236 3501 habent
2276 3456 2331 3501 et
2364 3452 2680 3504 Herodotus

1591 3527 1647 3571 et
1681 3520 1953 3572 Diodorus
1990 3521 2047 3583 1,
2086 3520 2186 3581 37,
2235 3520 2388 3571 cuius
2426 3529 2679 3574 auctores

1591 3590 1763 3641 fuisse
1786 3589 2037 3641 dicuntur
2062 3588 2375 3640 sacerdotes
2400 3590 2678 3658 Aegyptii.

1589 3659 1725 3709 Inde
1760 3659 1967 3709 tradita
2010 3659 2324 3724 perhibetur
2365 3659 2433 3710 ab
2469 3661 2681 3727 Euthy-

1589 3744 1745 3778 mene
1790 3727 2153 3790 Massiliensi,
2206 3733 2269 3777 ut
2306 3729 2514 3779 Seneca
2560 3730 2600 3780 l.
2634 3731 2677 3782 l.

1591 3801 1756 3862 atque
1797 3796 2080 3848 Plutarch.
2129 3797 2195 3847 de
2237 3797 2437 3850 Placit.
2479 3799 2679 3863 philos.

1588 3867 1687 3917 IV.
1719 3882 1775 3931 p.
1804 3865 1906 3916 897
1932 3868 1979 3917 F
2018 3870 2309 3917 testantur.
2382 3868 2547 3918 Haud
2583 3869 2682 3919 ali-

1586 3939 1670 3985 ter
1701 3935 2097 3986 Dicaearchum
2135 3951 2202 3988 ex
2235 3937 2372 3986 mari
2395 3936 2675 3989 Atlantico

1583 4004 1764 4056 Nilum
1817 4004 2019 4055 effundi
2063 4006 2345 4056 censuisse
2393 4021 2459 4056 ex
2504 4007 2673 4059 Laur.

1583 4072 1723 4138 Lyd.
1760 4072 1798 4122 l.
1828 4072 1867 4124 l.
1894 4090 1947 4139 p.
1975 4073 2080 4125 264
2117 4074 2393 4126 discimus.
2466 4077 2546 4127 Ac
2585 4076 2676 4127 de-

1582 4144 1744 4207 nique
1781 4143 2036 4194 Hecataei
2072 4144 2292 4211 Milesii,
2348 4160 2506 4209 quem
2544 4151 2673 4198 ante

1580 4211 1920 4263 Herodotum
1956 4213 2263 4278 Aegyptum
2312 4214 2570 4265 invisisse
2617 4222 2673 4267 et

1581 4279 1935 4347 descripsisse
1995 4287 2244 4345 constat,
2304 4281 2401 4332 illa
2455 4299 2672 4350 quoque
