3109 5092
444 331 569 394 600

1306 320 1847 384 HERODOTI

448 501 669 593 ὠμοὺς
696 503 1027 570 σιτέονται
1046 550 1065 585 ,
1107 495 1263 578 τοὺς
1292 499 1366 568 δὲ
1396 498 1462 578 ἐξ
1493 491 1706 584 ἅλμης
1741 494 2354 583 τεταριχευμένους.
2419 488 2736 580 ὀρνίθων

448 606 523 676 δὲ
568 605 725 686 τούς
766 629 838 672 τε
875 599 1165 691 ὄρτυγας
1200 603 1310 671 καὶ
1353 597 1471 679 τὰς
1506 597 1755 688 νήσσας
1802 600 1912 667 καὶ
1958 594 2040 667 τὰ
2081 593 2329 686 σμικρὰ
2367 600 2503 665 τῶν
2537 592 2729 682 ὀρνι-

448 715 632 781 θίων
658 704 804 796 ὠμὰ
831 708 1161 776 σιτέονται
1190 701 1856 793 προταριχεύσαντες.
1935 698 2018 770 τὰ
2058 700 2132 770 δὲ
2172 697 2343 770 ἄλλα
2369 694 2496 770 ὅσα
2535 692 2577 787 ἢ
2604 693 2728 786 ὀρ-

451 819 674 883 νίθων
726 806 767 899 ἢ
818 807 1083 903 ἰχθύων
1130 811 1276 877 ἐστί
1314 829 1436 895 σφι
1481 805 1795 895 ἐχόμενα,
1840 806 2045 893 χωρὶς
2086 798 2125 891 ἢ
2164 798 2387 873 ὁκόσοι
2425 821 2549 888 σφι
2592 803 2733 889 ἱροὶ

452 913 973 1002 ἀποδεδέχαται,
1037 909 1193 991 τούς
1254 907 1532 989 λοιποὺς
1589 904 1835 986 ὀπτοὺς
1893 910 2006 977 καὶ
2059 904 2318 994 ἑφθοὺς
2372 906 2730 974 σιτέονται.

358 1017 557 1088 78Ἐν
610 1017 684 1087 δὲ
721 1020 890 1105 ,τῇσι
948 1019 1347 1103 συνουσίῃσι
1400 1027 1573 1082 τοῖσι
1621 1006 1970 1098 εὐδαίμοσι
2016 1007 2277 1096 αὐτῶν,
2337 1006 2545 1077 ἐπεὰν
2596 1004 2734 1077 ἀπὸ

452 1126 758 1204 δείπνου,
788 1120 1153 1205 γένωνται,
1209 1118 1561 1205 περιφέρει
1613 1111 1786 1202 ἀνὴρ
1826 1112 2070 1201 νεκρὸν
2120 1117 2196 1183 ἐν
2232 1117 2411 1203 σορῷ
2455 1109 2735 1193 ξύλινον

451 1222 942 1310 πεποιημένον,
982 1222 1443 1308 μεμιμημένον
1477 1221 1543 1298 ἐς
1570 1215 1651 1287 τὰ
1672 1215 1957 1305 μάλιστα
1991 1218 2100 1286 καὶ
2129 1219 2357 1305 γραφῇ
2384 1216 2497 1284 καὶ
2529 1221 2732 1308 ἔργῳ,

451 1389 693 1440 locorum
728 1387 1041 1438 vindicatur
1068 1386 1375 1451 integritas.
1428 1384 1538 1435 Ubi

448 1459 593 1509 hunc
629 1471 843 1523 quoque
889 1454 1154 1506 Herodoti
1202 1455 1382 1506 locum
1430 1458 1540 1504 tra-

451 1533 660 1578 ctatum
696 1541 816 1577 esse
850 1525 1084 1591 cognovi
1118 1529 1173 1575 et
1193 1539 1313 1574 eum
1344 1523 1400 1572 in
1428 1538 1540 1573 mo·

450 1599 579 1648 dum
613 1595 969 1661 explicatum,
1019 1599 1081 1644 ut
1128 1598 1254 1659 post
1295 1592 1542 1643 introdu-

452 1671 545 1717 cta
589 1665 877 1732 peregrina
920 1664 1052 1713 vina
1089 1664 1215 1713 inde
1275 1679 1310 1712 a
1355 1664 1541 1712 Psam-

449 1735 659 1787 mitichi
694 1739 878 1786 aetate
915 1733 1060 1798 prior
1095 1732 1209 1782 vini
1247 1731 1460 1783 cultura
1484 1732 1541 1780 in

451 1808 703 1872 Aegypto
739 1805 904 1855 fuerit
940 1802 1207 1869 neglecta.

520 1901 656 1966 τοὺς
679 1900 744 1957 δὲ
760 1899 816 1968 ἐξ
827 1895 1008 1970 ἅλμης
1019 1902 1537 1969 τεταριχευμένους]

450 1979 584 2028 Cum
635 1992 782 2027 mare
819 1976 1072 2040 Aegyptii
1120 1974 1361 2024 aversati
1409 1974 1538 2033 sint,

451 2048 621 2097 salem
655 2061 765 2096 non
787 2044 1129 2105 maritimum,
1167 2043 1263 2093 sed
1297 2041 1540 2093 fossilem

449 2118 636 2180 (quem
670 2131 736 2164 ex
772 2114 1049 2163 Ammonis
1088 2113 1311 2178 regione
1360 2111 1538 2161 afferri

452 2184 642 2233 scribit
676 2182 888 2233 Arrian.
920 2182 1108 2244 exped.
1149 2181 1304 2231 Alex.
1346 2181 1452 2241 111,
1485 2182 1535 2230 4.

450 2252 500 2313 §-
539 2253 593 2302 6.
628 2252 684 2314 8)
714 2251 803 2299 hic
838 2249 1249 2309 intelligendum
1284 2264 1403 2299 esse
1433 2249 1539 2297 exi·

453 2322 641 2370 stimat
677 2318 932 2368 Larcher.
1006 2318 1120 2367 Nos
1156 2317 1291 2367 illud
1325 2317 1398 2367 ad
1423 2317 1541 2366 uni-

451 2404 668 2439 versum
703 2386 808 2437 loci
847 2391 1222 2451 argumentum
1260 2385 1537 2435 addimus:

453 2459 510 2507 in
531 2455 855 2521 anaglyphis
873 2455 1157 2520 Aegyptiis
1176 2457 1372 2520 pisces,
1390 2470 1540 2517 aves,

450 2526 565 2577 alia
628 2526 683 2575 id
756 2540 958 2590 genus,
1034 2540 1174 2589 quae
1233 2524 1346 2574 sale
1411 2540 1541 2575 cou-

452 2597 670 2653 diantur
730 2601 785 2645 et
843 2593 914 2644 ad
964 2592 1230 2644 edendum
1281 2599 1543 2659 parentur

450 2666 555 2716 hoc
601 2664 788 2728 modo,
843 2663 1105 2727 conspici.
1200 2663 1401 2714 Confer
1444 2662 1546 2713 Co-

450 2740 589 2785 staz.
639 2734 676 2784 1.
717 2734 757 2784 l.
808 2749 933 2798 pag.
971 2734 1038 2782 64
1088 2738 1143 2783 et
1194 2749 1333 2799 quae
1379 2746 1546 2797 supra

452 2804 524 2856 ad
554 2803 628 2853 11.
671 2804 735 2854 15
773 2803 1153 2853 adnotavimus
1187 2803 1312 2852 coll.
1339 2803 1414 2863 ΙΙ,
1454 2801 1542 2851 02.

447 2875 532 2924 Ac
566 2874 703 2921 satis
739 2872 1016 2936 cognitum
1059 2876 1159 2931 est,
1198 2887 1359 2936 quam
1393 2870 1544 2920 ferax

451 2942 678 3006 piscium
740 2941 904 2990 fuerit
959 2941 1272 3003 Aegyptus,
1343 2940 1543 3004 quibus

450 3007 731 3071 capiendis
777 3007 1105 3072 operabatur
1139 3024 1340 3072 magna
1374 3009 1544 3058 homi-

451 3092 577 3126 num
621 3077 779 3140 copia
815 3081 928 3124 tum
965 3076 1170 3125 victum
1218 3077 1343 3128 inde
1379 3092 1542 3142 quae·

449 3160 610 3206 rens,
672 3150 784 3194 tum
840 3150 1200 3195 mercaturam
1261 3162 1538 3197 exercens.

451 3214 672 3265 Confer.
723 3212 928 3263 Herod.
987 3213 1062 3275 ΙΙ,
1116 3213 1205 3262 92.
1265 3213 1354 3265 93.
1421 3215 1536 3274 149,

449 3283 685 3333 Heeren.
722 3281 888 3331 Ideen
924 3286 1030 3332 etc.
1069 3283 1143 3343 11,
1181 3284 1234 3333 2.
1272 3298 1398 3348 pag.
1436 3284 1538 3333 345

450 3368 566 3418 seq.
604 3357 660 3402 et
696 3366 836 3417 quae
859 3350 1082 3417 collegit
1116 3352 1315 3403 Geseu.
1355 3351 1424 3402 ad
1457 3353 1540 3403 Ie-

448 3423 550 3474 sai.
586 3422 736 3486 XIX,
771 3422 821 3473 8.
857 3436 983 3486 pag.
1022 3421 1146 3473 611.

518 3519 614 3575 noel
680 3518 749 3574 τὰ
818 3515 1026 3587 σμικρὰ
1080 3519 1198 3572 τῶν
1252 3513 1538 3585 ὅρνιθίων

447 3584 573 3657 ὠμὰ
627 3591 907 3643 σιτέονται
962 3589 1534 3656 προταριχεύσαντες]

447 3663 799 3714 Schaeferum
835 3660 929 3727 (ad
963 3661 1243 3712 Plutarch.
1280 3663 1418 3712 Vitt.
1469 3663 1533 3712 Τ.

448 3733 515 3782 V.
554 3749 611 3798 p.
644 3731 733 3796 52)
761 3731 927 3782 scribi
959 3732 1232 3781 iubentem
1273 3723 1537 3795 ὀρνίθων

447 3816 731 3866 sequerer,
779 3801 885 3850 nisi
921 3800 1098 3865 ipsum
1141 3801 1284 3866 quod
1321 3806 1537 3851 antece-

448 3870 529 3919 dit
586 3861 846 3932 ὀρνίθων
911 3886 994 3919 me
1052 3874 1329 3921 avocaret.
1421 3870 1535 3919 Nec

443 3937 571 3987 libri
610 3937 803 4001 scripti
845 3937 1126 3989 addicunt.
1202 3941 1354 4001 Quae
1402 3954 1532 3988 vero

444 4006 497 4057 h.
519 4004 556 4055 1.
579 4005 769 4054 scribit
781 4005 1109 4068 Herodotus,
1127 4022 1192 4056 ea
1214 4008 1268 4057 iu
1288 4007 1422 4072 ipsis
1437 4008 1538 4057 Ae-

443 4074 753 4139 gyptiorum
796 4077 1158 4125 monumentis
1198 4075 1376 4126 adhuc
1408 4091 1534 4126 con-

442 4143 578 4208 spici
620 4146 1033 4205 repraeseutata
1084 4147 1358 4196 testantur
1393 4143 1532 4195 Wil-

439 4213 655 4262 kinson.
693 4210 950 4261 Manners
984 4216 1089 4263 etc.
1124 4213 1234 4264 111.
1273 4230 1399 4281 pag.
1440 4214 1527 4265 49.

439 4281 508 4331 60
548 4295 663 4345 seq.
712 4283 768 4329 et
825 4279 1090 4331 Rosellini
1139 4281 1287 4333 Mon.
1337 4285 1525 4335 storic.

441 4352 490 4402 1.
529 4365 658 4416 pag.
699 4349 816 4400 150.

1949 1381 2083 1433 Car.
2120 1382 2427 1433 LXXVIII.

1708 1476 1823 1534 ἀπὸ
1855 1482 2096 1534 δείπνου
2123 1483 2417 1552 γένωνται]
2437 1485 2559 1535 Vid.
2588 1488 2733 1535 nott.

1642 1555 1715 1605 ad
1750 1556 1796 1615 1,
1842 1554 1952 1606 126.
2016 1554 2166 1603 τοῖσι
2203 1547 2502 1619 εὐδαίμοσι
2554 1554 2621 1605 de
2657 1555 2736 1603 de·-

1643 1624 1856 1674 tz’oribus
1902 1622 2343 1689 intelligendum;
2405 1624 2480 1675 cf.
2529 1624 2573 1687 1,
2630 1624 2762 1677 1⁰6·

1644 1694 1830 1759 ibique
1866 1698 2005 1745 nott.

1716 1775 2008 1842 περιφέρει
2046 1810 2115 1818 -
2151 1770 2387 1839 ξύλινον
2421 1776 2734 1843 πεποιημέ-

1648 1846 1774 1912 νον]
1813 1846 2084 1913 Intelligit
2127 1847 2365 1898 hominis
2412 1850 2612 1898 mortui
2661 1848 2733 1897 si-

1645 1916 1943 1967 mulacrum
1984 1933 2049 1967 ex
2082 1915 2233 1981 ligno
2259 1918 2463 1966 factum
2490 1918 2621 1966 etin
2655 1917 2735 1966 lo-

1646 1982 1767 2037 culo
1795 1988 2109 2050 repositum,
2147 1987 2368 2036 minime
2394 2001 2525 2036 vero
2555 1987 2732 2051 ipstun

1644 2055 1876 2105 hominis
1915 2056 2111 2106 mortui
2146 2055 2411 2113 cadaver‚·
2450 2071 2554 2121 quo
2583 2055 2735 2105 ducit

1644 2124 1923 2174 Plutarchi
1969 2124 2122 2175 locus
2167 2126 2249 2189 (in
2285 2124 2437 2189 Sept.
2474 2126 2734 2189 sapientt.

1643 2194 1859 2244 conviV.
1899 2209 2023 2258 pag.
2079 2194 2176 2245 148
2211 2195 2274 2255 Β,
2314 2194 2439 2245 coll.
2484 2195 2735 2258 Wytten-

1642 2262 1803 2313 bach.
1841 2262 2234 2313 animadverss.
2279 2279 2407 2328 pag.
2451 2261 2598 2330 921),
2638 2264 2734 2314 ubi

1645 2323 1904 2380 σκελετὸν
1921 2331 2193 2398 appellat,
2230 2347 2554 2396 quamquam
2591 2333 2737 2383 idem

1645 2402 1848 2450 rectius
1891 2401 1957 2451 de
1993 2402 2067 2451 Is.
2116 2406 2172 2451 et
2207 2400 2351 2451 Osir.
2401 2417 2521 2466 cap.
2558 2403 2640 2452 17.
2679 2418 2733 2467 p.

1643 2472 1744 2522 357
1791 2470 1837 2520 F
1893 2469 2241 2522 simulacrum
2301 2467 2589 2535 (εἴδωλον)
2642 2471 2736 2521 ho-

1645 2540 1805 2589 minis
1854 2539 2143 2590 intellexit.
2229 2540 2309 2590 Ac
2366 2540 2504 2590 talia
2548 2540 2736 2589 mumi-

1649 2624 1800 2657 arum
1848 2609 2166 2669 simulacra,
2218 2608 2452 2657 Osiridis
2508 2608 2737 2659 formam

1649 2677 1993 2740 exhibentia,
2029 2677 2214 2743 qualia
2249 2678 2305 2726 in
2342 2678 2735 2744 Aegyptiorum

1649 2746 1917 2797 conviviis
1954 2747 2136 2797 afferri
2174 2746 2456 2810 dicuntur,
2504 2764 2571 2798 ex
2602 2749 2736 2813 ipsis

1648 2817 2011 2866 monumentis
2049 2815 2326 2866 delineata
2349 2831 2569 2868 cernere
2606 2816 2739 2867 licet

1647 2884 1793 2949 apud
1831 2885 2158 2945 Wilkinson.
2207 2886 2464 2936 Manners
2511 2892 2617 2937 etc.
2656 2887 2736 2939 11.

1711 3037 2099 3103 μεμιμημένον
2148 3071 2219 3079 -
2264 3035 2359 3088 καὶ
2408 3036 2598 3105 γραφῇ
2640 3036 2737 3090 καὶ

1643 3104 1809 3174 ἔργῳ]
1863 3108 2117 3159 Indicare
2174 3108 2353 3160 voluit
2403 3109 2737 3173 Herodotus,

1643 3177 1777 3228 haec
1797 3177 2088 3229 simulacra
2106 3177 2289 3243 lignea
2305 3179 2583 3229 hominum
2599 3195 2738 3229 mor-

1643 3251 1859 3297 tuorum
1900 3246 1969 3297 ad
2008 3263 2193 3298 verum
2221 3248 2453 3298 maxime
2478 3264 2738 3313 expressa

1645 3331 1767 3367 esse
1805 3321 1918 3367 tum
1954 3317 2194 3382 pictura,
2245 3322 2359 3366 tum
2397 3333 2559 3381 opere
2594 3319 2734 3382 ipso.

1641 3385 1801 3437 Unde
1845 3390 2026 3449 patet,
2085 3402 2366 3451 perperam
2411 3386 2468 3434 in
2518 3388 2740 3452 quibus-

1642 3454 1764 3505 dam
1802 3454 1955 3505 libris
1995 3460 2210 3506 exstare
2258 3453 2605 3519 μεμιγμένον
2640 3472 2735 3520 pro

1638 3515 2060 3588 μεμιμημένον,
2096 3524 2241 3575 haud
2264 3523 2492 3575 insolito
2520 3525 2735 3589 quidem

1640 3608 1851 3653 errore;
1899 3592 1967 3643 de
2003 3609 2110 3657 quo
2159 3595 2246 3645 Cr.
2292 3594 2531 3644 conferri
2581 3595 2731 3644 iubet

1640 3662 1916 3712 Schaefer.
1946 3662 2017 3712 ad
2034 3663 2265 3728 Dionys.
2288 3663 2469 3714 Halic.
2492 3662 2557 3712 de
2589 3679 2733 3713 com-

1636 3746 1757 3796 pos.
1813 3732 1999 3782 verbb.
2071 3747 2200 3797 pag.
2248 3731 2373 3782 291.
2410 3762 2481 3772 --
2514 3729 2729 3796 γραφῇ,

1638 3800 1785 3865 quod
1819 3801 1890 3850 ad
1927 3803 2198 3851 simulacra
2249 3801 2496 3853 coloribus
2528 3801 2733 3851 inducta

1638 3869 1808 3918 refert
1843 3870 2120 3934 Heynius‚
2160 3871 2228 3921 de
2264 3873 2378 3933 ipsa
2414 3872 2615 3933 pictura
2653 3871 2734 3919 in-

1638 3936 1993 4003 telligendum
2039 3954 2156 3990 esse
2202 3943 2384 3990 monet
2428 3938 2731 3990 Creuzerus

1640 4006 1847 4059 Comm.
1872 4008 2078 4059 Herod.
2115 4025 2168 4073 p.
2204 4010 2284 4072 17,
2323 4013 2388 4059 ut
2411 4008 2489 4071 11,
2527 4008 2614 4059 73.
2643 4010 2731 4073 86,

1637 4076 1730 4125 ubi
1767 4077 1912 4128 conf.
1939 4082 2079 4128 nott.
2146 4077 2248 4127 Cui
2278 4077 2591 4142 obloquitur
2618 4079 2731 4130 Sie-

1635 4144 1792 4196 belis.
1831 4146 1903 4196 ad
1938 4148 2176 4197 Pausan.
2215 4148 2282 4209 V,
2312 4148 2397 4201 ll.
2425 4151 2475 4210 §-
2506 4150 2567 4209 2,
2609 4163 2731 4198 cum

1632 4213 1802 4265 hocce
1836 4212 2105 4267 Herodoti
2140 4214 2262 4266 loco
2299 4208 2446 4282 ἔργῳ
2484 4217 2554 4266 ad
2590 4217 2733 4266 scul-

1631 4287 1875 4348 pturam,
1912 4283 2105 4350 γραφῇ
2138 4284 2209 4334 ad
2245 4284 2454 4336 colores
2483 4287 2727 4350 superin-

1633 4351 1827 4403 ductos
1863 4355 1936 4404 sit
1963 4353 2324 4404 referendum.
2398 4355 2514 4407 Nec
2541 4359 2726 4405 tamen
