3109 5092
1179 364 1675 426 EUTERPE.
1720 367 1805 426 11.
1851 375 1940 429 ss.
2570 350 2687 432 55³1

415 537 653 617 τάτους
686 540 901 625 μῆνας
935 538 1251 626 τέσσερας
1284 541 1502 609 ἐσθίει
1546 537 1773 611 οὐδέν.
1854 538 1968 612 ἐὸν
2010 541 2085 611 δὲ
2123 541 2500 631 τετράπουν
2536 573 2689 635 χερ-

415 657 612 710 σαῖον
648 642 760 710 καὶ
801 649 1116 728 λιμναῖον
1152 644 1320 710 ἐστί·
1359 650 1570 713 τίκτει
1597 644 1725 733 μὲν
1751 640 1880 732 γὰρ
1910 641 2008 715 ὥᾶ
2033 648 2109 715 ἐν
2135 651 2222 737 γῇ
2251 647 2365 715 καὶ
2399 648 2689 737 ἐκλέπει,

416 745 529 813 καὶ
566 738 642 813 τὸ
673 741 926 814 πολλὸν
959 749 1077 832 τῆς
1103 740 1351 835 ἡμέρης
1378 752 1712 837 διατρίβει
1739 750 1816 817 ἐν
1844 754 1937 842 τῷ
1966 753 2144 842 ξηρῷ
2162 801 2181 834 ,
2223 747 2349 838 τὴν
2377 749 2451 819 δὲ
2480 751 2694 823 νύκτα

418 851 641 917 πᾶσαν
679 850 755 916 ἐν
791 851 889 941 τῷ
926 853 1232 941 ποταμῷ·
1279 850 1699 940 θερμότερον
1744 848 1873 940 γὰρ
1921 850 2005 941 δή
2051 856 2189 921 ἐστι
2234 850 2310 922 τὸ
2350 848 2541 943 ὕδωρ
2576 861 2693 944 τῆς

417 977 488 1019 τε
521 956 797 1038 αἰθρίης
833 952 946 1019 καὶ
978 957 1094 1038 τῆς
1122 951 1395 1040 δρόσου.
1469 953 1747 1023 πάντων
1786 951 1861 1024 δὲ
1891 951 2244 1045 τῶν’ἡμεῑς
2281 961 2480 1045 ἴδμεν
2512 968 2687 1046 θνη-

417 1058 555 1122 τῶν
611 1058 810 1123 τοῦτο
865 1056 931 1136 ἐξ
972 1056 1323 1143 ἐλαχίστου
1372 1060 1690 1145 μέγιστον
1744 1066 2023 1145 γίνεται.
2105 1057 2187 1128 τοὶ
2235 1059 2363 1148 μὲν
2412 1056 2540 1150 γὰρ
2592 1058 2692 1132 oio}

416 1159 679 1244 χηνέων
729 1152 813 1225 οὐ
863 1162 1089 1250 πολλῷ
1140 1161 1381 1245 μέζονα
1424 1166 1632 1231 τίκτει
1655 1182 1671 1198 ·
1729 1163 1839 1230 καὶ
1893 1156 1928 1230 ὅ
1970 1159 2243 1241 νεοσσὸς
2277 1160 2446 1231 κατὰ
2490 1162 2692 1251 λόγον

417 1264 538 1328 τοῦ
577 1255 718 1328 ὦοῦ
750 1266 1047 1348 γίνεται,
1096 1258 1550 1352 αὐξανόμενος
1586 1264 1660 1334 δὲ
1696 1272 1954 1351 γίνεται
1991 1266 2103 1334 καὶ
2140 1267 2207 1346 ἐς
2243 1267 2690 1336 ἑπτακαίδεκα

414 1428 550 1479 Heft
573 1426 948 1492 (Heidelberg.
981 1425 1163 1493 1817).
1225 1429 1327 1479 Est
1353 1446 1501 1494 vero,

413 1503 475 1548 ut
511 1513 578 1547 ex
611 1496 715 1547 hoc
747 1496 887 1547 libro
924 1497 1128 1562 optime
1160 1498 1504 1566 intelligitur,

1602 1433 1721 1482 sine
1755 1431 1865 1482 ullo
1896 1432 2226 1483 nutrimento
2271 1433 2488 1485 vixerit.
2560 1433 2688 1485 Vid.

1599 1502 1734 1553 ibid.
1772 1518 1898 1568 pag.
1937 1502 2025 1554 69.

415 1567 917 1700 minamur
935 1566 1371 1704 “iffissoffuffiss
1389 1585 1505 1689 ⁶53:

415 1707 556 1756 mine
593 1707 662 1756 ab
688 1706 812 1756 aliis
842 1704 1070 1756 aliarum
1099 1711 1364 1758 terrarum
1387 1725 1504 1760 cro-

414 1774 606 1827 codilis
643 1776 806 1841 vulgo
830 1774 1100 1840 distingui.
1130 1776 1289 1832 solet.
1359 1777 1502 1830 Add.

413 1846 749 1910 Russegger:
801 1845 965 1896 Reise
1001 1851 1106 1895 etc.
1147 1843 1224 1908 II,
1283 1849 1334 1898 1.
1372 1863 1498 1914 pag.

413 1915 535 1976 372,
577 1915 670 1980 qui
713 1914 854 1964 idem
899 1914 1165 1977 advertit,
1217 1931 1362 1966 nunc
1405 1933 1502 1982 per

413 1984 724 2034 inferiorem
762 1984 1071 2050 Aegyptum
1121 1984 1301 2036 nullos
1346 1987 1498 2037 inve-

413 2055 518 2104 niri
554 2053 874 2116 crocodilos,
906 2054 1077 2118 quiin
1108 2055 1372 2119 superiori
1400 2056 1502 2106 Ae·

411 2129 583 2190 gypto
627 2123 858 2188 primum
916 2139 1085 2188 prope
1137 2124 1259 2175 Sint
1315 2140 1502 2176 occur-

411 2197 539 2243 runt
555 2208 623 2243 ac
653 2193 1046 2258 frequentiores
1064 2193 1345 2259 formaque
1363 2195 1501 2246 adeo

411 2262 646 2313 maiores
713 2278 811 2328 per
868 2262 1102 2313 Nubiam
1163 2269 1498 2329 comparent.

411 2332 565 2383 Idem
599 2347 814 2398 quoque
850 2332 1047 2382 asserit
1075 2332 1343 2398 Parthey:
1382 2335 1498 2384 Das

412 2402 621 2453 Nilthsl
653 2418 707 2467 p.
750 2400 846 2453 191
887 2416 1041 2480 seqq.

483 2462 618 2528 τοὺς
636 2464 1102 2552 χειμεριωτάτους
1117 2470 1302 2535 μῆνας
1315 2466 1499 2520 τέσσε-

414 2555 516 2599 ρας
535 2530 718 2590 ἐσθίει
741 2534 937 2606 οὐδέν]
964 2540 1177 2591 Plinius
1202 2542 1350 2591 Hist.
1364 2541 1495 2591 Nat.

411 2611 571 2672 VIII,
609 2612 677 2660 25
711 2626 810 2675 per
843 2624 1057 2660 menses
1090 2610 1346 2661 hibernos
1384 2626 1498 2660 cro-

411 2679 619 2732 codilos
653 2680 710 2730 in
745 2680 918 2730 antris
941 2679 1113 2730 latere
1135 2679 1286 2730 dicit.
1340 2679 1498 2742 Quod

411 2749 724 2801 Herodotus
767 2749 985 2810 scribit,
1036 2748 1365 2800 crocodilum
1404 2765 1499 2815 per

411 2824 647 2886 quatuor
659 2833 872 2870 menses
892 2818 1147 2870 hibernos
1167 2818 1299 2868 nihil
1320 2818 1496 2882 edere,

412 2890 605 2940 mirum
627 2889 817 2954 utique
844 2888 1137 2950 videbitur,
1173 2903 1497 2954 quamquam

412 2960 589 3025 ipsum
635 2974 732 3023 per
777 2973 837 3008 se
893 2973 1003 3009 non
1051 2957 1287 3008 alienum
1332 2962 1416 3008 est
1462 2972 1497 3008 a

409 3028 684 3093 reptilium
705 3033 921 3079 natura.
992 3028 1074 3078 Ac
1116 3027 1352 3078 fortasse
1381 3043 1496 3077 cro-

410 3097 620 3149 codilos
667 3098 726 3147 in
770 3097 936 3147 Delta
995 3097 1235 3161 respexit
1284 3102 1495 3160 auctor,

409 3168 530 3234 qui,
589 3166 743 3218 coelo
791 3171 849 3217 et
894 3167 1019 3217 aiire
1065 3167 1346 3232 frigidiore
1391 3167 1499 3217 for-

409 3238 556 3287 sitan
591 3236 787 3302 sopiti,
838 3235 1112 3286 alimentis
1152 3237 1330 3287 minus
1361 3236 1497 3286 indi-

409 3308 638 3372 gebant3
694 3304 853 3372 quale
889 3305 956 3356 de
992 3306 1101 3356 alio
1147 3322 1345 3372 genere
1382 3322 1497 3356 cro-

409 3376 708 3428 codilorum
750 3376 810 3424 in
847 3376 1130 3426 Americae
1181 3376 1496 3441 regionibus

407 3445 780 3512 frigidioribus
815 3447 1254 3510 peregrinatores
1303 3445 1496 3494 testati

405 3520 552 3567 sunt.
621 3515 783 3565 Nunc
814 3514 1055 3580 quidem,
1094 3515 1187 3565 ubi
1221 3515 1498 3564 rarissime

404 3586 462 3635 in
508 3584 674 3635 Delta
717 3583 966 3634 invenias
1015 3583 1349 3645 crocodilos,
1402 3582 1495 3649 qui

405 3653 777 3720 superioribus
807 3659 1017 3704 tantum
1051 3652 1189 3704 locis
1217 3652 1494 3717 reperiun-

405 3729 522 3786 tur,
559 3739 668 3774 non
704 3722 926 3785 mirum,
963 3722 1161 3774 multos
1186 3721 1494 3772 crocodilos

403 3792 492 3844 vel
517 3792 783 3858 gregatim
818 3792 1060 3858 conspici
1097 3793 1155 3841 in
1186 3790 1300 3842 Nili
1327 3806 1492 3841 arena

404 3864 647 3915 iacentes
689 3877 786 3926 per
820 3861 1078 3922 hiemem,
1134 3859 1278 3926 quod
1325 3865 1496 3911 testa-

404 3938 496 3983 tur
528 3931 783 3982 Minutoli
817 3931 855 3981 l.
891 3931 931 3982 l.
970 3948 1022 3997 p.
1065 3932 1164 3982 156
1210 3945 1322 3994 seq.
1365 3930 1492 3981 coll.

406 4000 662 4066 Geoffroy
684 4016 813 4066 pag.
850 4000 971 4052 375.
1043 4001 1119 4050 Et
1141 4004 1330 4049 nostra
1361 4015 1490 4064 quo-

404 4087 510 4136 que
549 4075 732 4122 aetate
777 4071 953 4122 virum
1004 4069 1221 4119 doctum
1270 4073 1492 4118 conten-

405 4141 581 4202 disse,
644 4140 827 4206 plures
889 4153 1102 4190 menses
1160 4137 1494 4188 crocodilum

401 4211 524 4329 lsine
560 4209 836 4260 alimentis
873 4210 1059 4259 vivere
1102 4222 1291 4271 posse,
1337 4207 1496 4257 intel-

483 4296 513 4330 ο
550 4295 617 4330 ex
651 4278 1006 4330 Tiedemanni
1051 4276 1192 4327 libro
1240 4275 1277 4326 l.
1315 4294 1369 4343 p.
1407 4276 1495 4340 36,

401 4280 497 4399 1ιιξί
535 4349 685 4399 aliud
736 4348 1036 4414 exemplum
1078 4346 1336 4397 laudatur
1381 4362 1498 4398 cro-

405 4417 603 4481 codili,
655 4418 748 4484 qui
800 4433 897 4483 per
941 4416 1325 4484 septemdecim
1381 4416 1498 4468 dies

1670 1569 1844 1621 τίκτει
1895 1565 2000 1628 μὲν
2052 1563 2160 1636 γὰρ
2218 1561 2303 1620 ei&
2349 1561 2410 1620 ἐν
2456 1569 2531 1636 γῇ
2591 1568 2691 1622 καὶ

1602 1630 1842 1705 ἐκλέπει]
1878 1633 2114 1702 ἐκλέπει,
2150 1641 2186 1690 i.
2226 1656 2273 1691 e.
2312 1641 2541 1692 excludit
2571 1659 2686 1694 ova.

1601 1710 1668 1760 In
1703 1726 1761 1761 re
1790 1711 1916 1793 ipsa
1961 1710 2293 1761 conveniunt
2334 1720 2559 1762 nostrae
2602 1727 2689 1762 ae-

1603 1779 1737 1830 tatis
1774 1781 1880 1829 viri
1917 1777 2066 1829 docti
2107 1785 2273 1845 atque
2319 1781 2690 1845 peregrinato-

1603 1864 1711 1900 res.
1792 1848 1932 1899 Vide
1977 1848 2332 1900 Tiedemann.
2379 1848 2415 1900 l.
2468 1849 2506 1899 1.
2558 1865 2688 1916 pag.

1602 1918 1690 1971 53.
1772 1917 1917 1968 Illud
1960 1933 2125 1968 unum
2166 1920 2497 1968 recentiores
2540 1935 2691 1984 pere-

1602 1987 1910 2053 grinatores
1945 1986 2051 2037 sibi
2086 1987 2539 2038 animadvertisse
2582 1989 2689 2039 visi

1602 2061 1759 2118 sunt,
1797 2072 1919 2107 esse
1951 2055 2120 2107 solem
2152 2057 2363 2122 potius,
2410 2073 2551 2123 quae
2582 2072 2689 2109 ova

1602 2125 1885 2189 excludat,
1947 2141 2057 2177 non
2102 2125 2402 2177 crocodilos
2454 2128 2687 2179 feminas

1598 2195 1707 2246 illis
1738 2196 2135 2248 incumbentes.
2205 2196 2406 2247 Confer
2432 2194 2690 2263 Geoffroy

1603 2265 1872 2385 ΡαξαὶΒΞΞ
1908 2281 2124 2385 unglldv
2157 2332 2259 2399 τῆς
2303 2323 2518 2398 ἡμέρης
2563 2331 2686 2388 δια-

1600 2401 1780 2472 τρίβει
1816 2396 1878 2453 ἐν
1911 2401 1991 2469 τῷ
2027 2401 2185 2469 ξηρῷ
2219 2420 2271 2453 κ.
2316 2419 2364 2451 τ.
2412 2401 2488 2468 2.]
2531 2405 2688 2455 Haec

1600 2489 1733 2525 vera
1769 2479 1825 2524 et
1857 2473 2084 2523 indubia
2120 2488 2269 2534 esse,
2306 2487 2373 2522 ex
2407 2473 2506 2535 iis,
2547 2489 2688 2538 quae

1603 2545 1899 2594 etiamnum
1918 2542 2308 2603 observantur,
2341 2543 2497 2606 ponit
2524 2541 2688 2593 (3όοί-

1600 2614 1723 2677 frey
1761 2627 1887 2678 pag.
1938 2611 2061 2662 376.
2130 2612 2205 2660 Et
2253 2610 2539 2661 confimat
2585 2612 2689 2661 Mi-

1601 2681 1805 2742 nutoli‚
1859 2679 1953 2745 qui
1994 2694 2092 2744 per
2138 2695 2324 2730 omnes
2376 2680 2487 2729 diei
2523 2679 2688 2730 horas

1601 2753 1656 2801 in
1691 2750 1804 2802 Nili
1840 2748 2034 2798 insulis
2073 2751 2128 2797 et
2160 2763 2329 2799 arena
2381 2748 2684 2800 crocodilos

1601 2836 1660 2872 se
1686 2820 1963 2871 invenisse
1996 2817 2207 2881 scribit,
2243 2833 2518 2882 nunqnam
2554 2834 2685 2869 vero

1598 2895 1767 2941 noctu
1796 2904 1856 2940 se
1890 2887 2014 2939 illos
2051 2892 2207 2939 extra
2240 2903 2436 2951 aquam
2462 2904 2688 2954 conspe-

1600 2961 1764 3010 xisse.
1835 2958 1964 3009 Vid.
2000 2958 2038 3008 l.
2076 2956 2114 3007 1.
2151 2956 2354 3023 p..157
2431 2957 2686 3038 Causam,

1600 3045 1761 3108 quam
1782 3029 1985 3079 Noster
2010 3026 2165 3078 addit
2151 2974 2566 3106 Ρ(θερμότερον
2581 3043 2684 3092 γαρ
2744 3087 2769 3102 ⁸

1598 3091 1673 3163 δή
1719 3089 1833 3148 ἔστι
1877 3089 1943 3146 τὸ
1991 3085 2150 3161 υδωρ
2196 3094 2298 3161 τῆς
2349 3112 2407 3147 τε
2442 3092 2687 3161 αἰθρίης

1598 3164 1694 3218 καὶ
1729 3165 1833 3232 τῆς
1868 3158 2130 3231 δρόσου),
2182 3168 2264 3217 sic
2298 3165 2683 3233 intelligimus.

1600 3253 1837 3304 ,a,quam
1894 3250 2016 3287 esse
2061 3235 2378 3286 calidiorem
2425 3236 2535 3294 (vel
2586 3251 2686 3300 per

1597 3304 1861 3371 noctem),
1896 3321 2058 3372 quam
2094 3308 2277 3356 ae'rem
2324 3305 2463 3355 coeli
2509 3305 2687 3355 sereni

1598 3377 1719 3444 (per
1742 3375 1982 3440 noctem)
1996 3389 2278 3439 roremque
2298 3373 2535 3438 gelidum
2560 3372 2687 3423 inde

1596 3446 1880 3498 cadentem
1918 3445 1976 3493 in
2020 3447 2254 3504 terram3
2302 3458 2413 3506 qua
2463 3456 2522 3491 re
2570 3457 2687 3491 cro-

1597 3514 1791 3567 codilis
1838 3514 2072 3563 calorem
2119 3510 2430 3561 amantibus
2473 3511 2685 3574 gratius

1594 3600 1715 3636 esse
1752 3586 2074 3647 pernoctare
2099 3581 2199 3630 sub
2221 3594 2392 3644 aqua,
2429 3580 2523 3630 diu
2544 3595 2686 3629 com-

1594 3653 1795 3704 morari
1828 3652 1885 3701 in
1923 3655 2089 3701 terra.

1664 3712 1899 3772 πάντων
1935 3714 1999 3769 δὲ
2046 3716 2162 3767 τῶν
2197 3710 2361 3781 ἡμεῖς
2414 3714 2582 3781 ἴδμεν
2629 3732 2681 3767 ιι.

1591 3807 1641 3842 τ.
1688 3789 1760 3856 1.]
1811 3790 1885 3838 Et
1930 3788 2067 3837 haec
2109 3801 2241 3836 vera
2286 3801 2435 3850 esse,
2487 3786 2687 3837 docent

1594 3865 1826 3911 naturae
1861 3857 2091 3918 curiosi,
2135 3856 2230 3922 qui
2268 3871 2454 3906 omnes
2497 3856 2686 3906 confir-

1594 3935 1773 3990 mant,
1821 3925 2082 3977 crocodili
2126 3941 2232 3977 ova
2279 3940 2389 3975 non
2426 3925 2687 3976 excedere

1594 3997 1967 4062 magnitudine
1980 4011 2087 4046 ova
2100 3995 2380 4055 anserina3
2394 3996 2508 4046 vid.
2524 3993 2688 4046 Geor-

1594 4070 1716 4130 froy
1750 4083 1877 4133 pag.
1906 4064 2010 4118 379
2042 4073 2095 4116 et
2130 4063 2387 4116 Minutoli
2427 4080 2554 4130 pag.
2586 4063 2686 4115 159

1596 4137 1722 4188 coll.
1769 4135 2123 4186 Tiedemann.
2174 4149 2302 4200 pag.
2340 4134 2408 4186 53
2452 4149 2568 4200 seq.
2636 4135 2685 4184 E

1594 4206 1871 4257 veteribus
1883 4206 2165 4256 Herodoto
2180 4205 2547 4270 suffragantur
2556 4204 2688 4254 Dio-

1596 4277 1762 4327 dorus
1800 4277 1857 4339 1,
1892 4275 1977 4338 35,
2027 4274 2353 4325 Aristoteles
2390 4273 2541 4324 Hist.
2579 4273 2685 4324 An.

1596 4347 1665 4408 V,
1704 4346 1790 4409 32,
1829 4344 1946 4398 alii.

1651 4383 1790 4465 ’,καὶ
1816 4405 1847 4464 ὁ
1898 4405 2131 4471 νεοσσὸς
2177 4405 2319 4464 κατὰ
2364 4402 2537 4476 λόγον
2583 4407 2688 4460 τοῦ
