3109 5092
490 339 614 400 542

1355 340 1896 402 HERODOTI

487 509 648 582 ὅσον
672 541 746 583 τε
765 528 1060 601 πηχυαῖα
1076 511 1421 602 ἀγάλματα
1448 513 1916 603 νευρόσπαστα
1935 567 1953 601 ,
1982 513 2064 585 τὰ
2091 522 2573 606 περιφορέουσι
2605 518 2773 591 κατὰ

488 615 713 705 κώμας
747 634 1094 714 γυναῖκες,
1136 623 1343 688 νεῦον
1368 614 1443 687 τὰ
1474 623 1770 704 αἰδοῖον,
1817 615 1901 687 οὗ
1938 626 2162 715 πολλῷ
2197 623 2325 714 τέῳ
2343 627 2628 694 ἔλασσον
2654 621 2770 693 ἐὰν

487 725 609 798 τοῦ
637 718 846 790 ἄλλου
879 720 1199 811 σώματος.
1280 724 1677 809 προηγέεται
1717 721 1792 790 δὲ
1823 719 2062 810 αὐλὸς,
2106 729 2182 793 αἱ
2207 724 2283 793 δὲ
2318 727 2593 796 ἕπονται
2625 724 2765 796 ἀεί-

492 831 729 894 δουσαι
767 821 886 894 τὸν
927 823 1295 895 Διόνυσον.
1370 824 1543 894 διότι
1584 825 1661 893 δὲ
1715 827 1911 913 μέζον
1951 854 2024 896 τε
2065 832 2201 916 ἔχει
2241 825 2316 898 τὸ
2351 835 2614 901 αἰδοῖον
2653 832 2767 899 καὶ

489 930 697 997 κινέει
733 932 990 1016 μοῦνον
1017 933 1140 997 τοῦ
1178 926 1516 1016 σώματος,
1560 934 1700 997 ἔστι
1729 927 1922 1016 λόγος
1960 933 2118 1019 περὶ
2154 928 2365 1001 αὐτοῦ
2393 930 2535 1023 ἱρὸς
2573 932 2763 1021 λεγό-

493 1130 777 1195 sequentia
805 1145 1022 1194 quoque
1045 1129 1213 1179 verba
1242 1144 1360 1178 eam
1389 1127 1581 1178 lectio-

492 1215 614 1248 nem
638 1199 1013 1249 commendare
1036 1199 1338 1251 videantur.
1374 1198 1440 1247 In
1457 1197 1581 1247 cho-

491 1270 567 1317 ris
602 1269 745 1317 enim
779 1267 992 1318 differre
1040 1268 1240 1318 Noster
1285 1268 1365 1317 ait
1412 1268 1579 1317 Grae-

492 1353 677 1386 corum
711 1338 982 1402 Dionysia
1018 1338 1087 1386 ab
1125 1337 1428 1402 Aegyptiis,
1467 1341 1578 1386 sta-

492 1407 697 1471 timque
735 1407 986 1466 subiicit,
1024 1422 1164 1469 quae
1202 1422 1265 1456 eo
1303 1406 1578 1470 pertinent

491 1476 756 1525 solemnia
791 1475 856 1525 de
892 1475 1119 1540 phallis,
1170 1477 1388 1541 utrique
1424 1476 1576 1540 genti

489 1545 636 1594 haud
672 1545 847 1609 paria.
870 1576 941 1585 —
978 1546 1241 1608 „Praeter
1264 1544 1576 1610 anaglypha

491 1619 547 1662 et
579 1615 823 1678 picturae
870 1614 940 1663 ad
989 1606 1207 1678 φαλλὸν
1241 1615 1576 1679 pertinentes

492 1684 696 1734 multae
719 1685 971 1734 visuntur
1007 1685 1060 1733 in
1091 1683 1452 1734 monumentis
1473 1684 1578 1734 Ae-

491 1755 698 1818 gyptiis
726 1755 1050 1818 praesertim
1076 1753 1385 1816 Thebaicis,
1409 1753 1577 1817 inpri-

491 1824 593 1872 mis
624 1824 681 1873 in
717 1824 924 1888 palatio
959 1838 1126 1888 prope
1157 1823 1381 1873 Karnak
1427 1828 1483 1871 et
1521 1822 1578 1871 in

488 1892 750 1957 sepulcris
782 1909 986 1959 regum.
1058 1892 1184 1943 vid.
1209 1893 1485 1955 Descript.
1510 1891 1579 1941 de

489 1962 633 2028 l’Eg.
676 1964 752 2012 H.
789 1980 843 2028 p.
870 1964 969 2013 411
1008 1977 1123 2027 seq.
1152 1966 1207 2012 et
1236 1963 1381 2012 conf.
1411 1961 1576 2011 etiam

491 2032 877 2097 VVyttenbach.
914 2032 987 2081 ad
1023 2032 1300 2082 Plutarch.
1337 2031 1405 2081 de
1437 2030 1575 2080 Isid.

489 2117 617 2166 pag.
654 2103 809 2152 186.“
868 2103 953 2153 Cr.
1017 2102 1097 2151 Ac
1132 2100 1456 2151 Plutarchus
1490 2101 1576 2149 De

494 2170 630 2220 leid.
670 2175 725 2218 et
760 2170 964 2220 Osirid.
997 2185 1116 2234 cap.
1159 2172 1240 2226 ΒΖ.
1278 2171 1358 2220 18.
1391 2168 1459 2220 36
1497 2167 1574 2233 (p.

490 2239 611 2290 355.
653 2238 776 2303 365)
805 2239 1012 2302 profert
1048 2240 1469 2304 Pammyliorum
1499 2239 1576 2288 fe-

490 2312 634 2357 stum
673 2307 991 2372 phallicum,
1039 2308 1241 2357 Osiridi
1293 2322 1576 2358 conseera-

491 2382 634 2440 tum,
672 2381 1062 2441 comparatque
1098 2393 1216 2427 cum
1252 2376 1579 2440 Phallepho·

489 2447 586 2497 riis
624 2448 985 2508 Graecorum,
1038 2446 1174 2496 adeo
1211 2451 1272 2496 ut
1307 2446 1576 2511 imagines

490 2516 760 2580 phallicae
790 2516 860 2567 ad
891 2515 1163 2566 Osiridetn
1197 2516 1387 2566 referri
1417 2515 1577 2565 debe-

490 2592 605 2635 ant.
680 2588 755 2637 At
774 2601 902 2636 vero
930 2586 1162 2636 Osiridis
1194 2584 1395 2650 figuras
1427 2584 1578 2649 phal-

488 2655 624 2706 licas
672 2656 728 2705 in
765 2656 1156 2721 Aegyptiorum
1211 2654 1575 2705 monumentis

393 2759 403 2766 -
490 2726 713 2790 reperiri
777 2730 1008 2790 negant,
1076 2726 1132 2774 in
1186 2725 1382 2790 quibus
1436 2739 1578 2789 quae

487 2794 795 2845 huiusmodi
813 2795 1020 2860 figurae
1040 2796 1460 2858 conspiciantur,
1483 2809 1577 2844 eas

492 2869 741 2927 spectare
777 2869 974 2929 putant
1010 2864 1079 2914 ad
1121 2879 1242 2913 eum
1275 2864 1444 2923 diem,
1482 2864 1577 2927 qui

490 2938 576 2981 est
599 2933 835 2982 omnium
866 2948 1042 2982 rerum
1071 2937 1376 2997 generator,
1411 2931 1575 2981 Chem

491 3018 537 3049 s.
573 3000 748 3050 Khem
798 3018 842 3052 s.
889 3002 1007 3050 Pan
1052 3001 1148 3064 (de
1189 3017 1294 3065 quo
1342 3001 1575 3050 diximus

488 3068 561 3119 ad
597 3070 673 3132 11,
713 3069 833 3134 46):
873 3070 1017 3133 quod
1041 3071 1089 3118 si
1117 3086 1302 3119 verum
1326 3074 1428 3132 est,
1463 3070 1575 3120 He-

488 3137 713 3188 rodotus
752 3144 1039 3203 utrumque
1076 3139 1233 3189 deum
1259 3138 1575 3189 confudisse

487 3205 748 3258 dicendus
803 3208 927 3258 erit.
1018 3208 1102 3256 De
1158 3223 1264 3271 quo
1322 3208 1573 3272 equidem

488 3268 689 3342 ἐπέχω.
752 3278 838 3327 Tu
857 3277 930 3327 cf.
952 3276 1283 3327 Wilkinson.
1316 3278 1573 3327 Manners

488 3352 596 3398 etc.
636 3362 747 3398 sec.
798 3362 905 3396 ser.
956 3346 1005 3399 1.
1053 3361 1106 3410 p.
1152 3346 1254 3398 342
1303 3362 1454 3412 seqq.
1492 3347 1571 3397 11.

486 3431 539 3481 p.
580 3417 700 3468 299.
774 3416 1015 3480 Parthey
1047 3415 1120 3465 ad
1141 3416 1421 3467 Plutarch.
1459 3415 1495 3465 l.
1531 3415 1569 3467 l.

486 3500 614 3552 pag.
654 3485 777 3536 229.
838 3485 1131 3537 Rosellini:
1156 3486 1395 3536 Menum.
1424 3485 1571 3535 civil.

489 3557 600 3607 111.
640 3572 695 3619 p.
746 3556 832 3618 80,
880 3555 972 3620 qui
1009 3555 1076 3605 de
1112 3554 1254 3605 festo
1294 3556 1572 3605 Ammonis

485 3625 828 3690 ithyphallici
844 3625 932 3674 hic
954 3624 1183 3690 cogitari
1206 3622 1343 3675 vult.
1381 3624 1572 3674 Adhuc

487 3710 581 3758 per
616 3695 924 3760 Aegyptum
958 3696 1016 3743 in
1056 3692 1376 3758 quibusdam
1412 3694 1571 3742 festis

486 3763 689 3827 figuras
726 3764 976 3828 phallicis
1015 3761 1220 3813 similes
1260 3763 1390 3812 ferri
1426 3777 1571 3812 asse-

487 3833 560 3881 rit
594 3833 737 3882 idem
773 3831 1102 3882 Wilkinson.
1136 3829 1176 3882 l.
1204 3830 1241 3880 l.
1268 3832 1315 3882 Ι.
1353 3849 1407 3896 p.
1437 3830 1570 3892 3443

485 3901 542 3949 in
581 3900 900 3964 quibusdam
936 3901 1157 3950 Africae
1187 3900 1462 3950 interioris
1491 3916 1571 3950 re-

486 3969 740 4032 gionibus
777 3969 954 4019 adhuc
990 3968 1204 4033 phallos
1251 3970 1477 4032 reperiri
1513 3970 1570 4018 in

484 4038 643 4086 festis
680 4038 885 4102 gestari
924 4037 1115 4087 solitos
1156 4036 1314 4088 affert
1341 4039 1570 4100 Magnin

484 4104 700 4169 (Revue
741 4107 836 4157 des
878 4106 1017 4155 deux
1059 4107 1243 4157 mond.
1293 4108 1361 4157 T.
1406 4107 1567 4158 XIII.

483 4190 538 4240 p.
576 4173 721 4238 724),
761 4175 851 4239 qui
888 4173 1091 4239 figuras
1116 4174 1401 4239 phallicas,
1439 4191 1569 4240 qua-

481 4243 561 4293 les
587 4243 640 4292 h.
663 4245 699 4293 l.
730 4242 1044 4294 Herodotus
1073 4243 1385 4308 descripsit,
1424 4261 1569 4294 com-

480 4314 700 4378 paravit
736 4329 856 4363 cum
903 4313 1001 4375 iis,
1051 4312 1240 4376 quales
1284 4313 1445 4363 hodie
1489 4314 1567 4363 fe-

480 4386 674 4433 runtur
709 4382 954 4434 nomine=
993 4381 1357 4442 Marionetten.

1753 1120 2044 1196 ἀγάλματα
2066 1123 2477 1201 νευρόσπαστα]
2502 1134 2542 1184 ἰ.
2565 1150 2613 1185 e.
2644 1138 2765 1185 ima-

1677 1214 1851 1265 fflnes,
1907 1216 2036 1266 quae
2079 1217 2230 1252 nervo
2274 1211 2549 1265 moventur,
2611 1219 2767 1253 nervo

1679 1271 1897 1331 mobiles,
1927 1270 2116 1335 quales
2135 1271 2413 1322 Lucianus
2430 1289 2643 1339 quoque
2660 1287 2766 1323 me-

1679 1345 1857 1390 morat
1894 1339 1957 1404 (t.
2001 1341 2100 1391 IX.
2138 1358 2193 1406 p.
2240 1341 2310 1392 99
2355 1343 2441 1392 ed.
2480 1343 2650 1408 Bip.),
2700 1342 2767 1392 de

1680 1410 1783 1460 dea
1818 1410 1941 1476 Syr.
1981 1410 2065 1460 16.
2136 1411 2255 1461 Iam
2289 1427 2428 1475 quae
2466 1416 2766 1478 sequuntur

1680 1477 1853 1529 νεῦον
1888 1471 1951 1528 τὸ
1998 1474 2230 1529 αἰδοῖον
2275 1484 2326 1530 it.
2378 1496 2424 1529 τ.
2466 1480 2536 1546 λ.,
2586 1483 2647 1532 in
2678 1482 2764 1531 his

1680 1549 1928 1599 mutandi
1968 1548 2117 1599 nulla
2150 1551 2299 1599 iusta
2335 1565 2534 1612 causa3
2573 1567 2767 1616 propo-

1680 1623 1902 1669 suerant
1938 1619 2083 1668 enim
2118 1619 2335 1684 quidam
2364 1623 2419 1669 et
2462 1619 2673 1670 σεῦον
2710 1625 2766 1671 et

1682 1681 1983 1737 νεύοντα
2017 1703 2114 1752 pro
2139 1686 2329 1751 νεῦον,
2370 1691 2512 1753 quod
2538 1696 2597 1740 tu
2623 1691 2767 1740 refer

1680 1759 1751 1808 ad
1791 1749 2079 1821 ἀγάλματα
2130 1757 2421 1823 eodemque
2467 1761 2627 1810 modo
2672 1775 2765 1825 po-

1680 1828 1843 1876 situm
1882 1827 2099 1891 accipe,
2144 1843 2250 1892 quo
2287 1842 2450 1892 supra
2485 1830 2561 1894 11,
2599 1829 2663 1880 41
2710 1834 2767 1879 et

1679 1897 1824 1945 infra
1860 1896 1935 1959 ΙΙ,
1967 1896 2087 1947 133.

1747 2012 2081 2080 προηγέεται
2109 2007 2173 2065 δὲ
2200 2005 2395 2080 αὐλός]
2417 2016 2596 2077 Tibia,
2628 2016 2766 2066 Bac-

1677 2085 1849 2136 chicis
1907 2085 2066 2135 festis
2118 2086 2362 2152 propria,
2426 2086 2495 2135 ab
2545 2085 2763 2135 Osiride

1676 2156 1814 2206 adeo
1851 2156 2075 2204 inventa
2105 2154 2304 2204 dicitur
2327 2155 2633 2220 Aegyptiis,
2669 2155 2762 2220 qui

1676 2226 1759 2275 uti
1795 2225 1851 2274 in
1888 2224 2059 2274 sacris
2094 2223 2551 2275 reconditioribus
2587 2241 2765 2275 sacer-

1677 2294 1865 2345 dotum
1914 2293 2127 2344 cithara
2174 2294 2261 2343 usi
2311 2293 2628 2357 videantur,
2680 2296 2763 2344 ita

1679 2364 1733 2412 in
1771 2363 1921 2428 vulgi
1945 2364 2303 2414 conventibus
2329 2364 2609 2427 sacrisque
2629 2365 2763 2413 Bac-

1678 2432 1765 2483 chi
1789 2433 1979 2482 tibiam
2009 2432 2390 2483 adhibuerunt.
2451 2432 2618 2483 Cuius
2638 2449 2763 2483 cau·

1679 2518 1769 2552 sas
1801 2503 2015 2566 aperuit
2044 2501 2295 2551 Creuzer.
2323 2501 2568 2566 symbol.
2594 2503 2669 2553 ΙΙ.
2704 2520 2761 2568 p.

1684 2573 1781 2622 172
1819 2572 1903 2621 ed.
1944 2575 2071 2621 tert.
2126 2570 2281 2624 Conf.
2306 2571 2453 2620 infra
2488 2572 2564 2632 11,
2603 2571 2691 2622 60.

1747 2667 1812 2722 αἴ
1832 2667 1895 2721 δὲ
1917 2667 2151 2723 ἕπονται
2173 2665 2471 2724 ἀείδουσαι
2504 2667 2607 2724 τὸν
2625 2665 2761 2723 Διό-

1680 2742 1879 2808 νυσον]
1903 2743 2319 2806 Lamentantes,
2358 2749 2518 2808 puto,
2558 2749 2613 2794 et
2646 2759 2763 2793 car·

1677 2813 1825 2863 mina
1882 2812 2135 2877 lugubria
2200 2819 2458 2864 canentes
2520 2814 2579 2862 in
2630 2812 2762 2862 Dio-

1671 2882 1800 2947 nysi
1847 2881 2146 2944 (Osiridis)
2208 2898 2241 2932 a
2298 2882 2561 2948 Typhone
2612 2882 2763 2932 caesi

1676 2950 1945 3015 undisque
2004 2951 2193 3000 traditi
2261 2951 2521 3002 honorem
2582 2952 2761 3016 Aegy-

1676 3021 1777 3085 ptii
1834 3020 1923 3068 hic
1964 3020 2301 3071 exhibentur.
2385 3021 2544 3072 Conf.
2598 3021 2761 3071 Creu-

1677 3105 1786 3140 zer.
1820 3089 1860 3139 l.
1895 3088 1933 3138 l.

1746 3202 1860 3258 ἔστι
1882 3200 2049 3273 λόγος
2084 3204 2214 3273 περὶ
2240 3198 2423 3259 αὐτοῦ
2446 3200 2573 3272 [poc
2607 3199 2761 3272 λεγό-

1674 3276 1866 3343 μενος]
1922 3279 2124 3329 Sensus
2178 3278 2443 3329 formulae
2488 3278 2633 3328 haud
2677 3278 2759 3327 di-

1674 3362 1865 3397 versus
1916 3364 1951 3397 a
2001 3347 2267 3400 similibus
2312 3347 2449 3411 illis,
2504 3363 2640 3412 quas
2685 3346 2759 3396 ad

1677 3417 1752 3479 H,
1788 3418 1859 3467 46
1905 3418 2206 3482 attigimus.
2280 3419 2431 3480 Quae
2472 3432 2600 3467 vero
2649 3417 2758 3466 He-

1674 3486 1897 3536 rodotus
1934 3485 2115 3551 eloqui
2150 3486 2306 3536 nefas
2343 3488 2538 3547 habet,
2576 3486 2759 3550 prodit

1674 3555 1998 3606 Plutarchus
2034 3555 2101 3605 de
2136 3555 2270 3606 Isid.
2306 3562 2361 3606 et
2390 3554 2592 3606 Osirid.
2634 3571 2753 3619 cap.

1680 3625 1773 3675 18..
1798 3640 1924 3689 pag.
1961 3625 2065 3676 358
2099 3626 2162 3675 B.
2238 3624 2373 3675 Cum
2405 3625 2549 3675 enim
2582 3624 2758 3674 Osiris

1673 3710 1707 3743 a
1760 3694 2024 3759 Typhone
2088 3709 2279 3744 caesus
2338 3699 2394 3743 et
2452 3694 2758 3758 discerptus

1674 3770 1846 3826 esset,
1902 3763 2009 3812 Isis
2053 3761 2197 3812 illius
2245 3763 2484 3813 membra
2526 3763 2761 3813 disiecta

1674 3833 1995 3897 conquirens
2046 3831 2343 3882 membrum
2386 3831 2547 3880 virile
2585 3832 2757 3882 Osiri-

1673 3900 1757 3950 dis
1790 3902 2034 3951 invenire
2070 3899 2215 3950 haud
2250 3901 2452 3963 potuit,
2490 3901 2687 3965 quippe
2724 3916 2760 3950 a

1672 3970 1914 4033 piscibus
1940 3970 2199 4020 continuo
2225 3969 2562 4020 devoratum.
2612 3971 2759 4032 Qua-

1672 4053 1732 4088 re
1793 4040 1909 4088 eius
1965 4037 2088 4088 loco
2152 4039 2438 4088 substituit
2491 4038 2757 4088 imitando

1672 4106 1911 4171 phallum
1948 4108 2367 4171 memoriamque
2402 4108 2481 4157 rei
2518 4108 2598 4157 sic
2631 4123 2760 4157 con-

1671 4177 1928 4227 secravit.
1983 4176 2143 4226 Unde
2176 4177 2409 4236 factum,
2450 4180 2514 4225 ut
2548 4177 2603 4225 in
2628 4177 2760 4226 Dio-

1669 4245 1909 4309 nysiacis
1976 4245 2136 4295 festis
2202 4248 2484 4295 uterentur
2550 4244 2755 4309 phano·

1667 4313 1847 4363 Aliam
1878 4314 2046 4363 refert
2081 4329 2299 4364 causam
2347 4313 2598 4366 Clemens
2633 4314 2759 4365 Ale-

1667 4381 1860 4432 xandr.
1892 4383 1949 4431 in
1981 4384 2255 4447 Protrept.
2290 4397 2419 4449 pag.
2453 4382 2544 4435 29.
2579 4382 2667 4435 30.
