3109 5092
460 367 584 430 210

1328 373 1870 438 HERODOTI

462 542 537 610 δὲ
577 541 768 612 αὐτοὶ
796 548 1016 614 Λυδοὶ
1057 551 1168 618 καὶ
1211 546 1327 628 τὰς
1367 556 1716 636 παιγνίας,
1769 545 1886 626 τὰς
1929 553 2061 617 νῦν
2100 555 2296 636 σφίσι
2337 574 2410 617 τε
2451 549 2564 616 καὶ
2589 542 2745 618 ’Ἐλ-

460 656 611 735 λησι
654 649 1137 736 κατεστεώσας,
1191 654 1465 723 ἑωυτῶν
1506 650 1834 742 ἐξεύρημα
1878 653 2219 738 γενέσθαι.
2288 646 2424 740 ἅμα
2458 651 2533 720 δὲ
2580 651 2744 720 ταύ-

458 779 574 832 τας
611 780 682 820 τε
719 748 1158 844 ἐξευρεθῆναι
1196 754 1377 846 παρὰ
1405 764 1600 844 σφίσι
1646 758 1918 842 λέγουσι
1959 757 2071 824 καὶ
2114 761 2502 845 Τυρσηνίην
2541 751 2740 825 ἄποι-

461 862 677 940 κίσαι,
719 845 851 926 ὦδε
891 860 1045 948 περὶ
1082 857 1311 929 αὐτῶν
1358 863 1687 947 λέγοντες.
1758 856 1868 928 ἐπὶ
1886 856 2127 938 ’Ἄτυος
2170 864 2291 928 τοῦ
2331 858 2591 928 Μάνεω
2621 866 2745 946 βα-

459 1022 772 1072 vendendas
818 1026 924 1091 ipsi
975 1028 1044 1077 ab
1085 1027 1206 1077 aliis
1248 1028 1558 1078 mercatori-

458 1092 563 1141 bus
590 1099 760 1143 emtas
791 1093 1021 1159 habent,
1059 1099 1339 1148 institores
1365 1099 1555 1163 itaque

463 1161 678 1212 dicendi
725 1169 780 1212 et
832 1167 1104 1218 cociones.
1188 1168 1274 1218 Tu
1309 1167 1421 1217 vid.
1459 1184 1553 1232 po-

458 1233 727 1282 tissimum
774 1234 931 1285 binos
967 1236 1215 1287 Platonis
1251 1238 1402 1287 locos
1442 1253 1553 1287 ma-

459 1302 602 1351 xime
629 1303 871 1368 insignes
897 1305 1036 1355 hanc
1063 1308 1117 1355 in
1137 1323 1275 1356 rem:
1308 1306 1549 1372 Sophist.

459 1386 511 1435 p.
540 1372 643 1422 223
668 1374 759 1434 D.,
794 1375 879 1423 De
914 1391 973 1424 re
1005 1375 1155 1440 publ.
1194 1377 1270 1438 11,
1303 1377 1385 1427 12.
1421 1392 1548 1440 pag.

459 1440 556 1490 371
587 1442 656 1502 D,
695 1443 764 1492 ad
802 1458 959 1507 quem
992 1445 1172 1495 locum
1210 1462 1353 1496 nunc
1388 1446 1547 1496 video

459 1510 693 1574 plurima
728 1519 991 1576 congesta
1035 1531 1156 1565 esse
1193 1516 1262 1566 ab
1301 1516 1457 1566 Astio
1493 1532 1547 1580 p.

460 1578 594 1641 419,
632 1581 690 1629 in
726 1583 921 1646 quibus
960 1586 1304 1649 potissimum
1340 1584 1552 1635 consuli

459 1648 622 1698 velim
657 1651 1002 1703 Perizonium
1039 1654 1109 1704 ad
1141 1654 1353 1705 Aelian.
1382 1656 1448 1704 V.
1477 1656 1547 1704 Η.

459 1718 573 1780 XI,
617 1718 668 1768 9.
745 1721 923 1783 ,‚Add.
964 1725 1140 1789 Toup.
1181 1724 1447 1775 Emendd.
1495 1724 1550 1773 in

460 1788 613 1838 Suid.
656 1790 730 1840 11.
782 1806 833 1855 p.
875 1794 978 1843 204
1027 1793 1150 1844 coll.
1202 1795 1310 1843 Cur
1342 1794 1552 1844 noviss.

458 1859 513 1907 in
550 1858 701 1910 Suid.
739 1876 794 1925 p.
833 1862 996 1913 295.“
1053 1864 1137 1914 Gr.
1217 1865 1396 1925 Quare
1446 1879 1552 1912 non

458 1928 680 1992 mirum,
734 1931 793 1980 in
831 1933 1108 1997 Lydorum
1146 1932 1409 1983 historiae
1449 1934 1556 1982 Ex-

459 1999 689 2061 cerptis,
729 2016 869 2065 quae
901 2019 965 2052 ex
988 2002 1201 2054 Nicolai
1225 2003 1556 2052 Damasceni

457 2066 610 2116 libris
634 2084 805 2133 nuper
827 2072 1072 2122 Muelleri
1094 2089 1224 2122 cura
1249 2074 1398 2123 edita
1427 2077 1553 2122 sunt

462 2136 757 2201 (Fragmm.
796 2140 927 2191 hist.
969 2143 1192 2193 Graece.
1231 2143 1335 2192 111.
1368 2159 1423 2208 p.
1450 2141 1554 2191 380

461 2207 630 2268 seq.),
685 2210 754 2257 ad
793 2209 1087 2275 Adyattem
1134 2213 1382 2276 eiusque*
1413 2210 1553 2260 filios

459 2278 796 2338 spectantia,
819 2294 1186 2344 cauponarum
1211 2283 1551 2346 frequentem

459 2342 576 2392 fieri
626 2347 953 2398 mentionem
1008 2350 1291 2416 ipsumque
1345 2350 1549 2414 Ardyn‚

462 2414 608 2478 regis
655 2415 853 2480 filium,
902 2421 1184 2484 expulsum
1220 2421 1405 2470 Cumis
1443 2420 1551 2470 dici

460 2499 761 2549 cauponem
810 2489 1008 2554 egisse.
1087 2491 1553 2554 De‘Graecorum

459 2557 796 2619 cauponibus
830 2560 1010 2609 omnia
1032 2560 1220 2611 attulit
1241 2560 1301 2610 C.
1325 2561 1389 2610 F.
1415 2561 1553 2610 Her-

459 2638 625 2744 ξιαῃιι
646 2627 861 2679 Griech.
893 2630 1242 2681 Privalterth.
1262 2630 1310 2692 ἓ.
1333 2632 1400 2680 44
1432 2636 1548 2680 not.

530 2711 684 2761 seqq.

530 2795 674 2863 φασὶ
716 2795 780 2850 δὲ
825 2793 990 2853 αὐτοὶ
1035 2800 1246 2867 Λυδοὶ,
1307 2802 1403 2855 καὶ
1455 2795 1554 2861 τὰς

443 2882 500 2945 ηπ
518 2883 586 2916 αι
606 2867 841 2933 γνίας,
892 2865 991 2929 τὰς
1027 2871 1135 2922 νῦν
1173 2872 1336 2938 σφίσι
1372 2889 1428 2924 τε
1457 2869 1552 2924 καὶ

466 2934 675 3001 Ελλησι
712 2953 762 2988 κ.
803 2955 850 2987 τ.
891 2940 962 3006 λ.]
1005 2940 1271 3005 παιγνία,
1309 2943 1346 2992 i.
1387 2960 1435 2994 e.
1476 2947 1550 2993 ln-

463 3021 575 3069 sus,
631 3023 775 3068 „vox
828 3010 1029 3073 rarior,
1096 3027 1205 3075 qua
1248 3011 1372 3062 inde
1419 3028 1550 3062 usus

466 3078 550 3123 est
606 3075 676 3124 ad
721 3077 1002 3128 Plutarchi
1056 3078 1233 3130 locum
1292 3081 1552 3132 tuendum

462 3144 844 3207 Wyttenbacb.
903 3149 959 3197 in
1011 3149 1419 3201 Animadverss.
1479 3151 1550 3202 ad

463 3213 678 3263 Morall.
717 3231 770 3280 p.
808 3215 877 3266 30
910 3218 978 3268 Ε.
1017 3234 1142 3284 pag.
1180 3219 1342 3270 265.“
1383 3222 1467 3271 Or.

531 3327 626 3382 καὶ
657 3332 987 3400 Τυρσηνίην
1022 3328 1419 3405 ἀποικίσαι]
1441 3330 1549 3388 ἄπ-

459 3399 691 3463 οικίζειν
729 3410 836 3455 est:
876 3409 1114 3457 coloniam
1149 3409 1341 3460 ducere
1371 3411 1421 3458 in
1457 3411 1550 3460 ali-

460 3488 604 3537 quam
622 3481 837 3533 ter-ram,-
860 3477 925 3526 de
946 3493 1052 3542 quo
1074 3478 1209 3528 satis
1235 3479 1347 3544 egit
1366 3479 1548 3529 Sturz.

459 3541 516 3591 in
563 3544 746 3596 Lexic.
807 3546 1150 3612 Xenophont.
1203 3550 1251 3599 I.
1311 3564 1366 3613 p.
1426 3548 1545 3610 336,

465 3611 902 3678 Schweigliaeus.
950 3619 1006 3667 in
1042 3618 1140 3668 Pol
1181 3618 1236 3670 b.
1272 3618 1461 3670 Lexic.
1497 3635 1552 3683 p.

467 3682 555 3731 75.
628 3684 860 3736 Multum
896 3687 1075 3738 differt
1163 3686 1550 3750 ποικίζειν,

463 3752 607 3814 quod
671 3759 754 3804 est
804 3760 976 3808 venire
1032 3758 1233 3809 aliunde
1283 3757 1556 3809 habitatum

462 3822 606 3880 apud
635 3831 832 3875 veteres
862 3830 994 3877 cives
1016 3842 1079 3875 ac
1101 3841 1426 3889 possessores
1461 3828 1553 3877 ali—

461 3889 602 3936 cuius
654 3896 873 3957 regyi‘onis
915 3898 996 3944 vel
1033 3895 1189 3945 urbis.
1272 3895 1439 3945 Plura
1488 3897 1554 3946 de

463 3954 654 4006 horum
691 3962 1077 4012 vocabulorum
1116 3963 1427 4014 discrimine
1463 3965 1555 4014 ad—

462 4034 789 4079 monuerunt
843 4032 1229 4096 Wyttenbaeh.
1305 4034 1372 4083 ad
1431 4034 1555 4084 Plu-

463 4095 636 4145 tarch.
659 4098 874 4149 Morall.
898 4117 948 4164 p.
977 4102 1080 4148 244
1101 4102 1146 4149 Ε
1171 4102 1260 4156 (Τ.
1286 4103 1390 4151 111.
1419 4120 1471 4167 p.
1496 4104 1552 4168 6)

468 4169 522 4213 et
560 4165 804 4217 Tafelins
841 4169 898 4217 in
934 4168 1206 4220 Dilucidd.
1244 4171 1553 4224 Pindarico.

465 4233 514 4353 ξ.
552 4251 620 4356 ἐξ
664 4236 733 4288 20
784 4254 937 4304 seqq.
1000 4239 1070 4289 ad
1117 4238 1277 4290 Pind.
1336 4239 1552 4308 Olymp.

499 4341 513 4366 ,
626 4341 639 4354 .

1659 1023 1948 1089 σιτοδείην
1977 1016 2219 1090 ἰσχυρὴν
2243 1056 2313 1065 —
2339 1021 2630 1092 γενέσθαι]
2665 1027 2750 1074 De

1656 1095 1794 1161 Atye
1829 1110 1959 1158 rege
2006 1096 2115 1144 iam
2157 1110 2322 1161 supra
2361 1095 2430 1147 ad
2465 1096 2511 1159 1,
2551 1099 2581 1147 7
2618 1110 2751 1145 non-

1656 1165 1809 1214 nulla
1849 1165 1996 1214 dicta
2019 1169 2165 1215 sunt.
2224 1167 2349 1217 Hoc
2383 1166 2504 1216 loco
2544 1166 2751 1216 dissen-

1657 1250 1775 1284 sum
1818 1241 2070 1284 notamus
2100 1236 2272 1285 nostri
2310 1236 2619 1300 scriptoriS,
2658 1234 2752 1300 qui

1655 1304 1753 1366 IV,
1802 1306 1873 1353 45
1916 1305 2095 1354 Manis
2148 1304 2317 1355 filium
2364 1310 2529 1356 vocat
2573 1306 2751 1368 Cotyn,

1655 1389 1763 1423 non
1792 1374 1953 1440 Atyn,
1992 1379 2053 1424 ut
2080 1374 2182 1424 hoc
2218 1374 2357 1426 loco.
2430 1376 2553 1437 Qua
2589 1374 2657 1423 de
2692 1389 2752 1422 re

1655 1443 1833 1494 dicere
1879 1444 2100 1509 longum
2143 1450 2246 1494 est.
2322 1445 2482 1508 Quod
2515 1445 2658 1495 enim
2694 1443 2751 1492 in

1655 1512 1828 1563 altero
1866 1513 2286 1564 Herodotiloco
2318 1514 2604 1564 lectionem
2640 1528 2754 1562 mu-

1654 1583 1874 1632 tandam
1927 1588 2176 1646 censent,
2227 1584 2538 1649 refragatur
2587 1582 2750 1632 libro-

1655 1668 1773 1702 rum
1792 1668 1955 1702 manu
1981 1654 2306 1718 scriptorum
2330 1668 2646 1714 consensus,
2670 1668 2753 1701 re-

1657 1722 1944 1788 fragantur
1981 1722 2091 1772 alia
2119 1724 2435 1773 testimonia
2465 1739 2499 1772 a
2522 1722 2752 1772 Valcke-

1656 1792 1813 1841 nario
1861 1792 2104 1857 prolata,
2154 1792 2350 1857 quibus
2398 1787 2541 1843 idem
2590 1791 2679 1840 ille
2717 1807 2752 1840 a

1658 1862 1960 1920 mutatione
2006 1877 2066 1911 se
2111 1863 2331 1912 avocari
2388 1877 2584 1928 passus
2645 1855 2757 1910 est?

1656 1930 1782 1980 vid.
1826 1931 1971 1980 infra
2006 1947 2221 1996 quoqne
2256 1933 2385 1993 vn,
2424 1934 2491 1982 74
2527 1937 2581 1981 et
2616 1931 2751 1980 Dio-

1658 2015 1777 2065 nyS.
1826 2000 2206 2052 Halicarnass.
2257 2002 2484 2066 Antiqq.
2534 2003 2746 2051 Romm.

1657 2070 1703 2130 Ι,
1742 2072 1827 2121 27.
1902 2072 2017 2120 Nec
2056 2070 2348 2137 quidquam
2388 2075 2601 2121 mutare
2636 2069 2750 2134 pla—

1658 2141 1771 2188 cuit
1808 2135 2180 2205 Wesselingio
2230 2142 2316 2206 (in
2362 2147 2478 2191 not.
2529 2139 2599 2190 ad
2651 2140 2749 2200 IV,

1658 2209 1779 2273 45),
1826 2210 1918 2275 qui
1954 2214 2243 2275 utrumque
2270 2211 2537 2260 Herodoti
2570 2208 2750 2258 locum

1654 2278 1736 2327 ita
1766 2279 2046 2329 conciliari
2072 2294 2234 2343 posse
2259 2280 2473 2342 statuit,
2508 2284 2571 2330 ut
2596 2293 2749 2343 prae-

1655 2351 1738 2396 ter
1766 2350 1912 2413 Atyn
1937 2349 2101 2399 etiam
2123 2349 2318 2414 Cotyn,
2346 2351 2523 2399 Manis
2558 2349 2746 2408 filium,

1656 2417 1725 2466 ab
1746 2418 2024 2468 Herodoto
2049 2418 2281 2483 intelligi
2305 2419 2568 2469 dicamne.
2595 2418 2747 2479 Quae

1654 2492 1835 2537 utrum
1868 2504 1979 2537 rem
2015 2487 2273 2538 dirimant
2308 2505 2407 2540 nec
2444 2504 2539 2549 ne,
2600 2486 2747 2552 equi-

1656 2557 1776 2606 dem
1800 2573 1908 2608 non
1942 2556 2101 2608 valeo
2127 2573 2390 2609 asserere.
2447 2560 2496 2608 N
2499 2574 2561 2608 ec
2585 2557 2748 2605 Cren-

1656 2643 1837 2676 zerum
1873 2627 2073 2677 fecisse
2110 2628 2269 2677 video
2294 2629 2637 2693 inFragmm.
2668 2625 2747 2674 hi-

1658 2702 1819 2749 storr.
1859 2713 1987 2762 pag.
2015 2698 2307 2749 152—154.
2379 2698 2590 2748 Nomen
2625 2694 2745 2744 Μα-

1657 2767 1736 2815 nis
1770 2766 1914 2815 infra
1943 2768 2172 2816 recurrit
2197 2767 2293 2830 IV,
2312 2769 2380 2818 45
2406 2772 2461 2817 et
2491 2768 2744 2831 frequens

1658 2851 1935 2885 servorum
1958 2836 2317 2900 Phrygiorum
2342 2837 2485 2901 apud
2508 2838 2746 2888 Graecos

1656 2921 1958 2968 cognomen
2005 2911 2112 2966 est,
2171 2905 2239 2956 de
2276 2921 2381 2970 quo
2420 2908 2638 2972 Menag.
2677 2903 2746 2954 ad

1655 2975 1888 3040 Diogen.
1929 2976 2114 3025 Laert.
2163 2976 2230 3037 V,
2269 2976 2364 3037 55,
2412 2991 2446 3027 a
2481 2977 2573 3027 Cr.
2614 2975 2747 3024 cita-

1656 3048 1766 3094 tus.
1827 3045 1892 3094 In
1930 3044 2144 3095 Nicolai
2180 3045 2512 3095 Damasceni
2548 3046 2746 3095 Excer-

1657 3114 1766 3176 ptis
1825 3129 1997 3178 nuper
2049 3114 2211 3164 editis
2271 3115 2565 3179 (Fragmm.
2614 3114 2743 3163 hist.

1654 3183 1883 3234 Graeco.
1921 3184 2031 3233 111.
2071 3200 2126 3248 p.
2153 3183 2255 3233 382
2296 3185 2379 3249 ed.
2408 3185 2468 3234 C.
2495 3181 2742 3246 Mueller)

1650 3250 1907 3316 legimus,
1970 3253 2070 3302 sub
2127 3253 2267 3303 Mele
2327 3269 2454 3316 rege
2512 3253 2744 3318 Lydiam

1651 3322 1987 3385 oppressisse
2011 3323 2038 3370 f
2038 3337 2231 3383 amem,
2249 3326 2507 3387 tanquam
2531 3323 2601 3373 ad
2620 3337 2746 3386 poe-

1650 3406 1777 3440 nam
1811 3391 1879 3440 iis
1915 3392 2177 3441 inflictam
2208 3407 2302 3455 pro
2331 3393 2497 3443 caede
2519 3391 2746 3456 Dascyli

1652 3476 1685 3510 a
1704 3461 1923 3522 regibus
1942 3460 2312 3526 repetendam3
2339 3462 2613 3512 adduntur
2633 3460 2746 3511 alia

1655 3529 1720 3579 de
1766 3530 1910 3579 Mele
1956 3531 2138 3580 exsule
2187 3535 2241 3579 et
2287 3537 2413 3595 post
2454 3531 2745 3583 triennium

1657 3598 1939 3663 Babylone
1998 3600 2258 3650 redeunte
2307 3600 2539 3667 indeque
2589 3601 2745 3649 resti-

1658 3673 1810 3718 tuto:
1860 3670 1927 3719 de
1969 3670 2245 3734 Lydorum
2288 3670 2525 3721 inventis
2573 3668 2747 3734 deque

1656 3738 1982 3803 migratione
2017 3740 2289 3805 Lydorum
2322 3739 2457 3789 nihil
2489 3739 2743 3789 traditur.

1656 3838 1728 3846 —-
1778 3803 2035 3873 βασιλέος
2082 3825 2112 3858 e
2160 3808 2370 3858 duobus
2414 3809 2566 3858 libris
2616 3808 2747 3856 scri-

1656 3876 1863 3940 psimus
1903 3892 2023 3927 cum
2063 3877 2363 3943 Schweigh.
2413 3883 2468 3927 et
2504 3875 2746 3928 Gaisfor-

1659 3946 1778 4007 dio,
1831 3951 1895 3996 ut
1930 3946 2094 4011 paulo
2142 3947 2287 3995 infra
2340 3947 2527 3997 eodem
2565 3947 2747 4011 capite

1659 4012 1886 4082 βασιλέα
1924 4032 2020 4081 pro
2048 4016 2235 4080 vulgg.
2264 4012 2531 4081 βασιλῆος
2567 4021 2622 4066 et
2647 4012 2745 4082 βα-

1661 4082 1843 4148 σιλῆα.
1916 4086 2045 4136 Mox
2084 4086 2285 4136 retinui
2321 4083 2638 4150 σιτοδείην,
2690 4086 2746 4134 ἰῐι

1659 4170 1765 4219 quo
1799 4154 1925 4205 libri
1962 4171 2127 4205 manu
2149 4156 2342 4220 scripti
2377 4155 2745 4214 consentiunt,

1657 4239 1755 4288 pro
1800 4221 2119 4289 σιτοδηΐην.
2191 4225 2332 4275 Vide
2374 4241 2540 4290 snpra
2584 4225 2640 4286 1,
2677 4226 2746 4274 22

1656 4293 1841 4358 ibique
1876 4298 2017 4344 nott.
2088 4292 2172 4344 Ad
2209 4296 2361 4344 vocis
2396 4294 2747 4360 significatio-

1555 4365 1565 4373 “
1658 4378 1779 4412 nem
1832 4368 1958 4427 apte
2004 4368 2189 4414 monet
2234 4363 2660 4425 Valckenarius,
2713 4378 2747 4412 a

532 4414 624 4474 ἐπὶ
658 4414 853 4486 ’Ἄτυος
896 4423 1002 4478 τοῦ
1035 4419 1251 4478 Μάνεω
1287 4424 1558 4496 ’βασιλέος

1656 4432 1923 4497 Dionysio
1958 4430 1996 4483 l.
2031 4431 2070 4484 l.
2099 4433 2297 4498 exponi
2333 4424 2588 4497 ἀφορίαν
2608 4447 2745 4496 καρ-
