3109 5092
1296 312 1550 376 CLIO.
1601 315 1653 374 Ι.
1706 324 1827 377 105.
2574 310 2689 372 231

418 514 587 558 mov
637 484 955 576 βασιλεὺς
995 485 1311 568 ἀντιάσας
1361 486 1645 576 δώροισί
1679 514 1752 557 τε
1799 490 1912 557 καὶ
1957 495 2171 579 λιτῇσι
2218 484 2578 578 ἀποτρέπει
2624 492 2699 565 τὸ

418 594 819 682 προσωτέρω
851 589 941 680 μὴ
971 591 1405 681 πορεύεσθαι.
1448 596 1520 660 οἱ
1539 591 1650 678 δὲ,
1688 594 1840 661 ἐπεί
1859 618 1933 662 τε
1957 590 2451 682 ἀναχωρέοντες
2480 597 2695 672 ὀπίσω

417 698 725 783 ἐγένοντο
759 700 875 783 τῆς
913 702 1171 784 Συρίης
1217 699 1293 766 ἐν
1323 692 1692 766 Ἀσκάλωνι
1727 695 1919 782 πόλι,
1976 702 2115 768 τῶν
2158 699 2466 771 πλεόνων
2505 714 2691 775 Σκυ-

413 802 599 868 θέων
648 797 1205 887 παρεξελθόντων
1259 797 1582 884 ἀσινέων,
1643 794 1857 886 ὀλίγοι
1906 801 2085 882 τινὲς
2140 798 2368 873 αὐτῶν
2414 801 2688 877 ὑπολει-

413 905 704 990 φθέντες
741 901 1075 989 ἐσύλησαν
1120 909 1235 991 τῆς
1272 900 1615 991 Οὐρανίης
1650 900 2046 992 Ἀφροδίτης
2080 903 2155 974 τὸ
2192 907 2359 995 ἱρόν.
2428 915 2566 978 ἔστι
2612 912 2686 981 δὲ

412 1011 607 1074 τοῦτο
644 1002 719 1075 τό
771 1003 950 1094 ίρόν,
1001 1000 1089 1086 ὥς
1138 1004 1269 1093 ἐγω
1306 1006 1820 1095 πυνθανόμενος
1863 1003 2154 1096 εὑρίσκω
2166 1061 2186 1094 ,
2242 1010 2519 1082 πάντων
2561 1010 2682 1103 ἆρ-

409 1173 689 1223 Herodoto
735 1173 824 1236 11,
888 1174 984 1224 157
1043 1190 1270 1240 reg-num
1324 1174 1502 1225 tenuit
1602 1173 1908 1237 Cytherios.
1986 1176 2144 1237 Quod
2189 1193 2311 1227 cum
2356 1179 2534 1228 minus
2577 1195 2689 1230 cre·

407 1258 505 1307 per
558 1242 955 1308 quinquaginta
1016 1250 1252 1308 quatuor
1307 1241 1497 1305 annos,
1600 1243 1767 1293 dibile
1789 1244 2042 1295 videatur
2058 1246 2450 1312 Wesselingio,
2471 1249 2691 1300 miranti

407 1313 658 1378 regnavit
712 1312 781 1362 ab
837 1328 981 1362 anno
1033 1315 1139 1365 670
1199 1330 1370 1379 usque
1425 1315 1495 1364 ad
1599 1328 1705 1379 quo
1745 1319 1907 1379 pacto
1952 1315 2021 1365 ab
2057 1317 2298 1380 Assyriis
2346 1332 2380 1366 a
2425 1318 2560 1367 mari
2607 1335 2687 1369 re-

408 1397 608 1432 annum
651 1382 754 1432 616
802 1397 853 1432 a.
904 1382 1030 1433 Chr.
1078 1400 1133 1435 n.
1151 1384 1267 1444 3in
1303 1383 1496 1434 Palae·
1597 1383 1911 1433 motissimis
1946 1384 2082 1434 haec
2117 1387 2433 1451 superstitio
2473 1387 2543 1436 ad
2578 1388 2681 1453 Cy-

407 1452 608 1502 stinam
652 1451 890 1515 Scythae
949 1458 1092 1502 teste
1137 1455 1375 1505 Eusebio
1423 1455 1494 1503 ir-
1593 1454 1740 1517 prios
1760 1459 2047 1518 penetrare
2071 1457 2325 1518 potuerit,
2352 1457 2683 1506 Pausaniam

409 1527 633 1572 ruerunt
679 1536 821 1571 anno
858 1520 959 1571 632
997 1537 1050 1572 a.
1089 1522 1216 1574 Chr.
1254 1540 1307 1574 n.
1350 1524 1488 1591 (vid.

404 1591 536 1641 ibid.
569 1607 619 1655 p.
642 1590 793 1655 204):
831 1590 975 1654 quod
1011 1593 1188 1657 ipsum
1214 1610 1356 1644 anno
1391 1594 1493 1645 (523

406 1661 618 1711 demum
641 1660 908 1710 accidisse
935 1663 1132 1712 statuit
1169 1664 1250 1714 10.
1277 1678 1310 1712 a
1332 1665 1494 1715 Gum-

403 1730 560 1796 pach‚
600 1730 691 1795 qui
717 1731 1105 1781 Psammetichi
1139 1739 1363 1782 mortem
1401 1750 1494 1797 po·

402 1800 486 1849 nit
521 1814 663 1850 anno
702 1799 794 1850 611
831 1814 880 1849 a.
905 1799 1029 1851 Chr.
1068 1817 1122 1852 n.
1196 1803 1303 1853 Sed
1343 1804 1490 1854 conf.

402 1885 617 1935 quoque
669 1868 1249 1934 Herodott.11,157
1307 1873 1492 1938 ibique

400 1943 540 1990 nott.

468 2000 726 2086 ἐγένοντο
771 2006 874 2072 τῆς
928 2006 1149 2073 Συρίης
1196 2000 1256 2057 ἐν
1305 2000 1490 2058 Ἀσκοὲ-

399 2077 535 2126 λωνι
571 2069 721 2157 πόλι]
759 2078 824 2127 In
848 2078 1131 2129 antecedd.
1166 2079 1235 2128 ad
1271 2069 1489 2142 ἀναχω-

400 2144 623 2212 ρέοντες
666 2139 849 2195 ὀπίσω
899 2149 971 2198 ef.
1018 2146 1221 2198 similes
1261 2148 1488 2197 locutio-

397 2232 493 2266 nes
529 2216 644 2278 111,
689 2217 770 2266 16.
809 2217 883 2279 V,
925 2219 991 2267 27
1040 2217 1225 2282 ibique
1267 2217 1483 2267 adnott.

397 2287 540 2348 VII,
607 2286 728 2336 ⁶225.
786 2316 859 2326 —
939 2286 1004 2336 In
1064 2302 1216 2350 seqq.
1284 2276 1484 2347 ἀσινὴς

397 2356 580 2407 activa
639 2354 862 2404 notione
921 2355 1320 2420 accipiendum.
1384 2368 1482 2402 non

393 2427 621 2488 laedens,
653 2424 775 2473 nihil
800 2423 973 2488 (mali)
997 2427 1322 2478 committens,-
1358 2437 1478 2471 cum

396 2495 560 2558 vulgo
617 2494 841 2557 passiva
886 2493 1200 2557 plerumque
1254 2492 1478 2540 notione

395 2568 670 2614 occurrat:
705 2566 983 2620 incolumis,
1021 2564 1249 2621 illaesae,
1300 2565 1361 2610 ut
1397 2560 1476 2622 11,

399 2633 653 2685 114.181
697 2637 800 2682 ete.
876 2631 960 2681 cf.
998 2629 1247 2694 Schwgh.
1286 2630 1473 2681 Lexic.

390 2702 654 2754 Herodot.
691 2702 916 2750 Ascalon
963 2699 1090 2748 urbs
1140 2699 1276 2748 satis
1322 2705 1475 2760 nota,

391 2774 590 2838 quippe
640 2771 794 2820 cuius
840 2770 1092 2832 frequens
1154 2768 1358 2818 mentio
1411 2767 1475 2817 fit

392 2843 447 2891 in
484 2839 653 2891 sacris
689 2838 1060 2889 Hebraeorum
1104 2836 1278 2887 libris.
1353 2837 1472 2888 Sita

394 2910 499 2960 fuit
545 2923 713 2973 prope
753 2922 902 2956 mare
945 2907 1087 2955 inter
1119 2907 1352 2957 Azotum
1391 2910 1473 2956 at·

393 2995 497 3043 que
532 2978 763 3039 Gazam,
807 2990 918 3025 una
962 2976 1029 3026 de
1077 2977 1312 3041 quinque
1344 2976 1474 3026 Phi-

388 3043 716 3097 listaeorum'
747 3045 1090 3106 civitatibus,
1150 3061 1246 3110 per
1299 3050 1474 3096 totam

389 3116 772 3181 antiquitatem
815 3113 974 3164 valde
1022 3113 1276 3177 celebris,
1328 3131 1473 3166 nune

390 3191 569 3237 autem
603 3185 685 3234 ita
721 3184 930 3245 diruta,
969 3189 1032 3234 ut
1071 3185 1246 3248 ipsum
1274 3184 1471 3247 locum,

388 3257 475 3305 cni
510 3255 690 3305 adhuc
725 3269 920 3304 nomen
947 3253 1211 3316 Askcilan,
1250 3255 1326 3303 nil
1365 3255 1473 3303 nisi

382 3325 634 3375 ruderum
678 3322 845 3373 moles
901 3323 1135 3373 indicet:
1196 3323 1268 3373 cf.
1306 3324 1471 3374 Stark

382 3395 420 3445 1.
450 3396 488 3446 1.
524 3411 582 3459 p.
602 3391 669 3443 23
692 3407 807 3456 seq.
845 3392 913 3444 38
943 3408 1096 3458 seqq.
1142 3394 1349 3442 Horum
1385 3408 1471 3443 ru-

382 3465 567 3515 derum
611 3462 902 3526 imaginem
943 3463 1058 3511 aeri
1106 3462 1335 3512 incisam
1381 3477 1468 3511 ex·

381 3535 530 3585 hibet
574 3531 784 3590 Finden
828 3531 1154 3594 Landscape
1197 3531 1465 3582 Illustrat.

382 3604 444 3653 οἱ
473 3601 977 3654 Bibl.Part.V11.
1061 3601 1229 3651 Plura
1276 3601 1341 3651 de
1377 3618 1469 3652 ve-

379 3678 497 3724 tere
580 3670 850 3722 Ascalone
928 3670 1137 3721 dabunt
1204 3671 1467 3735 Forbiger

377 3741 598 3793 Handb.
653 3740 705 3790 d.
755 3740 851 3790 alt.
892 3740 1090 3804 Geogr.
1144 3741 1220 3790 II.
1274 3756 1325 3805 p.
1366 3741 1467 3792 709

379 3818 434 3862 et
469 3809 894 3863 Rosenmueller.
932 3810 1073 3860 Bibl.
1101 3810 1462 3877 Archaeolog.

377 3883 456 3942 ΙΙ,
492 3883 544 3931 2.
583 3895 638 3945 p.
677 3878 782 3930 378
813 3894 966 3944 seqq.

449 3946 562 4000 ἔστι
612 3942 677 3997 δὲ
724 3946 895 3997 τοῦτο
944 3940 1008 3997 τὸ
1054 3938 1185 4011 ἱρὸν
1220 3978 1290 3987 —-
1324 3939 1466 3998 πάν-

377 4035 491 4069 των
538 4009 918 4081 ἀρχαιότατον
983 4010 1127 4080 ΐρῶν
1177 4033 1227 4067 κ.
1285 4033 1332 4067 τ.
1388 4014 1461 4082 λ.]

376 4087 683 4140 Pausanias
731 4087 902 4149 1,14
959 4085 1217 4151 Assyrios
1263 4089 1466 4152 primos

378 4157 616 4209 omnium
637 4156 903 4206 Venerem
933 4155 1197 4207 Uraniam
1234 4156 1468 4207 coluisse

376 4228 571 4289 refert,
625 4225 754 4275 inde
797 4225 943 4276 illius
987 4226 1191 4276 cultum
1228 4225 1466 4291 Paphios

375 4298 434 4346 in
482 4297 659 4361 Cypro
714 4300 770 4345 et
812 4295 1115 4346 Phoenices
1172 4297 1228 4344 in
1274 4296 1484 4346 Palae-

375 4367 524 4418 stina
558 4365 867 4430 accepisse,
902 4363 1048 4416 unde
1087 4365 1366 4416 devenerit
1396 4364 1465 4415 ad

1595 1523 1770 1573 nostri
1806 1524 2088 1588 scriptoris
2126 1524 2246 1575 loco
2281 1526 2337 1587 I,
2370 1524 2457 1575 131
2497 1530 2552 1576 et
2590 1527 2688 1577 199

1597 1608 1631 1641 8
1666 1607 1793 1642 vero
1830 1594 2129 1643 abductum
2172 1609 2290 1644 esse
2324 1599 2502 1657 putat.
2576 1596 2684 1646 Sed

1597 1661 1822 1712 meliora
1855 1663 1919 1712 de
1947 1662 2031 1712 bis
2063 1668 2254 1712 nostra
2281 1668 2435 1713 aetas
2468 1665 2681 1716 edocta.

1594 1731 1735 1781 Nam
1774 1731 1958 1781 Venus
1995 1732 2229 1792 Urania,
2286 1732 2353 1780 de
2399 1733 2552 1782 cuius
2591 1750 2685 1784 an-

1595 1801 1903 1865 tiquissimo
1948 1799 2148 1864 templo
2181 1800 2453 1850 Ascalone
2497 1808 2683 1853 narrat

1594 1869 1933 1930 Herodotus,
1968 1868 2114 1917 baud
2142 1867 2252 1917 alia
2280 1875 2363 1918 est
2390 1870 2492 1920 dea
2519 1887 2682 1936 quam

1594 1954 1730 2004 quae
1774 1938 1942 1986 variis
1982 1937 2289 1986 nominibus
2338 1955 2433 2002 per
2468 1955 2680 1992 omnem

1594 2009 1706 2057 fere
1748 2005 1937 2055 Asiam
1993 2004 2143 2056 culta
2198 2008 2396 2058 siderei
2443 2012 2679 2060 numinis

1591 2078 1701 2126 vim
1727 2075 1998 2137 declarat,
2036 2090 2174 2140 quae
2207 2076 2328 2127 luce
2366 2094 2468 2128 sua
2495 2081 2677 2131 omnia

1590 2144 1704 2194 alat
1753 2157 1819 2193 ac
1865 2144 2072 2194 nutriat
2119 2146 2388 2212 simulque
2440 2150 2677 2200 omnium

1589 2214 1643 2263 in
1690 2218 1888 2263 natura
1938 2229 2142 2278 rerum,
2199 2231 2426 2280 quarum
2478 2235 2676 2283 parens

1586 2281 1840 2344 habetur,
1901 2284 2110 2335 semina
2154 2286 2211 2334 in
2271 2301 2328 2336 se
2377 2288 2674 2351 contineat,

1586 2351 1799 2417 qualem
1849 2351 2133 2403 declarant
2178 2356 2337 2405 Lucii
2385 2373 2571 2422 preces
2618 2360 2676 2408 in

1581 2421 1797 2486 Apuleii
1832 2422 2192 2488 Metamorpb.
2235 2425 2337 2476 XI.
2383 2435 2508 2491 post
2551 2427 2670 2476 init.

1580 2491 1725 2541 Hinc
1785 2491 1857 2540 ad
1912 2493 2106 2541 Lunam
2159 2495 2404 2558 proxime
2459 2497 2674 2547 accedit

1579 2559 1715 2609 haec
1758 2559 1943 2609 Venus
1986 2561 2223 2625 Urania,
2282 2564 2451 2628 Virgo
2496 2565 2673 2615 coele-

1579 2629 1681 2678 stis
1718 2643 1763 2677 s.
1802 2629 1991 2693 regina
2039 2630 2204 2693 coeli,
2252 2637 2314 2681 ut
2348 2633 2668 2697 vocabatur,

1579 2712 1752 2762 neque
1790 2698 2077 2748 admodum
2116 2700 2184 2749 ab
2220 2715 2284 2750 ea
2308 2702 2511 2751 recedit
2534 2705 2669 2753 Der-

1578 2775 1688 2816 ceto
1722 2765 1820 2815 illa
1854 2767 1958 2817 dea
1993 2768 2179 2832 Syria,
2218 2771 2372 2820 cuius
2408 2772 2669 2836 templum

1576 2851 1685 2886 non
1737 2835 1899 2901 longe
1950 2843 2216 2888 remotum
2275 2840 2345 2889 ab
2399 2841 2671 2893 Ascalone

1577 2910 1960 2956 commemorat
1993 2907 2264 2958 Diodorus
2315 2909 2399 2972 Π,
2454 2914 2516 2973 4,
2574 2912 2668 2962 ubi

1575 2975 1687 3025 vid.
1723 2976 2049 3042 Wesseling.
2086 2978 2172 3028 De
2194 2978 2404 3030 Venere
2439 2980 2666 3045 Urania,

1576 3060 1715 3111 quae
1765 3046 2006 3096 Astartes
2069 3063 2113 3097 s.
2170 3048 2419 3099 Astaroth
2470 3066 2666 3101 nomen

1577 3114 1722 3179 apud
1756 3114 2041 3180 indigenas
2076 3116 2228 3179 tulit,
2272 3123 2397 3183 post
2441 3119 2668 3170 Creuze-

1575 3199 1694 3234 rum
1747 3185 1802 3233 in
1861 3186 2103 3251 Symbol.
2161 3187 2238 3237 11.
2298 3204 2353 3252 p.
2399 3187 2502 3239 350
2549 3205 2663 3255 seq.

1576 3254 1678 3304 417
1717 3268 1867 3320 seqq.
1907 3257 2009 3307 473
2043 3270 2158 3320 seq.
2198 3256 2322 3307 coll.
2347 3257 2453 3307 111.
2478 3273 2531 3321 p.
2560 3259 2657 3308 281

1577 3322 1661 3373 ed.
1700 3327 1825 3372 tert.
1864 3326 1977 3388 egit
1996 3325 2242 3375 Movers:
2282 3327 2386 3376 Die
2405 3326 2661 3377 Phoenix.

1577 3393 1625 3442 Ι.
1655 3408 1709 3456 p.
1735 3393 1838 3442 559
1861 3408 2012 3458 seqq.
2035 3393 2132 3444 601
2166 3409 2341 3458 seqq„
2385 3410 2542 3458 quem
2583 3412 2663 3444 se-

1574 3462 1760 3527 quitur
1786 3461 1951 3511 Stark
1976 3462 2012 3511 l.
2039 3460 2074 3511 1.
2103 3478 2153 3526 p.
2182 3462 2285 3513 258
2309 3479 2459 3527 seqq.
2519 3463 2659 3515 Add.

1572 3530 1858 3595 Millingen
1896 3531 1952 3579 in
1986 3531 2379 3581 Transactions
2417 3531 2477 3580 of
2508 3532 2662 3597 royal

1572 3600 1785 3665 society
1819 3599 1881 3648 of
1911 3600 2142 3649 Literat.
2196 3601 2330 3660 (sec.
2368 3600 2560 3664 series)
2612 3602 2658 3653 I.

1570 3687 1624 3735 p.
1674 3668 1742 3720 63
1786 3684 1938 3733 seqq.
2009 3671 2066 3717 et
2122 3669 2313 3718 Bbckb
2365 3669 2655 3734 Metrolog.

1568 3737 1899 3790 Untersuch.
1936 3753 2062 3802 pag.
2090 3738 2159 3788 43
2195 3754 2331 3804 seq„
2368 3739 2462 3802 qui
2486 3739 2660 3789 Vene-

1568 3810 1646 3858 ris
1686 3808 1845 3858 huius
1884 3806 2087 3857 cultum
2124 3822 2245 3857 cum
2278 3809 2479 3858 veteris
2517 3824 2660 3859 com-

1569 3877 1754 3928 mercii
1778 3876 2081 3927 rationibus
2113 3879 2277 3926 etiam
2305 3878 2653 3929 coniunctum

1569 3948 1740 3998 fuisse
1759 3946 2018 4007 declarat,
2035 3947 2248 4011 Hitzig:
2268 3947 2660 4012 Urgeschiehte

1570 4018 1622 4068 d.
1649 4016 1868 4068 Philist.
1894 4033 1946 4082 p.
1976 4018 2079 4067 242
2098 4033 2269 4081 seqq„
2308 4017 2514 4067 Rinck:
2551 4019 2657 4067 Die

1569 4086 1821 4152 Religion
1848 4087 1900 4138 d.
1928 4084 2144 4138 Hellen.
2170 4103 2223 4151 p.
2247 4085 2315 4136 93
2335 4102 2448 4152 seq.
2495 4088 2657 4137 Hune

1570 4173 1698 4207 vero
1737 4156 1939 4208 cultum
1974 4171 2041 4207 ex
2062 4157 2229 4207 Asiae
2256 4158 2551 4221 superioris
2578 4171 2657 4205 re-

1569 4227 1822 4292 gionibus
1889 4226 2110 4277 ductum
2169 4227 2285 4291 ipse
2344 4225 2656 4276 Herodotus

1566 4298 1621 4358 Ι,
1662 4295 1757 4347 131
1802 4296 2046 4346 indicare
2091 4295 2335 4356 videtur,
2381 4294 2454 4344 ad
2496 4309 2654 4359 quem

1565 4366 1745 4417 locum
1781 4366 1940 4432 plura
1974 4364 2363 4415 adscribemus.
