3109 5092
1103 372 1604 433 EUTERPE.
1650 372 1733 432 11.
1781 381 1870 436 37.

2502 369 2621 429 511

266 543 706 630 Ιῖιπέστεροι.
774 546 865 611 Οἱ
915 542 993 612 δὲ
1049 547 1222 633 ἱρέες
1274 547 1635 633 ξυρεῦνται
1691 549 1826 614 πᾶν
1866 542 1944 613 τὸ
1998 549 2190 632 σῶμα
2235 540 2349 614 διὰ
2402 549 2629 631 τρίτης

347 640 629 733 ἡμέρης,
673 648 788 714 ἵνα
828 644 994 735 μήτε
1027 650 1241 737 φθεὶρ
1279 647 1445 736 μήτε
1488 645 1654 718 ἄλλο
1682 646 1986 738 μυσαρὸν
2027 646 2242 736 μηδὲν
2284 650 2634 734 ἐγγίνηταί

347 766 468 834 σφι
510 747 974 836 θεραπεύωσι
1025 749 1182 831 τοὺς
1232 750 1460 831 θεούς.

1563 754 1816 841 ἐσθῆτα
1855 751 1931 821 δὲ
1979 754 2302 839 φορέουσι
2348 755 2419 818 οἱ
2455 751 2629 838 ἱρέες

348 852 582 938 λινέην
648 849 945 941 μούνην,
1027 855 1140 924 καὶ
1205 849 1606 943 ὑποδήματα
1668 853 1993 942 βύβλινα·
2081 852 2297 942 ἄλλην
2367 854 2450 921 δέ
2507 873 2630 938 σφι

352 1018 569 1068 reiectis
598 1018 783 1068 causis
807 1018 1196 1085 physiologicis
1236 1020 1442 1071 sanita-

350 1087 534 1152 tisque
577 1087 812 1138 tuendae
860 1090 1167 1140 rationibus
1216 1090 1442 1140 circum·

297 1159 316 1176 ·
352 1158 613 1208 cisionem
658 1157 731 1207 ad
775 1172 934 1209 sacra
977 1161 1165 1225 utique
1203 1161 1442 1225 pertinu-

353 1227 462 1276 isse
500 1242 728 1292 eamque
758 1227 868 1277 vim
915 1228 1173 1279 habuisse
1219 1234 1442 1279 conten-

354 1296 464 1359 dit,
509 1302 572 1346 ut
611 1297 835 1347 humani
878 1297 1105 1348 affectus
1143 1299 1245 1349 deo
1284 1299 1441 1365 quasi

354 1366 660 1416 consecrati
694 1366 996 1418 habeantur
1016 1367 1286 1433 huiusque
1315 1383 1442 1418 con·

353 1435 677 1486 sectationis
720 1438 936 1501 signum
971 1439 1347 1504 unusquisque
1381 1439 1441 1488 in

355 1520 576 1569 corpore
619 1506 742 1570 ipso
784 1506 1056 1558 exhibeat.
1129 1507 1443 1562 Dedicatio-

354 1575 440 1623 nis
486 1574 703 1640 signum
747 1577 1158 1627 circumcisione
1202 1577 1442 1627 exhiberi

354 1645 551 1693 stetuit
585 1659 804 1710 quoque
839 1646 1088 1697 Movers:
1125 1648 1231 1697 Die
1264 1646 1439 1696 Phoe-

354 1714 461 1763 niz.
497 1714 544 1764 1.
582 1729 637 1778 p.
675 1713 797 1765 315.
819 1714 941 1767 362.
1016 1716 1175 1778 Quod
1209 1716 1306 1767 alii
1337 1715 1442 1766 viri

355 1782 502 1833 docti
547 1784 630 1833 ita
677 1784 911 1850 intelligi
955 1785 1173 1848 volunt,
1232 1791 1293 1835 ut
1343 1800 1440 1850 pro

356 1857 473 1903 toto
511 1867 738 1917 corpore
784 1855 930 1919 quod
968 1855 1069 1907 deo
1110 1855 1440 1906 offerendum

356 1926 411 1972 et
453 1923 877 1974 consecrandum
919 1925 1022 1987 sit,
1070 1940 1233 1976 unum
1281 1925 1442 1990 idque

355 1992 623 2057 insignius
687 1994 930 2058 corporis
996 1995 1219 2045 humani
1281 2009 1444 2044 mem-

354 2062 509 2111 brum
573 2069 950 2127 consecretur,
1022 2065 1232 2129 deoque
1286 2064 1444 2130 quasi

355 2130 614 2182 offeretur
649 2133 707 2183 in
742 2132 918 2183 locum
952 2135 1195 2199 corporis
1243 2134 1441 2185 totius:

356 2199 494 2251 adeo
528 2206 591 2250 ut
623 2201 713 2252 bic
749 2218 865 2253 mos
899 2204 956 2253 in
980 2204 1336 2254 humanarum
1366 2204 1445 2252 vi·

356 2271 643 2321 ctimarum
688 2271 895 2334 locum,
956 2288 1098 2336 quae
1153 2286 1322 2336 usque
1370 2271 1444 2320 sd

355 2340 650 2391 Abrahami
695 2346 943 2405 tempora
984 2342 1040 2389 in
1085 2355 1188 2391 usu
1222 2341 1442 2401 fuerint,

357 2409 590 2459 cessisse
614 2411 982 2460 existimetur:
1017 2410 1129 2460 vid.
1160 2410 1441 2474 Ghilluny:

355 2479 460 2528 Die
494 2479 907 2544 Menschenopf.
952 2479 1006 2529 d.
1045 2479 1142 2530 alt.
1180 2480 1349 2530 Hebr.
1388 2494 1442 2543 p.

358 2548 460 2597 592
496 2563 669 2613 seqq„
708 2549 921 2600 Trusen
957 2548 993 2598 l.
1033 2548 1072 2600 1.
1108 2564 1162 2615 p.
1211 2551 1306 2600 123
1327 2564 1441 2613 seq.

358 2618 593 2667 Causam
618 2619 1047 2668 circumcisionis
1069 2618 1139 2669 ab
1162 2619 1443 2670 Herodoto

359 2685 580 2737 allatsm
635 2687 783 2738 haud
835 2703 1056 2753 prorsus
1115 2689 1268 2739 reiici
1327 2686 1447 2737 vult

358 2757 507 2806 Kurs
542 2757 877 2818 (Geschicht.
927 2758 980 2807 d.
1024 2757 1124 2808 alt.
1167 2757 1345 2808 Bund.
1395 2758 1443 2807 1.

358 2841 486 2891 pag.
532 2827 629 2877 185
666 2827 824 2892 seq.),
861 2842 983 2878 cum
1029 2828 1145 2878 veri
1180 2827 1311 2891 quid
1349 2825 1446 2876 ills

360 2896 668 2958 contineat,
721 2897 866 2961 quod
911 2897 1088 2961 ipsum
1138 2896 1211 2946 ad
1247 2896 1448 2947 altiora

360 2979 460 3014 nos
496 2965 694 3016 ducere
739 2966 941 3031 possit,
991 2981 1130 3031 quae
1165 2971 1447 3031 spectave-

360 3034 434 3083 rit
486 3035 815 3099 antiquitas,
869 3051 990 3086 cum
1034 3037 1448 3087 circumcisione

360 3104 632 3154 bominem
650 3104 750 3155 deo
768 3120 1090 3157 consecrare
1105 3111 1272 3171 atque
1288 3105 1450 3156 buius

363 3176 791 3225 consecrationis
837 3173 942 3225 boc
988 3176 1204 3241 sig-num
1250 3176 1451 3226 consti-

363 3251 517 3294 tuere
549 3244 800 3295 voluerit.
875 3244 1025 3294 Indis
1061 3247 1308 3311 ignotum
1341 3261 1453 3295 mo·

365 3327 475 3361 rem
511 3311 583 3362 ad
618 3329 704 3364 res
741 3327 928 3364 sacras
966 3319 1214 3378 spectare
1240 3314 1452 3365 monuit

367 3395 580 3447 quoque
613 3382 854 3434 Bohlen:
890 3385 1007 3433 Das
1039 3383 1150 3434 alte
1171 3384 1364 3434 Indien
1401 3384 1447 3433 I.

364 3466 417 3515 p.
456 3450 576 3513 290,
630 3454 718 3503 cui
768 3453 894 3503 add.
936 3454 1312 3504 Rosenbaum:
1362 3454 1451 3502 die

362 3522 704 3571 Lustseuche
736 3522 813 3571 im
843 3522 1149 3573 Altertbum
1186 3539 1311 3589 pag.
1348 3521 1448 3574 361

364 3604 518 3708 ῗοςῐῖ.
570 3591 857 3712 ξιιιιοῖοἳιζ
903 3591 1230 3643 Geschichte
1268 3592 1321 3642 d.
1360 3590 1451 3641 Α]-

393 3674 452 3709 er
520 3696 533 3710 .
603 3693 619 3709 .
695 3697 710 3711 .
889 3677 948 3712 se
990 3698 1003 3712 .

436 3723 516 3777 Οἱ
538 3722 602 3777 δὲ
633 3675 778 3792 [gite
807 3677 1186 3795 ξυρὲὖνται
1219 3744 1273 3779 κ.
1304 3744 1350 3777 τ.
1378 3725 1453 3792 λ.]

367 3797 526 3847 Cous.
565 3798 637 3847 ad
671 3799 747 3861 ΙΙ,
784 3799 854 3850 36
897 3804 1041 3851 nott.
1090 3804 1146 3848 et
1191 3813 1331 3863 quae
1367 3798 1456 3847 Iu-

368 3864 624 3917 daeorum
660 3868 1039 3919 sacerdotibus
1081 3867 1457 3932 praescribun-

367 3939 458 3985 tur
492 3936 655 3986 Num.
691 3938 846 4000 VIII,
886 3940 937 3988 7.
973 3938 1127 3997 xlx,
1155 3938 1186 3986 7
1208 3951 1325 4001 seq.
1372 3937 1456 3986 Ex

368 4005 621 4070 Aegypto
668 4007 809 4056 enim
872 4007 1008 4057 haec
1064 4011 1120 4055 et
1163 4005 1273 4055 slis.
1319 4006 1458 4054 eius·

369 4074 543 4137 modi,
592 4091 732 4140 quae
779 4077 836 4125 iu
882 4074 1299 4141 purgationibus
1344 4073 1460 4124 fieri

372 4141 582 4206 solent,
641 4144 877 4195 Iudaeos
944 4145 1225 4208 accepisse
1276 4147 1461 4194 monet

372 4212 629 4277 Spencer.
655 4214 724 4264 de
748 4214 864 4263 ritt.
885 4213 1083 4264 Hebrr.
1116 4213 1223 4274 111,
1245 4214 1295 4263 5.
1324 4217 1460 4263 sect.

377 4281 425 4360 I.
541 4299 595 4347 g.
633 4299 706 4334 m.
741 4284 848 4334 800
876 4297 990 4348 seq.
1027 4312 1098 4322 —
1138 4275 1238 4331 διὰ
1269 4279 1464 4344 τρίτης

370 4365 451 4414 ms
484 4366 587 4415 ρης
625 4357 709 4402 est
748 4355 896 4402 tertio
930 4367 1122 4417 quoque
1142 4352 1241 4401 die.
1303 4350 1461 4401 conf.

377 4435 548 4485 supra
581 4422 660 4484 11,
697 4423 752 4472 4.

1615 1009 1835 1086 ἐσθῆτα
1869 1015 1933 1069 δὲ
1971 1016 2245 1084 φορέουσι
2282 1012 2342 1067 οἵ
2373 1010 2520 1082 ἷρέες
2552 1015 2631 1063 λι-

1544 1085 1685 1153 νέην
1723 1081 1972 1156 μούνην]
2011 1091 2190 1155 Supra
2233 1088 2390 1139 initio
2435 1085 2633 1150 ospitis

1545 1158 1612 1209 de
1658 1160 1946 1224 Aegyptiis
1991 1160 2265 1210 omnibus:
2323 1153 2521 1221 εἵματα
2569 1146 2634 1201 δὲ

1544 1228 1704 1278 λίνεα
1742 1225 2017 1292 φορέουσι
2044 1224 2156 1278 αἰεὶ
2192 1218 2502 1287 νεόπλυτα,
2537 1222 2631 1272 ubi

1542 1303 1727 1349 tamen
1762 1297 2082 1361 tenendum,
2130 1300 2291 1349 lineas
2334 1299 2516 1345 vestes
2553 1292 2635 1342 vi-

1544 1368 1660 1418 deri
1696 1368 1874 1418 dictas
1910 1383 2031 1419 esse
2065 1382 2175 1418 non
2211 1365 2370 1416 modo
2396 1378 2535 1430 quse
2567 1376 2636 1412 ex

1542 1440 1669 1501 lino,
1708 1437 1804 1488 sed
1838 1438 2004 1487 etiam
2039 1451 2181 1501 quae
2215 1451 2282 1486 ex
2310 1435 2549 1500 ροεενρίο
2584 1447 2632 1483 s.

1543 1508 1697 1573 bysso
1744 1511 1902 1556 erent
1945 1507 2246 1558 confectae.
2319 1504 2447 1566 vid,
2494 1504 2636 1553 Hee-

1543 1591 1658 1626 ren.
1735 1575 1904 1626 Ideen
1942 1577 1988 1638 1,
2033 1576 2079 1627 1.
2117 1592 2171 1641 p.
2213 1575 2331 1626 107.
2372 1573 2447 1635 11,
2487 1574 2539 1622 2.
2577 1587 2631 1636 p.

1547 1645 1647 1696 133
1674 1659 1846 1710 seqq„
1880 1645 2211 1697 Wilkinson.
2243 1645 2497 1694 Manners
2527 1645 2634 1691 etc.

1544 1715 1650 1764 111.
1691 1730 1744 1779 p.
1799 1715 1915 1765 117.
1989 1715 2075 1765 De
2115 1712 2493 1765 sacerdotibus
2533 1711 2635 1760 Ae-

1545 1784 1750 1850 gyptiis
1784 1789 2021 1835 testatur
2055 1783 2266 1834 Plinius
2289 1784 2362 1833 H.
2384 1782 2453 1832 N.
2484 1780 2634 1841 XIX,

1547 1856 1572 1904 1
1603 1857 1738 1904 sect.
1777 1856 1829 1906 2.
1865 1854 1899 1905 3
1934 1853 2069 1904 haee
2105 1854 2374 1904 scribens:
2413 1855 2635 1913 „vestes

1546 1939 1615 1973 ex
1658 1924 1918 1988 gossypio
1976 1923 2351 1973 sacerdotibus
2397 1917 2637 1985 Aegypti

1546 1993 1952 2058 gratissimae.“
2026 1992 2177 2043 Idem
2213 1992 2307 2042 alii
2336 1989 2633 2050 affirmant,

1546 2075 1701 2127 quos,
1738 2067 1991 2113 monente
2027 2064 2134 2124 Cn,
2168 2061 2361 2112 laudat
2382 2059 2636 2123 Wytten·

1546 2132 1707 2183 bach.
1760 2131 1829 2180 ad
1882 2130 2164 2182 Plutarch.
2222 2129 2418 2182 Mon-al.
2477 2128 2554 2189 11,
2604 2126 2630 2176 l

1545 2201 1629 2264 (3)
1665 2215 1794 2265 pag.
1833 2199 1949 2250 171.
2022 2202 2126 2252 Est
2172 2202 2315 2252 enim
2346 2197 2634 2265 primarius

1544 2270 1688 2319 hanc
1716 2270 1773 2318 in
1794 2284 1907 2319 rem
1923 2269 2205 2321 Plutarchi
2229 2271 2383 2321 locus
2402 2269 2471 2319 de
2499 2265 2632 2317 Isid.

1546 2345 1714 2425 atque
1773 2339 1974 2391 Osirid.
2046 2357 2166 2406 cap.
2224 2341 2277 2393 3.
2336 2354 2462 2405 pag.
2530 2336 2635 2387 352

1547 2400 1705 2474 (ovt’
1740 2399 2028 2468 Ἰσιακοὺς
2072 2408 2344 2460 ποιοῦσιν
2379 2404 2443 2459 αἰ
2481 2407 2631 2455 λινο-

1548 2475 1765 2544 σῑολιάι
1798 2474 1895 2526 καὶ
1930 2473 2184 2543 ξύρησις,
2222 2480 2315 2529 ubi
2350 2479 2462 2528 vid.
2502 2478 2634 2526 Par-

1546 2547 1676 2611 tbey
1710 2562 1838 2612 pag.
1882 2549 1981 2599 157
2017 2551 2174 2612 seq.)‚
2214 2563 2446 2613 quocum
2486 2543 2632 2596 conf.

1545 2617 1811 2666 Herodot.
1858 2616 1933 2679 11,
1984 2619 2049 2668 81
2098 2617 2281 2681 ibique
2328 2621 2466 2667 nott.
2550 2612 2634 2663 Ab

1548 2686 1833 2750 Aegyptiis
1870 2687 2089 2735 transiit
2123 2687 2229 2737 iste
2260 2703 2381 2737 mos
2409 2691 2526 2736 tum
2561 2680 2634 2731 ad

1549 2756 1718 2816 alios,
1765 2759 1882 2804 tum
1918 2756 1988 2806 nd
2026 2757 2351 2807 Iudaeorum
2385 2751 2637 2806 sacerdo-

1549 2830 1660 2886 τεο,
1698 2823 1767 2874 de
1802 2824 1998 2888 quibus
2035 2831 2218 2876 monet
2241 2827 2498 2891 Spencer.
2526 2822 2565 2873 l.
2594 2819 2635 2873 l.

1548 2895 1655 2956 111,
1708 2896 1759 2945 5.
1810 2909 1935 2959 pag.
1986 2911 2058 2945 m.
2100 2896 2203 2947 682
2243 2912 2391 2962 seqq.
2476 2891 2635 2945 Conf.

1550 2965 1718 3016 etiam
1763 2964 1950 3014 Braun
1997 2965 2061 3015 de
2107 2967 2291 3017 vestit.
2339 2964 2636 3016 sacerdott.

1549 3033 1746 3084 Hebrr.
1798 3033 1845 3096 1,
1884 3033 1935 3085 3.
1978 3037 2030 3097 §-
2068 3037 2156 3086 47.
2229 3037 2376 3087 Usus
2422 3046 2638 3101 quoque

1549 3103 1865 3153 Herodoteo
1901 3103 2019 3154 loco
2066 3120 2237 3170 nuper
2285 3111 2372 3157 est
2405 3106 2559 3156 Lane
2594 3101 2637 3152 l.

1552 3174 1591 3223 l.
1629 3173 1704 3223 11.
1744 3188 1868 3238 pag.
1906 3172 2029 3234 313,
2067 3189 2294 3240 eumque
2338 3175 2526 3225 retulit
2566 3171 2639 3222 ad

1552 3243 1785 3293 vestitus
1820 3243 2113 3306 rationem,
2153 3260 2292 3309 quae
2328 3245 2516 3309 Coptis
2553 3256 2642 3292 eo·

1554 3328 1781 3378 rumque
1822 3312 2196 3364 sacerdotibus
2240 3329 2387 3364 nunc
2432 3314 2643 3363 usitata

1556 3387 1662 3433 est.
1747 3382 1811 3430 In
1871 3381 2191 3446 templorum
2248 3382 2642 3447 Aegyptiorum

1555 3449 1879 3514 anaglyphis
1918 3466 2027 3501 non
2076 3451 2236 3501 aliter
2280 3451 2394 3500 fere
2432 3461 2643 3515 repne-

1555 3523 1802 3571 sentatos
1847 3519 2092 3570 videmus
2139 3519 2479 3581 sacerdotes,
2528 3514 2644 3566 lon-

1556 3589 1642 3654 gis
1678 3587 1930 3638 nimirum
1963 3589 2208 3639 vestibus
2243 3588 2316 3638 sd
2347 3588 2513 3652 pedes
2551 3600 2643 3636 us-

1558 3673 1663 3723 que
1706 3658 2102 3722 pertinentibus
2140 3658 2373 3708 indutos
2417 3661 2473 3706 et
2519 3668 2645 3705 raso

1559 3727 1764 3791 capite,
1810 3727 1919 3777 nisi
1957 3726 2052 3776 ubi
2101 3726 2232 3790 pilei
2283 3724 2518 3790 quodam
2555 3738 2647 3788 ge·

1560 3812 1686 3845 nere
1722 3801 1945 3846 ornatus
1977 3809 2146 3846 causa
2193 3793 2330 3845 tecti
2372 3793 2645 3844 videntur.

1560 3862 1781 3931 λαβεῖν,
1832 3864 1978 3930 quod
2025 3879 2170 3914 nunc
2209 3864 2524 3915 restitutum
2560 3863 2648 3911 est

1559 3950 1659 3999 pro
1691 3932 1887 4001 βαλεῖν
1922 3950 1969 3984 s.
2011 3929 2247 4000 βαλέειν,
2289 3933 2488 3984 retinui
2523 3944 2647 3981 cum

1561 4004 1797 4055 BredoV.
1846 4019 1899 4068 p.
1938 4003 2067 4064 3263
2115 4007 2345 4054 receutt.
2392 4001 2515 4053 edd.
2554 3999 2649 4047 2.oe-

1564 4069 1730 4138 βὲειν.
1814 4073 2102 4123 Caeterum
2158 4062 2503 4135 ὑποδήματα
2548 4059 2649 4135 βύ-

1565 4138 1729 4206 βλινα
1764 4157 1809 4191 s.
1849 4141 2098 4192 sandalia
2142 4157 2209 4192 ex
2254 4139 2417 4205 byblo
2452 4140 2650 4204 parata

1565 4215 1621 4260 et
1666 4211 1788 4275 ipsa
1830 4210 1903 4261 nd
1947 4215 2194 4261 ornatum
2251 4207 2650 4274 quodammodo

1564 4280 1867 4344 pertinent3
1913 4279 2126 4330 calceos
2176 4293 2243 4330 ex
2285 4279 2436 4328 corio
2472 4278 2651 4328 factos

1567 4350 1850 4468 {psunaqlue
1896 4352 2134 4399 sutorem
2175 4363 2297 4398 cum
2330 4347 2652 4465 ἰιιειιῑιιιέθοιι-

1594 4434 1645 4470 ιε
1674 4434 1708 4469 a
1818 4433 1885 4470 oc
1921 4431 2057 4482 opus
2100 4431 2424 4468 necessarus
2470 4430 2532 4466 os
2591 4429 2652 4463 n-
