3109 5092
500 340 627 402 480

1378 338 1908 408 HEROD'OTI

501 514 578 584 δὲ
607 522 866 584 Νείλου
891 514 1008 595 τὰς
1036 514 1252 604 πηγὰς
1279 511 1436 610 οὔτε
1467 521 1897 604 Αἰγυπτίων,
1928 513 2086 586 οὔτε
2112 517 2393 607 Λιβύων
2411 570 2429 604 ,
2461 514 2778 590 οὕτεἘλ-

500 733 604 767 ano
635 719 692 767 in
713 722 893 768 monte
922 716 1197 768 inferioris
1219 717 1587 768 Mauritaniae

497 786 684 837 retulit
729 788 942 839 Plinius
993 787 1065 836 H.
1125 788 1194 837 N.
1244 788 1310 849 V,
1369 787 1403 838 9
1451 786 1583 851 (10),

498 856 608 906 alia
641 873 856 923 quoque
892 872 959 907 ex
997 857 1240 907 eiusdem
1269 858 1416 922 regis
1451 857 1586 906 scri-

495 927 606 991 ptis
650 926 884 978 afferens
932 926 996 975 de
1045 925 1158 977 Nili
1198 942 1391 988 cursu,
1443 940 1585 991 quae

493 1012 666 1061 nuper
703 997 759 1046 in
797 1012 1022 1047 examen
1060 998 1282 1046 vocavit
1310 996 1582 1045 Mannert.

492 1066 551 1115 in
585 1066 898 1131 Geograph.
935 1066 989 1115 d.
1027 1065 1245 1116 Griech.
1295 1079 1347 1114 ιι.
1390 1066 1580 1115 Boem.

493 1135 560 1198 X,
603 1137 650 1188 l.
699 1151 826 1201 pag.
869 1136 969 1185 172
1017 1151 1167 1200 seqq.
1205 1138 1257 1186 2.
1301 1150 1426 1199 pag.
1476 1137 1579 1186 542

492 1219 642 1269 seqq.
696 1205 957 1254 Addimus
977 1204 1192 1254 Chresti
1215 1205 1443 1254 Romani
1461 1219 1582 1253 sen·

490 1275 745 1336 tentiam,
787 1274 879 1340 qui
913 1274 1059 1322 idem
1087 1273 1270 1323 Nilum
1304 1274 1431 1322 oriri
1469 1279 1581 1323 sta-

490 1343 597 1392 tuit
618 1359 648 1393 e
667 1343 921 1404 lacubus,
956 1343 1050 1407 qui
1083 1344 1182 1393 sub
1209 1342 1484 1406 montibus
1520 1343 1577 1391 in

492 1412 776 1463 occidente
811 1412 1094 1462 altissimis
1133 1413 1472 1476 Libyamque
1508 1411 1577 1460 ab

490 1482 780 1547 Aethiopia
815 1481 1252 1546 disiungentibus
1295 1482 1354 1529 in
1396 1479 1580 1529 infini-

488 1556 612 1601 tam
639 1551 985 1602 latitudinem
1009 1549 1388 1601 extendantur.
1450 1549 1577 1600 Vid.

488 1621 533 1670 1.
574 1622 640 1672 L.
679 1621 890 1686 Lydum
946 1621 1011 1671 de
1059 1636 1258 1671 menss.
1304 1635 1431 1685 pag.
1472 1619 1576 1669 266

489 1696 544 1739 et
577 1692 770 1742 Roeth.
843 1690 1156 1741 Recentiori
1186 1694 1369 1740 aetate
1406 1689 1579 1738 multa

489 1760 556 1811 de
597 1761 711 1811 Nili
754 1761 997 1811 fontibus
1039 1761 1314 1824 congessit
1357 1757 1575 1809 Ludolf.

485 1830 543 1879 in
594 1831 741 1880 Hist.
782 1830 1031 1895 Aethiop.
1077 1845 1200 1894 pag.
1258 1830 1358 1879 122
1393 1844 1574 1893 seqq.;

485 1905 608 1964 post
658 1916 814 1965 quem
861 1900 1172 1950 accuratius
1219 1900 1276 1947 in
1321 1898 1460 1947 haec
1494 1898 1575 1946 in·

486 1969 710 2033 quisivit
745 1968 986 2019 Danvill.
1018 1970 1073 2018 in
1093 1966 1356 2017 Memoirs'
1371 1966 1437 2016 de
1457 1965 1573 2015 l’A-

485 2038 608 2089 cad.
633 2037 686 2089 d.
712 2037 967 2102 Inscript.
992 2037 1195 2087 XXVI.
1221 2053 1275 2101 p.
1305 2037 1373 2087 46
1396 2052 1569 2101 seqq„

484 2104 729 2171 illudque
766 2107 979 2171 posuit,
1016 2105 1126 2154 Nili
1171 2106 1353 2155 fontes
1386 2105 1572 2155 hodie-

484 2190 589 2239 que
626 2191 735 2226 non
769 2176 945 2239 magis
993 2175 1108 2224 fere
1155 2175 1406 2238 cognitos
1448 2190 1571 2223 esse

484 2259 646 2309 quam
687 2244 954 2294 Herodoti
1000 2247 1055 2292 et
1103 2245 1194 2307 qni
1236 2259 1355 2293 eum
1394 2244 1570 2293 secuti

483 2318 612 2363 sunt
671 2318 872 2364 aetate.
958 2313 1281 2362 Hartmann.
1340 2311 1570 2376 (Erdbe-

483 2383 627 2434 schr.
677 2399 786 2433 von
834 2385 1071 2447 Aegypt.
1123 2397 1249 2446 pag.
1303 2379 1413 2443 75),
1461 2382 1569 2430 An-

481 2451 629 2518 glum
649 2451 1106 2518 peregrinatorem
1131 2452 1307 2501 Bruce
1328 2455 1567 2512 secutus,

476 2522 593 2573 Nili
627 2524 807 2573 fontes
860 2537 980 2571 esse
1027 2521 1219 2570 scribit
1264 2520 1411 2570 haud
1449 2536 1570 2585 pro-

480 2591 568 2642 cul
605 2608 638 2643 a
673 2593 797 2643 vico
825 2590 1023 2643 Gisch'
1010 2607 1067 2640 ιιι
1092 2590 1387 2654 Abyssinia
1420 2590 1567 2640 intra

480 2667 693 2713 montes
705 2660 1063 2714 Asormascha
1088 2668 1143 2709 et
1157 2651 1579 2709 Litchambara.
1584 2669 1591 2678 ·

483 2732 601 2792 Quo
646 2733 859 2782 cautius
915 2731 1112 2781 statuit
1173 2728 1398 2780 Rennel.
1443 2728 1481 2778 1.
1525 2728 1563 2778 l.

477 2817 605 2867 pag.
645 2803 746 2853 574
783 2816 952 2866 seqq„
1001 2799 1113 2850 Nili
1148 2797 1327 2849 fontes
1362 2798 1566 2849 nemini

479 2870 655 2919 adhuc
697 2870 1025 2931 innotuisse,
1080 2869 1170 2934 qui
1210 2866 1566 2931 probabiliter

475 2937 754 2988 meridiem
779 2952 966 2987 versus
996 2937 1135 2986 sub
1121 2952 1239 2999 ipso
1270 2942 1565 3001 aequatore

477 3007 590 3056 sint
627 3004 947 3070 quaerendi,
985 3021 1106 3054 cum
1135 3009 1189 3052 et
1215 3009 1460 3054 veterum
1484 3009 1561 3052 te-

477 3075 733 3124 stimonia
768 3079 822 3123 et
855 3074 1248 3136 recentiorum,
1288 3074 1379 3139 qui
1414 3073 1561 3124 Afri-

477 3159 577 3194 cae
622 3144 874 3208 regiones
924 3143 1210 3192 interiores
1253 3142 1559 3205 inviserint,

475 3213 679 3263 iudicia
698 3228 761 3263 eo
789 3212 985 3261 ducere
1011 3210 1315 3261 videantur.
1382 3211 1565 3272 Quare

478 3288 531 3333 et
565 3283 682 3347 ipse
725 3280 910 3332 malim
955 3281 1025 3331 ad
1068 3280 1265 3330 Ritteri
1299 3281 1563 3331 accedere

379 3387 384 3392 -
475 3358 689 3417 partes,
739 3351 831 3417 qui
870 3352 1055 3400 varias
1105 3354 1160 3399 et
1211 3354 1458 3400 veterum
1506 3355 1562 3399 et

473 3422 831 3472 recentiorum
881 3420 949 3469 de
996 3419 1110 3469 Nili
1157 3419 1398 3469 fontibus
1447 3420 1561 3484 opi-

473 3491 662 3541 niones
683 3490 997 3540 examinans
1035 3487 1169 3539 nihil
1205 3493 1387 3538 tamen
1422 3490 1559 3538 certi

469 3559 597 3610 hinc
623 3558 763 3610 effici
791 3574 952 3624 posse
978 3558 1174 3609 statuit
1197 3558 1415 3623 Nilique
1440 3558 1559 3608 fon-

470 3633 554 3678 tes
590 3630 864 3679 veteribus
918 3643 1091 3693 aeque
1137 3643 1203 3677 ac
1241 3628 1560 3678 recentiori-

471 3698 570 3749 bus
595 3705 752 3748 notos
773 3713 893 3748 esse
911 3702 1106 3762 negat3
1136 3695 1585 3748 vid.Erdkunde'

470 3766 515 3814 1.
556 3782 609 3830 p.
661 3766 764 3816 516
799 3782 947 3831 seqq.
987 3767 1091 3818 523
1127 3781 1280 3831 seqq.
1351 3765 1555 3815 Ukert.

473 3834 671 3897 Geogr.
686 3850 739 3883 v.
757 3835 954 3885 Africa
974 3835 1020 3885 I.
1049 3851 1105 3898 p.
1134 3835 1237 3885 258
1257 3849 1407 3899 seqq.
1429 3832 1552 3884 352.

469 3903 550 3950 Ac
584 3902 676 3950 vix
711 3903 934 3952 multum
964 3903 1264 3967 profecisse
1291 3902 1451 3951 nobis
1474 3903 1554 3951 vi-

470 3968 654 4018 demur
698 3985 764 4019 ex
812 3972 912 4034 iis,
958 3987 1095 4035 quae
1138 3976 1325 4022 nostra
1371 3976 1553 4021 aetate

468 4038 537 4086 ad
573 4037 686 4087 Nili
721 4038 901 4088 fontes
938 4054 1128 4089 revera
1160 4039 1420 4091 eruendos
1458 4044 1554 4089 aut

467 4110 722 4170 suscepta
761 4111 888 4155 sunt
933 4108 1158 4169 itinera,
1205 4113 1301 4158 aut
1348 4123 1382 4160 a
1417 4108 1548 4157 viris

463 4176 706 4240 apprime
727 4174 902 4224 doctis
923 4175 1065 4225 hanc
1091 4178 1150 4225 in
1174 4193 1286 4227 rem
1308 4177 1546 4242 prolata.

463 4249 525 4293 ut
559 4243 697 4293 adeo
719 4259 827 4293 non
863 4243 1138 4306 deessent,
1177 4247 1269 4309 qui
1294 4245 1406 4296 Nili
1433 4245 1547 4295 fon-

463 4317 549 4363 tes
590 4311 766 4363 adh'uc
817 4313 1126 4378 incognitos
1177 4329 1297 4363 esse
1341 4314 1546 4363 iudica-

1689 718 1736 767 1.
1773 733 1827 783 p.
1865 719 1951 770 51.
1992 717 2175 780 (1847.
2214 715 2442 782 Octob.)
2479 734 2609 784 pag.
2653 721 2687 769 ὅ
2725 722 2778 768 et

1695 787 1848 838 1848.
1883 787 2030 839 Iuill.
2076 805 2129 853 p.
2177 787 2244 839 97
2282 789 2401 851 (ubi
2446 788 2649 839 iudicia
2699 788 2774 836 vi-

1687 872 1869 907 rorum
1906 859 2011 908 hac
2055 860 2115 908 in
2162 874 2221 908 re
2255 859 2548 924 praecipue
2591 857 2774 922 appel-

1686 926 1987 992 landorum,
2025 929 2226 979 Werne
2259 934 2315 979 et
2340 928 2509 990 Beke,
2547 927 2775 977 afferun-

1685 997 1801 1061 tur)
1841 998 1964 1048 coll.
1996 998 2259 1048 Decemb.
2299 997 2452 1049 1848.
2489 1012 2618 1062 pag.
2650 996 2773 1048 341.

1683 1067 1861 1130 Atque
1907 1067 2108 1117 Werne
2164 1067 2229 1117 de
2276 1067 2379 1117 hac
2433 1081 2492 1115 re
2553 1066 2774 1130 scripsit

1683 1135 1739 1183 in
1777 1137 1838 1185 C.
1876 1136 2079 1186 Ritteri
2129 1135 2341 1187 libello:
2376 1136 2483 1185 Ein
2519 1135 2681 1186 Blick
2714 1136 2771 1184 in

1684 1204 1783 1254 das
1819 1205 2043 1255 Nilland
2086 1222 2139 1271 p.
2177 1210 2247 1257 42
2282 1221 2435 1271 seqq.
2475 1220 2540 1255 ac
2578 1203 2771 1255 deinde

1679 1272 1817 1324 libro
1878 1274 2143 1340 singulari
2203 1291 2344 1325 anno
2408 1272 2539 1324 1849
2595 1273 2769 1324 edito:

1684 1345 2053 1408 „Expedition
2109 1360 2206 1394 zur
2258 1344 2622 1409 Entdeckung
2677 1342 2773 1392 der

1684 1412 1914 1473 Quellen
1964 1413 2059 1463 des
2117 1413 2347 1464 weissen
2405 1413 2565 1474 Nil“;
2631 1413 2770 1463 alter

1679 1497 1838 1544 vero,
1878 1483 2107 1533 Carolus
2140 1484 2321 1547 Bake,
2358 1483 2415 1532 in
2451 1482 2626 1532 tribus
2664 1482 2768 1531 dis-

1680 1552 2071 1602 sertationibus
2098 1567 2267 1618 nuper
2291 1552 2453 1603 editis
2483 1550 2657 1616 („Der
2678 1551 2770 1613 Nil

1677 1621 1791 1670 und
1846 1623 1997 1671 seine
2043 1621 2329 1672 Zufliisse“
2379 1623 2436 1670 in
2480 1621 2554 1671 H.
2603 1622 2769 1685 Berg-

1679 1689 1814 1740 haus
1834 1691 2154 1740 Zeitschrift
2174 1692 2262 1741 fiir
2284 1690 2581 1742 Erdkunde
2609 1690 2763 1743 vm.

1677 1774 1730 1822 Ρ.
1776 1759 1988 1825 lseqq.
2028 1760 2123 1811 161
2166 1776 2319 1826 seqq.
2369 1760 2467 1810 321
2510 1774 2663 1825 seqq.
2701 1775 2766 1809 ac

1677 1829 1969 1894 praecipue
2013 1845 2069 1893 p.
2125 1829 2229 1880 344
2276 1830 2416 1896 seq.)
2453 1829 2600 1879 haud
2646 1830 2764 1878 sine

1676 1897 2080 1962 probabilitatis
2117 1900 2300 1964 specie
2324 1898 2558 1980 quadam
2586 1903 2765 1948 osten-

1674 1966 1801 2016 dere
1837 1974 2066 2017 conatus
2110 1973 2220 2028 est,
2265 1969 2359 2018 vix
2405 1954 2763 2018 dubitandum

1674 2051 1818 2098 esse,
1855 2039 1986 2101 quin
2020 2038 2200 2088 fontes
2238 2039 2347 2088 Nili
2386 2037 2497 2087 albi
2532 2053 2578 2086 s.
2615 2036 2763 2087 Baln-

1673 2110 1728 2154 et
1746 2106 1957 2170 Abyad,
1999 2122 2104 2171 quo
2140 2108 2358 2157 nomine
2383 2105 2763 2171 comprehendi

1672 2180 1890 2224 constat
1948 2175 2173 2225 alterum
2231 2175 2396 2242 idque
2447 2177 2762 2240 primarium

1672 2242 1785 2293 Nili
1829 2244 2111 2294 brachium
2153 2244 2223 2295 ad
2271 2245 2605 2296 occidentem
2647 2259 2763 2295 ver-

1672 2327 1831 2376 gens,
1869 2313 2165 2377 quaerendi
2184 2316 2297 2365 sint
2332 2315 2389 2364 in
2426 2330 2492 2365 ea
2519 2314 2760 2397 regione,

1672 2396 1814 2445 quae
1850 2389 2078 2433 vocatur
2115 2383 2274 2434 Mo'no
2311 2385 2497 2446 Μοέτί,
2538 2384 2574 2434 i.
2617 2399 2664 2435 e.
2704 2385 2762 2432 in

1670 2465 1913 2586 ἷὲξέἓὲ.
1926 2452 2269 2572 ἱῖῗίἐὲἓέῗ
2283 2453 2761 2587 ’112222123'3'32

1670 2594 1784 2640 tere
1820 2591 1900 2639 ait
1934 2592 2114 2656 Beke,
2163 2608 2258 2642 cur
2295 2591 2642 2642 Ptolemaeus
2678 2607 2759 2641 re-

1672 2658 1859 2709 tulerit
1896 2660 2075 2710 fontes
2114 2661 2226 2710 Nili
2262 2660 2333 2710 ad
2368 2654 2431 2710 τὸ
2459 2658 2562 2726 τῆς
2597 2652 2756 2725 σελή-

1671 2743 1775 2791 νης
1821 2719 1973 2792 ὅρος.
2049 2731 2240 2794 Neque
2279 2732 2443 2781 etiam
2491 2731 2756 2780 absonum

1671 2812 1791 2847 esse
1825 2798 2033 2848 iudicat
2068 2798 2211 2849 idem
2241 2799 2325 2848 vir
2351 2800 2572 2862 doctus,
2610 2799 2755 2864 quod

1669 2866 1797 2915 olim
1830 2868 2086 2917 Lusitani
2122 2869 2522 2932 contenderint,
2570 2868 2754 2919 Nilum

1668 2937 1935 2999 profluere
1986 2952 2016 2986 e
2060 2937 2187 2988 lacu
2222 2936 2519 3000 Zambeze,
2568 2938 2662 3003 qui
2698 2938 2751 2986 in

1667 3003 1762 3053 illa
1807 3007 2029 3071 regione
2079 3022 2211 3057 sane
2258 3009 2544 3072 reperitur.
2617 3006 2753 3056 Cum

1665 3072 1748 3120 his
1795 3074 1910 3125 fere
1958 3076 2305 3126 consentiunt
2353 3092 2445 3138 ea,
2506 3075 2645 3140 quae
2685 3074 2752 3124 de

1666 3142 1775 3191 Nili
1825 3143 2067 3194 fontibus
2117 3144 2374 3195 disseruit
2419 3147 2749 3210 Russegger,

1664 3212 1758 3275 qui
1792 3212 1908 3277 ipse
1945 3214 2014 3263 ad
2061 3229 2152 3263 eos
2196 3214 2581 3279 propemodum
2625 3229 2751 3278 pro-

1664 3296 1882 3344 gressus
1914 3288 2023 3343 est3
2060 3283 2173 3333 vid.
2212 3284 2413 3334 Reisen
2450 3289 2556 3334 etc.
2594 3283 2670 3346 11,
2692 3284 2745 3333 2.

1664 3365 1717 3413 p.
1779 3351 1840 3401 71
1891 3367 2044 3417 seqq.
2092 3352 2161 3402 83
2217 3349 2333 3417 seq'.
2417 3354 2572 3415 Quae
2626 3367 2747 3402 cum

1660 3419 1740 3468 ita
1765 3421 1875 3469 sint
1891 3458 1903 3478 ,
1942 3420 2104 3470 facile
2130 3422 2196 3470 iis
2226 3437 2410 3471 carere
2434 3423 2747 3486 poterimus,

1662 3504 1800 3554 quae
1825 3505 1993 3554 nuper
2013 3491 2218 3540 reiecta
2234 3490 2539 3541 Ptolemaei
2560 3496 2747 3542 aucto-

1660 3558 1826 3607 ritate
1867 3558 2109 3623 ipsisque
2162 3560 2278 3610 eius
2333 3561 2546 3625 verbis,
2606 3575 2746 3625 quae

1660 3627 1819 3678 modo
1873 3627 2181 3692 attulimuS,
2246 3628 2567 3692 eliminatis,
2626 3635 2747 3680 tan-

1660 3711 1821 3760 quam
1863 3697 2062 3761 spuriis
2112 3703 2167 3748 et
2214 3714 2280 3748 ex
2329 3699 2548 3749 serioris
2593 3703 2745 3749 aeta-
2798 3749 2803 3754 .

1656 3766 1732 3814 tis
1773 3765 2195 3829 interpolatione
2244 3766 2441 3830 illatis,
2485 3768 2744 3818 disseruit

1656 3834 1745 3882 W.
1772 3835 1841 3883 D.
1864 3834 2068 3900 Cooley
2094 3836 2151 3884 in
2176 3835 2389 3898 libello,
2430 3838 2521 3902 qui
2551 3837 2743 3886 inscri-

1655 3901 1828 3951 bitur:
1888 3901 2147 3954 Claudius
2194 3905 2445 3970 Ptolemy
2488 3904 2597 3954 aud
2649 3904 2743 3954 the

1654 3970 1803 4032 Ni103
1862 3986 1947 4035 or,
2008 3988 2079 4022 an
2125 3973 2351 4038 Inquiry
2397 3975 2453 4023 in
2508 3980 2566 4023 to
2618 3972 2744 4023 that

1655 4006 2049 4105 Geograph'er's
2088 4040 2204 4091 real
2250 4043 2437 4092 merita
2475 4041 2583 4092 and
2619 4058 2743 4108 spe—

1654 4108 1893 4160 culative
1931 4125 2105 4160 errors
2143 4115 2246 4162 etc.
2287 4112 2463 4161 Lond.
2494 4110 2649 4162 1854.
2686 4112 2739 4161 8.

1724 4167 1856 4225 οὔτε
1885 4170 2142 4244 Λιβύων]
2169 4180 2502 4230 Dahlmann.
2540 4180 2596 4229 in
2629 4180 2744 4230 He-

1650 4244 1829 4296 rodot.
1856 4261 1982 4311 pag.
2016 4249 2081 4296 72
2109 4262 2201 4297 eos
2229 4249 2491 4315 intelligit
2513 4248 2739 4312 Libyes,

1651 4315 1741 4377 qui
1787 4315 2095 4379 Aegyptum
2142 4317 2449 4368 inferiorem
2494 4317 2742 4381 proxime

462 4385 601 4434 rent.
659 4380 782 4434 Vid.
803 4379 1097 4435 Iournald.
1119 4382 1332 4446 Voyag.
1362 4379 1543 4449 (1845)
1645 4380 1978 4447 habitarint,
2035 4385 2371 4437 occidentem
2426 4401 2648 4451 versus,
2704 4401 2743 4438 a
