3109 5092
1166 283 1664 377 EUTERPE.
1710 286 1793 346 11.
1840 293 1929 349 92.

409 458 595 543 πυρί.

2564 287 2688 350 629

704 458 844 520 ἔστι
892 452 968 521 δὲ
1003 454 1116 522 καὶ
1150 449 1192 543 ἡ
1222 458 1369 542 ῥίζα
1403 462 1525 525 τοῦ
1560 462 1779 550 λωτοῦ
1812 457 2058 528 τούτου
2105 462 2402 549 ἐδωδίμη
2430 461 2543 529 καὶ
2573 463 2683 547 ἐγ-

408 555 682 643 γλύσσει
744 557 1120 639 ἐπιεικέως,
1190 556 1306 626 ἐὰν
1360 560 1815 649 στρογγύλον,
1879 564 2175 650 μέγαθος-
2227 560 2394 630 κατά
2446 570 2680 651 μῆλον.

389 657 572 727 ’Ἐστι
630 659 705 728 δὲ
738 660 851 726 καὶ
895 656 1064 728 ἄλλα
1099 667 1333 750 κρίνεα
1366 662 1624 749 ῥόδοισι
1655 665 1982 755 ἐμφερέα,
2022 668 2097 734 ἐν
2129 670 2223 759 τῷ
2268 671 2543 759 ποταμῷ
2576 694 2680 752 γι-

403 763 660 849 νόμενα
709 763 825 830 καὶ
887 768 1130 831 ταῦτα·
1216 765 1282 846 ἐξ
1326 753 1423 834 ὦν
1474 761 1510 833 ὁ
1554 764 1810 855 καρπὸς
1860 770 1936 837 ἐν
1969 764 2140 856 ἄλλῃ
2180 768 2423 838 κάλυκι
2461 794 2677 859 παρα-

405 867 713 953 φυομένῃ
758 865 833 934 ἐκ
870 870 986 953 τῆς
1016 868 1198 953 ῥίζης
1229 873 1525 954 γίνεται,
1566 875 1778 962 κηρίω
1819 876 2108 958 σφυκῶν
2143 872 2334 959 ἰδέην
2370 867 2678 959 ὁμοιότα-

402 995 541 1037 τον.
616 969 692 1035 ἐν
726 964 942 1059 τούτῳ
976 967 1272 1056 τρωκτὰ,
1315 966 1477 1039 ὅσον
1503 998 1577 1040 τε
1621 969 1849 1061 πυρὴν
1887 976 2144 1061 ἐλαίης,
2183 977 2519 1060 ἐγγίνεται
2550 995 2667 1069 συ-

402 1068 547 1158 χνά.
625 1068 953 1155 τρώγεται
987 1075 1063 1139 δε
1100 1073 1212 1140 καὶ
1245 1068 1469 1141 ἁπαλὰ
1515 1079 1726 1142 ταῦτα
1753 1077 1866 1143 καὶ
1904 1067 2057 1144 αὖα.
2138 1073 2279 1164 Τὴν
2311 1076 2387 1144 δὲ
2421 1076 2682 1164 βύβλον

401 1171 526 1260 τὴν
571 1173 872 1241 ἐπέτειον
908 1176 1273 1262 γινομένην
1311 1173 1517 1244 ἐπεὰν
1551 1173 1990 1246 ἀνασπάσωσι
2022 1180 2097 1246 ἐκ
2127 1184 2265 1247 τῶν
2307 1180 2550 1262 ἑλέων,
2602 1177 2682 1247 τὰ

407 1338 477 1389 ad
511 1340 731 1390 Homer.
771 1336 858 1387 Ili.
906 1355 958 1404 p.
999 1339 1132 1403 481,
1169 1340 1255 1393 31.
1331 1340 1496 1391 Intel-

402 1408 529 1474 ligit
554 1424 753 1474 grana,
794 1423 933 1473 qnae
956 1410 1143 1475 granis
1172 1410 1494 1475 papavereis

405 1477 606 1528 similia
652 1477 813 1539 dicit,
866 1477 1030 1530 eloti
1077 1480 1349 1544 capitibus
1401 1494 1492 1528 ex-

405 1552 577 1609 emta,
634 1561 771 1611 quae
810 1545 932 1597 dein
970 1549 1194 1612 pinsunt
1231 1553 1286 1599 et
1321 1564 1491 1613 panes

403 1616 530 1665 inde
580 1620 840 1680 coquunt.
913 1617 1052 1667 Nam
1101 1616 1359 1667 πτίσσειν
1405 1623 1492 1668 est

397 1690 629 1749 pinsere,
678 1686 889 1736 tundere
944 1685 1292 1751 (zermalmen
1308 1725 1321 1750 ‚
1379 1703 1492 1737 zer-

399 1753 660 1816 stossen).

470 1814 755 1888 ἐγγλύσσει
805 1812 1112 1890 ἐπιεικέως]
1163 1824 1306 1874 Male
1352 1824 1488 1875 haec

403 1894 458 1944 in
504 1894 828 1957 quibusdam
876 1892 997 1942 edd.
1037 1893 1311 1956 seiuncta,
1366 1909 1488 1944 cum

401 1962 681 2012 distinctio
718 1965 843 2026 post
869 1952 1154 2017 ἐπιεικέως
1180 1962 1489 2027 reponenda

401 2036 564 2081 esset.
605 2022 926 2095 ἐγγλύσσειν
957 2032 1175 2095 (dulcem
1206 2031 1339 2097 esse)
1360 2048 1490 2083 nen-

397 2100 610 2151 traliter
633 2100 722 2150 hic
747 2099 1140 2164 accipiendum.
1162 2131 1232 2140 —-
1252 2102 1488 2166 Sequen-

397 2170 504 2220 tia:
544 2160 640 2218 ἐὸν
676 2160 1023 2232 στρογγύλον
1058 2174 1336 2220 structura
1357 2186 1489 2236 quo—

399 2239 685 2290 dammodo
737 2242 951 2288 mutata
1004 2242 1058 2287 et
1119 2239 1189 2288 ad
1243 2240 1486 2305 proxime

396 2309 633 2374 positum
682 2303 939 2370 μέγαθος
995 2309 1321 2372 respiciente
1365 2325 1486 2374 per-

397 2379 577 2427 tinent
609 2376 679 2426 ad
714 2376 982 2438 radicem,
1020 2378 1236 2427 minime
1259 2393 1389 2427 vero
1415 2379 1484 2428 ad

394 2446 496 2497 loti
531 2446 763 2496 fructum
804 2462 849 2513 s.
884 2461 1056 2510 grana
1093 2461 1258 2511 supra
1289 2463 1487 2497 memo-

401 2521 541 2566 rata.
613 2514 900 2566 Simillimo
935 2515 1093 2565 modo
1127 2516 1182 2564 in
1219 2531 1368 2581 seqq.
1409 2517 1487 2566 di-

396 2586 476 2635 xit
504 2575 844 2648 ὁμοιότατον
865 2588 1058 2634 neutro
1098 2600 1326 2650 genere,
1365 2601 1485 2636 cum

397 2654 467 2706 ad
511 2643 731 2713 καρπὸς
779 2652 1078 2715 referatur,
1135 2668 1310 2719 neque
1360 2654 1485 2704 inde

396 2722 713 2774 mutandum
761 2723 818 2771 in
854 2714 1218 2786 ὁμοιότατος,
1267 2729 1330 2772 ut
1364 2740 1486 2787 pro-

393 2793 580 2858 posuit
630 2791 914 2842 Benedict.
972 2791 1029 2840 in
1085 2792 1234 2841 Actt.
1293 2793 1483 2845 semin.

396 2879 509 2927 reg.
549 2860 703 2922 Lips.
740 2861 816 2911 11.
856 2877 908 2924 p.
943 2859 1064 2911 289.

463 2921 721 2995 μέγαθος
768 2922 911 2978 κατὰ
960 2926 1168 2994 μῆλον]
1215 2930 1300 2979 De
1344 2921 1488 2979 κατὰ

396 2999 816 3067 praepositionis
847 3014 950 3050 usn
987 2999 1135 3050 conf.
1173 2998 1219 3062 1,
1246 2994 1482 3051 84.'121.

457 3108 525 3199 ’ἐξ
562 3122 643 3185 ὧν
680 3124 709 3183 ὁ
747 3127 967 3198 καρπὸς
1015 3128 1075 3185 ἔν
1108 3126 1245 3203 ἄλλῃ
1282 3130 1484 3187 κάλυκι

395 3195 813 3272 παραφυομένῃ
842 3195 898 3252 ἐκ
925 3200 1026 3266 τῆς
1061 3198 1216 3269 ῥίζης
1244 3205 1482 3271 γίνεται]

395 3280 434 3328 i.
472 3294 519 3328 e.
556 3291 626 3324 ex
671 3273 845 3339 quibus
881 3270 1053 3340 (liliis)
1099 3277 1186 3340 qui
1230 3281 1486 3328 enascitur

388 3350 620 3411 fruc-tus,
667 3346 719 3393 in
754 3343 856 3392 alio
890 3345 1049 3407 cauli,
1097 3347 1184 3408 ραι·
1214 3348 1361 3395 iuxta
1410 3350 1484 3396 al-

393 3425 551 3468 terum
588 3413 866 3469 adcrescit,
905 3427 932 3461 e
967 3415 1144 3463 radice
1177 3416 1364 3476 prodit,
1401 3432 1484 3465 ve-

391 3499 597 3549 sparum
638 3481 761 3542 favo
814 3480 887 3529 ad
934 3486 1148 3544 speciem
1202 3486 1484 3541 simillimus.

396 3545 571 3613 κάλυξ
601 3550 690 3599 hic
715 3565 826 3599 non
864 3556 946 3600 est
970 3552 1287 3602 Latinorum
1325 3556 1486 3619 calyx

399 3623 459 3687 (i.
500 3637 547 3672 e.
587 3618 954 3681 involucrum,
1000 3622 1146 3686 quod
1184 3622 1367 3671 florem
1407 3627 1486 3672 te-

341 3684 351 3703 '
399 3694 480 3761 git
526 3695 624 3742 aut
671 3688 906 3738 fructum
957 3689 1217 3753 includit,
1274 3690 1483 3750 Kelch),

398 3762 493 3811 sed
541 3760 608 3810 de
642 3757 815 3808 altero
858 3763 994 3809 cauli
1025 3760 1178 3825 (nosz
1231 3756 1484 3825 Steropen),

396 3831 490 3897 qui
526 3830 680 3879 iuxta
713 3826 944 3877 alterum
990 3843 1019 3877 e
1056 3828 1240 3878 radice
1278 3830 1488 3879 enasci-

396 3906 511 3963 tur,
550 3894 983 3961 intelligendum.
1038 3897 1350 3961 Hesychius
1387 3892 1508 3952 κώ,

395 3965 495 4028 λυξ
540 3966 670 4017 inde
724 3964 962 4029 explicat
1023 3958 1328 4030 βλάστημα.
1412 3968 1488 4017 Et

391 4037 630 4102 probant
661 4034 798 4085 haec
829 4032 930 4083 loti
955 4033 1162 4099 figurae
1194 4039 1248 4085 et
1282 4036 1487 4097 icones,

395 4121 531 4173 quas
563 4106 700 4156 citat
731 4102 1037 4153 Larcherns
1075 4103 1144 4152 ad
1181 4104 1236 4154 h.
1271 4103 1309 4153 l.
1330 4141 1344 4167 ‚
1400 4105 1490 4155 cui

394 4176 559 4226 etiam
596 4172 928 4237 suffragatur
950 4168 1187 4223 Heeren.
1224 4173 1263 4224 l.
1288 4173 1324 4223 1.
1357 4188 1485 4239 pag.

394 4244 518 4297 358.
556 4240 679 4293 359.

468 4309 649 4379 κηρίῳ
706 4307 945 4374 σφηκῶν
1004 4300 1171 4375 ἰδέην
1224 4298 1486 4377 ὁμοιότα-

1566 1341 1719 1407 Χτον]
1761 1343 1845 1393 Ad
1882 1334 2047 1407 ἰδέην
2085 1343 2229 1395 conf.
2259 1344 2335 1407 11,
2362 1345 2448 1407 71,
2488 1345 2556 1394 de
2590 1359 2683 1394 vo-

1597 1411 1791 1461 cabulo
1855 1412 2060 1477 κηρίον
2122 1413 2268 1464 conf.
2336 1413 2556 1463 Ianson.
2624 1413 2683 1463 iu

1593 1480 1823 1532 Jahrbb.
1863 1482 1901 1531 f.
1940 1481 2137 1543 Philol.
2174 1498 2230 1533 n.
2262 1481 2503 1548 Paedag.
2547 1481 2681 1547 Sup-

1594 1549 1756 1614 plem.
1804 1550 1965 1602 VIII.
2019 1568 2068 1616 p.
2122 1551 2224 1605 496
2272 1567 2385 1617 seq.
2466 1552 2680 1615 Vespas

1592 1619 1683 1669 hic
1721 1635 1850 1684 apes
1898 1621 2044 1670 feras
2082 1621 2190 1670 dici
2239 1621 2518 1670 existimat
2541 1620 2682 1670 Hee-

1594 1704 1706 1739 ren.
1749 1688 1788 1738 l.
1825 1688 1865 1738 1.
1943 1689 2091 1751 Quos
2131 1690 2272 1739 enim
2310 1690 2433 1739 *favi
2474 1687 2680 1739 forulos

1591 1756 1794 1807 habent
1832 1756 1900 1807 ad
1934 1757 2037 1807 mel
2069 1758 2423 1820 servandum,
2461 1758 2680 1808 eosdem

1590 1825 1795 1876 inloto
1832 1826 2183 1877 videre-licet
2230 1827 2299 1875 ad
2351 1842 2526 1892 grana
2572 1841 2681 1877 ser-

1590 1895 1800 1957 vanda,
1849 1911 1987 1961 quae
2029 1897 2149 1961 ipsa
2187 1896 2373 1960 granis
2410 1895 2675 1961 oleaginis

1590 1979 1813 2029 prorsus
1849 1964 2050 2014 similia
2088 1969 2324 2014 testatur
2358 1965 2499 2014 idem
2534 1965 2678 2015 Hee-

1591 2034 1773 2083 renius
1807 2032 1843 2082 l.
1882 2033 1919 2084 l.
1956 2049 2083 2099 pag.
2123 2033 2246 2085 359.
2284 2063 2353 2072 —-
2388 2024 2580 2097 πυρὴν
2619 2034 2675 2112 in

1591 2118 1741 2167 seqq.
1782 2107 1865 2152 est
1894 2119 2136 2169 ymnum,
2179 2105 2408 2165 nucleus,
2457 2117 2679 2165 τρωκτα

1588 2171 1965 2233 intelliguntur
2022 2174 2276 2223 esculenta
2328 2187 2518 2238 praua.
2612 2171 2678 2221 In

1590 2257 1739 2307 seqq.
1771 2233 1988 2301 ἁπαλὰ,
2028 2242 2066 2291 i.
2092 2256 2139 2292 e.
2163 2249 2357 2303 tenera,
2394 2240 2460 2290 de
2495 2239 2677 2290 fructu

1587 2315 1782 2361 recenti
1810 2311 2047 2376 indeque
2081 2312 2237 2370 molli:
2277 2311 2364 2360 cni
2400 2324 2679 2374 opponun-

1587 2385 1681 2429 tur
1713 2367 1856 2435 αὖα,
1896 2384 2089 2431 siccata
2123 2379 2356 2445 indeque
2397 2380 2545 2428 dura.

1658 2442 1766 2511 τὴν
1798 2443 1860 2497 δὲ
1949 2440 1985 2496 ύ
2025 2449 2126 2496 λον
2161 2440 2267 2512 τὴν
2304 2438 2561 2496 ἐπέτειον
2594 2463 2677 2511 γι-

1591 2510 1866 2582 νομένην]
1931 2533 1971 2565 π
2005 2531 2176 2577 τειον,
2214 2517 2361 2581 qnod
2397 2531 2581 2566 omnes
2618 2515 2681 2567 li·

1586 2587 1671 2635 bri
1731 2585 1962 2646 habent,
2026 2585 2252 2634 retinui:
2312 2586 2385 2635 cf.
2441 2584 2530 2646 11,
2585 2585 2673 2635 25.

1587 2652 1787 2705 Reddit
1823 2653 1958 2704 haec
1993 2654 2075 2703 ita
2105 2653 2672 2719 Schweighaeuserus:

1590 2723 1822 2787 „byblum
1853 2721 1937 2785 (id
1971 2727 2055 2772 est
2070 2720 2363 2789 papyrum),
2403 2738 2533 2786 quae
2560 2737 2678 2787 quo-

1584 2794 1752 2843 tannis
1787 2795 1837 2843 in
1870 2791 2143 2854 paludibus
2177 2791 2467 2842 nascicur.“
2538 2792 2677 2841 Lar-

1586 2861 1778 2912 cherus
1815 2861 2043 2911 liberius
2078 2859 2213 2912 haec
2260 2862 2342 2911 ita
2378 2862 2677 2925 expressitt

1584 2932 1673 2994 „le
1710 2930 1886 2996 byblus
1928 2939 2008 2981 est
2044 2946 2141 2980 une
2176 2933 2352 2994 plante
2385 2933 2676 2981 annuelle.“

1586 3000 1924 3066 Quamquam
1984 3000 2132 3050 hand
2179 2999 2448 3062 diffiteor,
2508 3000 2679 3050 verba

1584 3061 1691 3133 τὴν
1739 3059 1993 3119 ἐπέτειον
2042 3062 2352 3134 γινομένην
2400 3067 2533 3118 mihi
2566 3086 2675 3120 non

1586 3138 1721 3188 satis
1772 3139 2024 3203 expedita
2070 3138 2273 3200 videri3
2324 3154 2462 3204 quae
2496 3139 2674 3203 ipsum

1587 3207 2157 3273 Schweighaeusernm
2214 3209 2378 3258 etiam
2428 3207 2680 3257 nonnihil

1588 3276 1881 3329 offendisse
1934 3278 2250 3339 videantur,
2313 3278 2403 3343 qui
2450 3275 2554 3325 hoc
2596 3276 2677 3326 ita

1588 3345 1791 3396 dictum
1821 3350 2005 3411 putat,
2044 3348 2199 3410 quasi
2234 3345 2545 3409 significare
2568 3344 2677 3392 No-

1587 3420 1702 3464 ster
1736 3415 1998 3476 voluerit,
2037 3414 2173 3464 duas
2209 3418 2303 3462 ant
2339 3412 2521 3477 plures
2555 3426 2675 3489 ess‘e

1586 3484 1780 3548 papyri
1817 3485 2055 3548 species,
2118 3496 2342 3547 quarum
2392 3495 2503 3530 nna
2550 3470 2676 3529 ἐπε-

1586 3566 1737 3608 τειος
1759 3553 1849 3613 sit,
1888 3552 2259 3617 reliquae-non
2282 3551 2432 3599 item.
2471 3549 2537 3598 In
2568 3564 2675 3613 quo

1586 3636 1671 3670 me
1697 3624 1840 3672 certe
1864 3636 1976 3671 non
2011 3620 2399 3670 assentientem
2427 3617 2676 3679 habebit3

1584 3687 1804 3754 byblum
1842 3688 2021 3739 malim
2054 3688 2361 3752 intelligere
2385 3689 2678 3751 quotannis

1585 3764 1930 3820 nascentem,
1969 3758 2049 3807 ita
2077 3762 2138 3806 ut
2174 3756 2325 3821 bybli
2361 3755 2546 3820 plures
2585 3771 2678 3805 an-

1587 3843 1686 3877 nos
1723 3833 1889 3877 natae
1927 3842 2084 3876 nsum
2122 3825 2191 3875 ad
2228 3826 2433 3876 victum
2467 3824 2677 3876 scilicet

1587 3911 1790 3961 negare
1843 3897 2044 3946 Noster
2104 3895 2357 3946 voluerit.
2448 3895 2553 3945 Sed
2607 3911 2676 3945 ne

1585 3965 1723 4015 haec
1755 3964 1967 4029 quidem
2003 3980 2225 4029 prorsus
2259 3963 2560 4023 sufficiant;
2595 3965 2679 4014 vi·-

1588 4035 1753 4084 deant
1776 4035 1843 4084 de
1874 4034 1958 4085 his
1986 4050 2069 4084 me
2099 4034 2411 4099 peritiores,
2449 4048 2677 4097 qnorum

1586 4103 1846 4153 iudicium
1893 4108 2167 4168 exspecto,
2238 4103 2383 4153 Illud
2421 4118 2549 4152 vero
2584 4103 2676 4151 vix

1586 4187 1806 4223 monere
1842 4174 2071 4235 attinet,
2104 4172 2440 4223 Herodotum
2475 4172 2564 4220 hic
2596 4169 2676 4221 lo·

1588 4241 1897 4373 33:233&ss
1921 4242 2259 4380 3353&
2278 4254 2675 4377 Jfflfflffi
