3109 5092
1136 291 1632 352 EUTERPE.
1678 293 1762 352 H.
1810 300 1930 356 169.

2545 287 2655 349 811

1695 469 1725 484 ¹⁸
1804 471 1832 485 u
1888 462 1904 489 2

396 466 649 562 τρῷῃσι
675 472 958 556 ταφῇσι.
1007 470 1081 536 αἰ
1111 468 1194 536 δέ
1222 472 1349 537 εἰσι
1381 467 1456 534 ἐν
1482 470 1577 558 τῷ
1601 469 1724 558 ἰρω
1750 492 1867 554 της
1900 473 2284 555 Αθηναίης,
2324 464 2665 555 ἀγχοτάτω

395 577 517 641 τοῦ
543 570 862 660 μεγάρου,
892 569 1138 639 ἐσιόντι
1166 567 1518 659 ἀριστερῆς
1542 567 1781 657 χειρός.
1839 574 2110 653 ἔθαψαν
2137 568 2386 642 Σαῗται
2414 569 2667 650 πάντας

394 672 552 755 τούς
587 678 661 744 ἐκ
689 679 902 762 νομοῦ
929 672 1171 744 τούτου
1198 674 1605 761 γενομένους
1632 674 1946 760 βασιλέας
1973 679 2103 742 ἔσω
2132 676 2206 742 ἐν
2234 678 2330 766 τῷ
2358 676 2503 767 ἱρῷ.
2552 675 2664 742 καὶ

393 776 522 867 γὰρ
549 775 624 846 τό
649 781 770 846 τοῦ
801 773 1108 864 Ἀμάσιος
1133 783 1310 866 σῆμα
1341 776 1673 864 ἑκαστέρω
1714 777 1839 863 μέν
1867 778 2006 844 ἐστι
2033 781 2156 845 τοῦ
2188 775 2488 865 μεγάρου
2516 771 2559 865 ἢ
2588 774 2662 844 τὸ

392 887 515 950 τοῦ
533 878 819 968 Ἀπρίεω
840 881 952 947 καὶ
977 885 1115 949 τῶν
1139 880 1385 951 τούτου
1403 877 1848 969 προπατόρων
1865 899 1880 914 ·
1906 885 2045 947 ἔστι
2072 881 2300 967 μέντοι
2330 880 2443 949 καὶ
2465 884 2663 947 τοῦτο

394 986 470 1052 ἐν
504 988 584 1074 τῇ
622 979 798 1070 αὐλῇ
840 988 960 1050 τοῦ
1004 988 1188 1071 ίροῦ,
1243 980 1495 1061 παστὰς
1536 989 1772 1071 λιθίνη
1818 982 2072 1071 μεγάλη
2089 1035 2107 1069 ,
2167 986 2280 1052 καὶ
2322 979 2663 1071 ἠσκημένη

393 1086 701 1154 στύλοισί
719 1112 790 1153 τε
820 1094 1133 1169 φοίνικας
1157 1085 1235 1155 τὰ
1264 1089 1552 1173 δένδρεα
1579 1087 2088 1173 μεμιμημένοισι
2110 1088 2222 1154 καὶ
2241 1092 2323 1174 τῇ
2347 1082 2516 1175 ἄλλῃ
2539 1091 2659 1154 δα-

393 1188 592 1277 πάνῃ.
651 1194 780 1256 ἔσω
811 1188 886 1256 δὲ
917 1190 993 1256 ἐν
1015 1194 1095 1280 τῇ
1123 1189 1408 1258 παστάδι
1439 1186 1587 1270 διξὰ
1613 1187 1986 1294 θυρώματα
2014 1193 2270 1277 ἔστηκε,
2292 1192 2367 1258 ἐν
2390 1188 2464 1258 δὲ
2490 1203 2662 1258 τοῖσι

391 1356 509 1406 Iam
549 1370 713 1420 supra
749 1354 818 1405 ad
844 1354 920 1416 11,
962 1354 1053 1405 161
1100 1355 1239 1416 dixi,
1278 1355 1344 1404 de
1371 1354 1477 1404 fine

391 1425 592 1490 Apriae
626 1424 786 1474 aliter
819 1425 965 1475 tradi
997 1425 1141 1488 apud
1186 1424 1476 1489 Iosephum

391 1510 567 1559 neque
602 1493 893 1543 convenire
940 1509 1161 1557 prorsus
1209 1509 1330 1543 cum
1367 1495 1476 1544 He-

387 1563 625 1613 rodoteis
654 1577 744 1623 ea,
778 1563 993 1626 quaein
1022 1577 1180 1613 sacra
1205 1564 1477 1627 scriptura

385 1633 657 1698 leguntur.
730 1631 866 1682 Inde
898 1632 1209 1696 suspicatur
1245 1631 1476 1681 wilkin-

387 1718 505 1752 son.
559 1702 837 1765 (Manners
887 1707 992 1751 etc.
1050 1702 1097 1751 Ι.
1148 1716 1275 1765 pag.
1330 1699 1472 1760 178),

385 1771 585 1821 bellum
623 1771 785 1820 civile
820 1772 962 1820 inter
988 1770 1209 1835 Apriam
1241 1774 1295 1819 et
1316 1771 1476 1820 Ama-

387 1841 473 1890 sin
517 1845 727 1905 gestum
766 1855 875 1889 non
910 1855 1020 1889 una
1051 1855 1234 1904 pugna
1260 1839 1328 1889 ad
1360 1840 1475 1890 Mo-

385 1909 655 1972 mempbin
691 1911 977 1960 commissa
1003 1909 1351 1959 terminatum
1377 1908 1473 1959 sed

384 1979 594 2043 aliquot
630 1994 724 2043 per
752 1994 921 2027 annos
949 1979 1324 2028 continuatum
1353 1993 1472 2028 esse

383 2049 715 2112 Amasinque
735 2047 1052 2112 implorasse
1083 2048 1344 2098 auxilium
1366 2049 1472 2098 Ne-

384 2118 797 2177 bucadnezaris,
835 2122 930 2167 aut
955 2116 1095 2167 hunc
1118 2118 1314 2181 ipsum,
1347 2133 1466 2167 cum

381 2187 686 2251 Aegyptum
717 2186 1016 2236 domestica
1054 2186 1323 2237 seditione
1356 2187 1466 2237 bel-

380 2255 541 2321 loque
581 2256 919 2306 laborantem
963 2255 1218 2317 vidisset,
1270 2262 1465 2320 sponte

380 2326 680 2375 accessisse
734 2331 900 2390 atque
939 2324 1151 2375 deiecto
1189 2325 1357 2390 Apria
1409 2326 1465 2375 in

379 2393 496 2444 eius
523 2395 699 2445 locum
734 2394 980 2444 evexisse
1010 2395 1231 2445 Amasin
1260 2395 1463 2445 tributo

377 2464 619 2526 Assyriis
655 2463 916 2513 solvendo
955 2464 1265 2514 obnoxium.

445 2528 680 2589 ἔθαψαν
737 2524 799 2581 ἑν
842 2530 974 2596 τῇσι
1020 2524 1312 2597 πατρῴῃσι
1369 2548 1463 2581 τα-

377 2599 542 2666 φῇσι]
582 2602 821 2652 Ultimae
856 2602 1244 2665 Aegyptiorum
1275 2617 1459 2665 regum

377 2671 662 2734 dynastiae
710 2671 891 2721 sedem
948 2671 1072 2720 inde
1126 2687 1160 2720 a
1203 2671 1463 2720 Psammi-

373 2740 520 2789 ticho
580 2739 674 2790 Sai
726 2740 899 2790 fuisse
944 2739 1249 2803 ibidemque
1303 2755 1460 2804 reges

373 2808 616 2872 sepultos
643 2822 764 2857 esse
791 2814 1006 2872 praeter
1022 2808 1358 2859 Herodotum
1386 2815 1463 2859 te-

375 2882 591 2928 stantur
626 2876 752 2938 alii,
789 2894 926 2942 quos
962 2875 1153 2927 laudat
1177 2879 1363 2941 Zoega
1393 2879 1460 2929 de

374 2945 625 2997 obelisco.
655 2962 780 3011 pag.
810 2948 917 2998 416
947 2962 1100 3011 seqq.
1165 2948 1245 2998 Ac
1274 2949 1459 2997 Psam-

370 3015 649 3066 mitichum
672 3017 728 3066 in
756 3016 995 3068 Saiticae
1016 3016 1296 3067 Minervae
1326 3021 1456 3067 tem-

369 3085 460 3149 plo
506 3085 774 3149 sepultum
827 3102 973 3150 esse,
1037 3085 1239 3136 diserte
1285 3086 1456 3136 tradit

370 3154 510 3204 idem
549 3154 748 3205 Strabo
783 3156 962 3207 XVII.
1003 3173 1056 3221 p.
1095 3156 1197 3208 802
1233 3171 1281 3205 s.
1320 3155 1455 3206 1153

366 3222 435 3271 D.
479 3224 595 3273 sive
645 3224 749 3274 539
800 3225 1018 3286 Tzsch.,
1067 3228 1320 3289 monente
1366 3226 1453 3276 Cr.

369 3291 440 3340 ad
486 3291 539 3340 h.
587 3291 625 3341 l.
701 3293 833 3342 Cum
885 3295 1024 3344 enim
1069 3295 1124 3343 in
1174 3294 1454 3344 Minervae

367 3360 568 3423 templo
605 3360 780 3410 Osiris
825 3362 1097 3426 repositus
1146 3377 1267 3413 esse
1314 3363 1455 3413 dice-

364 3432 544 3490 retur,
591 3444 749 3479 nemo
787 3431 973 3495 utique
1012 3431 1115 3479 fuit
1152 3446 1274 3490 rex,
1323 3433 1453 3495 quin

367 3512 486 3547 cnm
522 3498 725 3559 optimo
756 3498 857 3548 deo
892 3499 1079 3549 eodem
1113 3498 1362 3576 sepulcro
1393 3515 1452 3549 se

366 3565 631 3616 contineri
666 3566 926 3630 voluerit,
968 3567 1211 3633 adeoque
1246 3556 1449 3630 ὁμότα-

365 3649 484 3697 φον
522 3650 641 3685 esse
677 3637 870 3685 summi
904 3636 1049 3701 apud
1074 3637 1277 3686 inferos
1317 3653 1449 3701 quo-

364 3719 469 3769 que
506 3704 612 3755 dei.
686 3706 882 3770 Itaque
933 3704 1066 3755 nihil
1117 3706 1337 3767 mirum,
1392 3708 1451 3756 in

362 3773 564 3835 templo
610 3774 918 3837 Minervae,
979 3775 1131 3825 cuius
1178 3773 1451 3837 religioni-

362 3843 462 3892 bus
486 3843 716 3906 insignis
744 3850 861 3894 erat
885 3844 1013 3893 urbs
1043 3842 1209 3907 (conf.
1239 3843 1314 3905 ΙΙ,
1338 3844 1447 3909 62),

358 3927 546 3976 regum
567 3911 734 3962 fuisse
756 3918 995 3978 cryptas.
1063 3912 1264 3963 Confer
1279 3914 1443 3978 Zoeg.

360 3979 398 4029 l.
421 3980 478 4041 1.,
516 3981 750 4031 Heeren.
790 3982 959 4032 Ideen
987 3981 1067 4044 ΙΙ,
1099 3984 1149 4031 2.
1188 3997 1316 4045 pag.
1344 3983 1445 4034 333

361 4053 418 4097 et
466 4056 579 4098 not.
641 4051 710 4100 ad
767 4051 1031 4101 Herodot.
1084 4050 1159 4111 ΙΙ,
1211 4051 1329 4101 170.
1378 4079 1444 4088 -

357 4117 443 4167 Ad
475 4133 626 4182 seqq.
677 4119 763 4170 Or.
819 4120 1055 4169 conferri
1101 4117 1221 4168 vult
1257 4119 1442 4170 Palin.

357 4187 629 4251 Fragmm.
675 4202 768 4237 sur
799 4187 880 4239 les
925 4187 1307 4265 hieroglyphes
1345 4190 1442 4239 IV.

355 4270 503 4374 ἓξὲξ(
530 4256 608 4387 ¹19
629 4256 763 4376 112⁶
783 4248 1443 4392 3⁹2m1b335¹3¹355m²²

1627 1347 1947 1435 ἀριστερῆς
1970 1347 2177 1421 χειρός]
2211 1355 2358 1406 Male
2382 1354 2547 1420 vulgo
2574 1369 2660 1419 χε-

1582 1415 1709 1485 ρὸς,
1762 1424 1951 1473 invitis
2006 1424 2223 1490 optimis
2272 1425 2444 1475 libris.
2530 1424 2657 1477 vid.

1578 1461 1813 1543 Bredov,
1850 1509 1976 1558 pag.
2018 1492 2138 1546 159.
2210 1494 2295 1544 Ad
2333 1493 2658 1545 locutionem

1579 1562 1725 1612 conf.
1747 1563 1966 1627 Aschyl.
1975 1562 2250 1613 Prometh.
2265 1580 2349 1615 vs.
2364 1563 2467 1614 720
2490 1562 2657 1631 (739).

1578 1660 1647 1668 —
1684 1631 1766 1681 Ad
1801 1630 2047 1714 μέγαρον
2083 1632 2429 1695 ef.11‚141.
2471 1632 2587 1683 143.

1648 1690 1708 1748 ἕν
1751 1697 1823 1765 τῇ
1869 1693 2040 1766 αὐλῇ]
2089 1701 2172 1750 De
2221 1671 2395 1765 αὐλὴ
2448 1707 2503 1752 et
2539 1717 2658 1751 πα-

1578 1762 1742 1825 στὰς
1780 1770 1924 1819 conf.
1961 1774 2102 1820 nott.
2141 1769 2211 1818 ad
2248 1771 2324 1832 ΙΙ,
2365 1770 2483 1822 148.

1572 1829 1931 1969 τὰήδςέιζὶδέιὲειαη
1941 1808 2467 1973 μὲιῖἔὲιῒιιιέξιοῖξι]φίο
2472 1838 2659 1961 hemi-odS

1573 1980 1745 2028 lamnis·
1768 1980 1968 2053 palmas
2004 1977 2218 2027 arbores
2240 1978 2538 2030 imitantibus
2570 1995 2657 2029 or-

1571 2055 1738 2097 natus.
1813 2048 1896 2096 De
1930 2040 2217 2110 ἠσκημένη
2263 2047 2373 2097 vid.
2425 2048 2500 2110 ΙΙ,
2558 2049 2655 2101 130

1571 2117 1753 2180 ibique
1790 2122 1906 2166 not.
1979 2115 2159 2180 Atque
2197 2117 2453 2167 admonet
2489 2117 2654 2168 Creu-

1572 2202 1679 2236 zer.
1720 2185 1950 2244 (Comm.
1990 2186 2192 2235 Herod.
2232 2200 2354 2250 pag.
2394 2186 2495 2237 393
2536 2191 2649 2240 not.

1570 2254 1694 2319 432)
1733 2254 2011 2304 doctorum
2059 2254 2364 2315 Gallorum,
2417 2257 2509 2321 qui
2547 2258 2652 2307 Ae-

1568 2325 1791 2389 gyptiae
1821 2324 2217 2374 architecturae
2239 2326 2534 2389 primordia
2562 2342 2652 2376 ex-

1568 2394 1836 2459 plicantes
1927 2392 2095 2443 hocce
2175 2394 2442 2444 Herodoti
2528 2395 2647 2446 loco

1567 2468 1694 2513 sunt
1729 2462 1832 2512 usi.
1904 2462 2046 2511 Illud
2083 2463 2223 2512 enim
2261 2463 2364 2512 sibi
2399 2465 2651 2515 videntur
2690 2522 2701 2533 ·

1565 2532 1795 2593 vidisse,
1847 2546 1953 2580 non
1990 2531 2162 2581 solum
2198 2531 2504 2593 columnae,
2553 2535 2649 2584 sed

1564 2601 1705 2651 alias
1760 2614 1973 2665 quoque
2038 2599 2403 2649 aedificiorum
2464 2607 2648 2666 partes

1564 2670 1710 2734 apud
1745 2674 1957 2719 veteres
2003 2669 2298 2732 Aegyptios
2345 2669 2413 2718 ad
2446 2674 2647 2732 planta-

1564 2756 1672 2789 rum
1700 2739 2030 2802 arborumque
2047 2738 2406 2787 imitationem
2433 2739 2646 2791 effictas

1564 2824 1701 2858 esse.
1776 2810 1913 2859 Eam
1949 2821 2059 2855 rem
2109 2806 2416 2856 confirmari
2452 2814 2647 2872 putant

1562 2894 1671 2928 non
1720 2877 1879 2927 modo
1928 2874 2168 2940 reliquiis
2228 2877 2463 2941 sepulcri
2509 2878 2646 2943 Osy-

1562 2947 1857 3011 mandyae,
1923 2961 2107 2995 verum
2173 2945 2336 2995 etiam
2394 2947 2643 3013 singulis,

1561 3021 1828 3082 quotquot
1852 3013 2117 3079 hodieque
2137 3019 2368 3077 exstent,
2405 3019 2646 3081 superio-

1559 3088 1632 3136 ris
1657 3085 1887 3151 Aegypti
1911 3084 2193 3135 aedificiis.
2216 3085 2340 3135 Vid.
2362 3087 2638 3152 Descript.

1559 3154 1787 3220 del’Eg.
1805 3153 2024 3225 Antiqq.
2049 3153 2156 3205 vol.
2186 3154 2262 3205 ΙΙ.
2278 3155 2449 3205 Theb.
2471 3172 2526 3237 p.
2552 3156 2640 3207 33.

1627 3219 1732 3272 ἔσω
1770 3216 1834 3272 δὲ
1870 3214 1943 3271 ἐν
1967 3220 2037 3286 τῇ
2083 3215 2329 3271 παστάδι
2365 3221 2498 3284 saga
2530 3224 2641 3274 θὐ-

1558 3284 1787 3356 ρώματα
1810 3287 2025 3354 ἕστηκε]
2047 3291 2280 3340 Vei-tunt
2296 3291 2540 3356 vulgoe,
2549 3297 2641 3353 ‚in-

1553 3369 1639 3412 tra
1693 3361 1950 3411 thalamum
2003 3362 2349 3421 repositorium
2394 3369 2472 3410 est
2513 3362 2641 3413 binis

1548 3430 1750 3493 foribus
1773 3431 1991 3478 clausum
2022 3436 2174 3491 atque
2203 3429 2326 3478 inibi
2352 3429 2524 3491 (intra
2539 3431 2639 3482 has

1554 3496 1725 3559 fores)
1765 3506 1840 3547 est
1875 3497 2012 3560 regis
2047 3498 2364 3557 sepulcrum.
2352 3497 2385 3523 ⁴
2446 3492 2639 3563 θιριό-

1554 3581 1701 3629 ματα
1743 3565 1902 3615 Valla
1948 3570 2065 3614 erat
2113 3564 2499 3629 interpretatus
2538 3583 2638 3632 po-

1553 3643 1685 3697 stes,
1736 3636 1785 3683 in
1830 3633 2004 3698 quihus
2048 3650 2178 3683 urna
2223 3650 2267 3685 s,
2317 3637 2507 3685 loculus
2544 3645 2634 3687 est.

1552 3704 1656 3755 Cui
1683 3702 1966 3753 oblocutus
1996 3703 2388 3767 Wesselingius
2416 3707 2639 3771 exponit

1554 3773 1786 3823 tabulata
1831 3774 1902 3822 ad
1928 3772 2077 3836 fores
2114 3773 2343 3835 deposita
2378 3781 2430 3823 et
2466 3777 2637 3827 condi-

1549 3844 1682 3892 torio
1719 3850 1871 3904 apta,
1898 3841 2368 3907 quemadmodum
2416 3843 2470 3892 in
2515 3844 2638 3896 Sto-

1550 3912 1689 3961 baeo
1722 3911 1868 3961 XLI.
1920 3926 2045 3975 pag.
2093 3913 2189 3962 251
2248 3915 2302 3960 et
2338 3904 2496 3976 θύρη
2537 3930 2635 3978 pro

1548 3981 1723 4030 tabula
1771 3981 1827 4028 in
1862 3979 2166 4043 Nostr.11,
2211 3979 2497 4044 96.V111,
2545 3986 2634 4035 51.

1548 4049 1727 4114 Atque
1762 4040 2079 4125 θυρώματα
2105 4049 2321 4132 saepius
2349 4050 2489 4102 idem
2515 4067 2636 4104 esse

1548 4124 1712 4182 atque
1749 4108 1910 4180 θύρα
1946 4122 2094 4167 recte
2119 4121 2391 4170 monuisse
2416 4122 2635 4172 videtur

1545 4186 2111 4251 SchweighaeuseruS.
2158 4188 2461 4239 Larcherus
2517 4191 2635 4240 red-

1544 4255 1785 4305 diderat.
1832 4272 1926 4305 une
1973 4254 2115 4307 aiche
2141 4273 2265 4306 avec
2290 4274 2384 4307 une
2415 4266 2565 4321 porte
2599 4276 2633 4308 a

1543 4325 1685 4374 deux
1711 4325 1931 4385 baccam,
1953 4325 2309 4389 probantibus
2323 4327 2631 4379 Valckena-
