3109 5092
508 323 634 384 496

1386 319 1913 381 HERODOTI

504 500 642 565 τῶν
670 493 1142 582 Νασαμώνων.
1196 490 1392 580 ἄγειν
1431 520 1504 563 τε
1533 491 1618 583 δὴ
1647 491 1896 575 αὐτοὺς
1922 491 2014 564 δι’
2051 493 2261 565 ἑλέων
2289 505 2650 585 μεγίστων,
2680 501 2791 571 καὶ

505 597 975 682 διεξελθόντας
1016 602 1227 666 ταῦτα
1269 594 1638 667 ἀπικέσθαι
1679 595 1746 679 ἐς
1788 601 2021 683 πόλιν,
2068 595 2144 668 ἐν
2170 606 2255 689 τῇ
2281 597 2581 682 ἅπαντας
2615 602 2791 674 εἶναι

503 718 675 772 τοῖσι
702 700 944 789 ἄγουσι
974 698 1048 771 τὸ
1077 699 1374 789 μέγαθος
1403 711 1614 789 ἴσους,
1641 708 1873 792 χρῶμα
1905 702 1981 772 δὲ
2005 702 2323 790 μέλανας,
2351 702 2533 796 παρὰ
2564 706 2790 796 δὲτὴν

504 805 702 877 πόλιν
729 805 915 895 ῥέειν
942 803 1242 894 ποταμὸν
1267 805 1483 894 μέγαν
1500 826 1514 840 ·
1553 804 1738 894 ῥέειν
1782 807 1859 876 δὲ
1903 803 2033 876 ἀπὸ
2076 806 2358 898 ἑσπέρης
2386 806 2598 881 αὐτὸν
2624 808 2792 900 πρὸς

571 966 889 1025 ἀπικέσθαι
912 964 968 1032 ἐς
994 965 1164 1023 πόλιν
1186 990 1238 1023 κ.
1262 989 1309 1023 τ.
1331 972 1400 1039 1.]
1442 975 1597 1035 Quae

503 1045 661 1108 urbs,
709 1046 817 1095 nisi
854 1060 920 1095 ea
964 1050 1079 1107 est,
1127 1059 1267 1109 qnae
1315 1043 1432 1093 sive
1465 1043 1594 1094 Tim-

499 1115 650 1168 lmceu
669 1116 787 1166 sive
818 1114 1082 1166 Tomhucm
1103 1129 1246 1164 nunc
1265 1112 1465 1163 dicitur
1485 1127 1596 1162 am-

499 1184 747 1248 plissima
793 1190 847 1234 et
895 1184 1215 1234 commercio
1268 1198 1363 1248 per
1409 1183 1593 1232 varias

498 1254 722 1304 Africae
758 1258 943 1320 partes
978 1253 1106 1303 hinc
1151 1253 1406 1302 instituto
1457 1251 1594 1302 cele·

501 1323 767 1386 berrima,
818 1328 967 1374 certe
1011 1324 1067 1373 in
1106 1323 1228 1373 istis
1277 1322 1593 1387 regionibus

502 1394 612 1443 sita
645 1394 815 1444 fuisse
851 1392 1085 1442 videtur.
1158 1393 1239 1442 Ad
1276 1393 1410 1441 istas
1449 1392 1592 1442 enim

501 1462 749 1527 regiones
800 1462 958 1512 unice
1004 1461 1273 1526 quadrant
1321 1461 1591 1511 Herodoti

500 1532 684 1594 verba.
759 1533 846 1582 Tu
881 1531 1027 1582 conf.
1068 1532 1135 1581 de
1169 1530 1272 1581 hac
1308 1530 1442 1580 urbe
1475 1531 1592 1581 Rit-

500 1607 611 1651 ter:
648 1602 950 1653 Erdkunde
984 1600 1060 1662 11,
1102 1602 1151 1651 1.
1202 1616 1257 1666 p.
1294 1601 1396 1650 445
1435 1615 1586 1665 seqq.

500 1673 603 1722 457
640 1687 792 1738 seqq.
857 1670 1190 1721 Dubitanter
1226 1669 1352 1720 olim
1401 1670 1469 1719 de
1504 1669 1588 1718 his

501 1742 953 1805 pronuntiaverat
993 1741 1188 1791 Ukert.
1239 1740 1439 1805 Geogr.
1492 1739 1589 1789 der

502 1811 597 1862 Gr.
643 1827 700 1862 u.
743 1813 932 1862 Roem.
972 1810 1026 1872 1,
1065 1810 1114 1862 1.
1167 1825 1293 1875 pag.
1344 1809 1442 1871 76,
1492 1807 1586 1873 qui

502 1896 607 1945 quo
652 1887 894 1946 tempore
939 1880 1187 1945 scripsit,
1237 1894 1301 1929 eo
1347 1878 1585 1928 nendum

501 1951 643 2001 istae
679 1951 930 2016 regiones
968 1954 1079 1998 tam
1120 1949 1375 2014 cognitae
1410 1953 1585 2008 erant,

501 2035 663 2084 quam
699 2035 844 2070 nunc
872 2023 1001 2069 sunt
1028 2020 1388 2069 recentiorum
1417 2019 1587 2069 Euro-

502 2104 759 2152 paeorum
795 2088 1019 2150 studiis,
1080 2089 1174 2153 qui
1220 2102 1428 2137 summo
1464 2103 1587 2137 cum

501 2157 739 2221 periculo
803 2157 874 2207 ad
928 2157 1027 2206 has
1082 2162 1254 2207 terras
1310 2155 1586 2221 progressi

503 2231 648 2277 sunt.
722 2226 806 2276 Ad
841 2226 981 2276 hanc
1020 2226 1244 2276 eandem
1290 2226 1588 2276 dubitatio-

503 2312 624 2346 nem
661 2295 887 2345 rediisse
922 2295 1082 2345 video
1117 2295 1177 2345 C.
1209 2294 1353 2344 Vilh.
1386 2295 1590 2344 Torne—

503 2381 637 2431 gren
705 2365 761 2414 in
824 2365 975 2415 Diss.
1037 2378 1177 2428 quae
1243 2363 1586 2414 inscribitur:

505 2435 665 2485 Circa
696 2434 938 2484 Africam
974 2434 1284 2484 interiorem
1317 2434 1585 2484 veteribb.

503 2505 777 2570 cognitam
841 2505 1139 2554 observatt.
1217 2502 1583 2568 Helsingsors.

509 2575 659 2626 1844.
699 2589 750 2639 p.
794 2575 843 2623 7.
920 2573 982 2623 Id
1027 2588 1192 2623 unum
1232 2589 1298 2622 ex
1342 2573 1447 2623 hac
1478 2574 1588 2623 He-

504 2645 684 2695 rodoti
707 2644 1018 2693 narratione
1042 2649 1192 2694 certo
1214 2642 1399 2709 colligi
1425 2659 1587 2708 posse

502 2720 678 2780 putat,
716 2729 884 2780 usque
917 2713 984 2763 ad
1015 2712 1394 2763 mediterranei
1421 2713 1587 2762 maris

504 2799 652 2834 oram
699 2783 1177 2848 eiusque-incolas
1217 2782 1324 2832 iam
1361 2781 1455 2832 illa
1501 2797 1589 2832 ae-

503 2857 618 2903 tate
654 2854 962 2917 pervasisse
1001 2854 1276 2903 notionem
1312 2851 1587 2916 quandam

503 2924 779 2987 regionum
817 2922 1091 2970 interioris
1124 2921 1367 2982 Africae,
1406 2936 1590 2986 quam-

504 2991 588 3039 vis
630 3004 820 3053 vagam
866 3005 930 3039 ac
968 2990 1290 3040 fabulosam.

575 3057 731 3121 παρὰ
771 3053 834 3108 δὲ
871 3051 976 3122 τὴν
1023 3051 1192 3108 πόλιν
1228 3050 1381 3123 ῥέειν
1418 3073 1587 3107 ποτα·

503 3120 616 3193 μόν
650 3122 847 3194 μέγαν]
898 3126 1071 3178 Valde
1112 3128 1473 3192 disceptatum
1511 3129 1592 3177 in-

504 3203 588 3248 ter
632 3197 779 3249 viros
826 3198 1044 3260 doctos,
1100 3196 1293 3247 fluvius
1344 3198 1450 3247 iste
1497 3198 1590 3262 qui

503 3267 685 3317 fuerit.
758 3269 841 3318 De
867 3266 980 3316 Nili
1012 3265 1365 3317 occidentalis
1396 3282 1443 3317 s.
1473 3267 1588 3316 albi

502 3336 723 3387 brachio
753 3337 990 3398 fuerunt,
1023 3336 1116 3401 qui
1142 3337 1471 3402 cogitarent3
1510 3337 1583 3386 cf.

501 3406 740 3457 Annales
765 3407 860 3457 des
872 3406 1126 3470 Voyages
1149 3405 1298 3458 1848.
1325 3406 1584 3456 Decemb.

501 3492 554 3540 p.
586 3475 707 3528 345.
753 3475 902 3528 1849.
943 3475 1074 3524 Mai.
1104 3490 1156 3538 p.
1190 3477 1286 3526 188
1310 3490 1424 3540 seq.
1476 3475 1586 3525 Sed

500 3547 593 3595 vix
631 3545 1015 3604 dubitandum,
1067 3544 1270 3608 Nigrum
1307 3561 1425 3594 esse
1467 3545 1585 3594 sive

500 3615 666 3666 Ioliba
703 3613 1014 3679 (oscholtba)
1038 3652 1051 3672 ‚
1090 3614 1232 3678 quod
1270 3614 1412 3677 apud
1450 3614 1586 3664 indi-

501 3700 671 3750 genas
720 3685 869 3734 fluvii
916 3691 998 3734 est
1048 3699 1269 3744 nomen,
1332 3683 1585 3748 quodque

499 3751 673 3818 ipsum
706 3753 982 3819 significat
1012 3754 1209 3817 fluvium
1227 3768 1451 3817 maenum
1487 3766 1584 3802 seu

499 3838 679 3887 aquam
704 3839 944 3888 magnam.
1020 3823 1158 3872 Nam
1190 3824 1244 3871 in
1272 3837 1392 3872 eum
1421 3837 1584 3871 unum

500 3892 831 3941 conveniunt
878 3891 1147 3941 Herodoti
1203 3892 1399 3953 verba,
1457 3890 1585 3955 ipsi-

498 3974 603 4023 que
639 3959 901 4010 crocodili
934 3961 989 4010 in
1026 3977 1090 4010 eo
1125 3961 1435 4025 frequentes
1464 3975 1585 4009 esse

498 4028 769 4078 dicuntur.
843 4029 982 4079 Vide
1016 4030 1249 4080 Heeren.
1285 4030 1322 4081 1.
1347 4031 1384 4080 l.
1426 4031 1502 4092 11,
1533 4029 1580 4079 l.

496 4111 551 4161 p.
592 4097 713 4147 201.
751 4098 827 4156 11,
865 4100 915 4147 2.
957 4114 1008 4162 p.
1049 4098 1152 4149 439
1190 4099 1312 4148 coll.
1355 4097 1583 4150 Rennel.

497 4165 534 4215 l.
585 4163 621 4217 l.
675 4180 728 4229 p.
777 4165 898 4216 573.
944 4166 1152 4217 Ritter:
1201 4166 1497 4218 Erdkunde
1533 4167 1580 4217 1.

496 4249 622 4299 pag.
658 4235 760 4284 472
799 4248 949 4299 seqq.
1002 4233 1104 4286 492
1142 4251 1291 4301 seqq.
1361 4233 1581 4287 Lealte:

495 4303 724 4354 Journal
750 4302 811 4353 of
831 4304 923 4353 the
955 4305 1335 4370 geographica]
1363 4306 1583 4371 Society

498 4370 678 4439 (1831)
715 4371 836 4426 Vol.
867 4373 914 4425 1.
951 4389 1004 4438 p.
1039 4373 1066 4424 1
1099 4389 1251 4440 seqq.
1292 4389 1347 4440 p.
1371 4375 1440 4425 24
1466 4389 1580 4440 seq.

1700 975 1978 1025 Wheeler:
2037 976 2365 1043 Geography
2415 977 2477 1027 of
2519 978 2787 1029 Herodot.

1697 1059 1750 1108 p.
1779 1046 1876 1096 571
1906 1060 2022 1110 seq.
2096 1046 2332 1097 Gravius
2353 1046 2487 1097 illud
2508 1052 2611 1110 est,
2644 1047 2789 1113 quod

1695 1129 1806 1163 non
1839 1115 2020 1165 minus
2058 1116 2200 1166 inter
2235 1121 2475 1179 veteres,
2514 1132 2678 1182 quam
2704 1118 2790 1167 in—

1696 1187 1780 1232 ter
1829 1185 2160 1236 recentiores
2218 1187 2560 1251 potissimum
2616 1187 2789 1237 disce·

1695 1258 1905 1317 ptatum
1928 1261 2031 1317 est,
2060 1260 2242 1304 utrum
2268 1255 2358 1305 bic
2381 1256 2596 1320 fluvius,
2623 1271 2783 1322 quem

1694 1324 1922 1388 Nigrum
1978 1339 2098 1375 esse
2154 1324 2417 1387 diximus,
2480 1341 2604 1376 cum
2660 1325 2787 1378 Nilo

1696 1392 2017 1456 cohaereat,
2065 1392 2311 1459 adeoque
2358 1410 2496 1445 unus
2534 1396 2785 1461 idemque

1694 1462 1767 1510 sit
1806 1462 2021 1512 fluvius.
2097 1464 2415 1515 Praefracte
2450 1469 2617 1531 negat
2647 1466 2788 1516 Ren-

1692 1531 1868 1582 nelius
1893 1531 1930 1582 l.
1959 1532 1998 1581 l.
2022 1535 2147 1597 pag.
2173 1535 2275 1584 573
2295 1549 2408 1599 seq.
2439 1549 2541 1585 nec
2566 1535 2785 1585 omnino

1692 1600 1853 1650 aliter
1910 1603 2258 1652 statuendum
2306 1604 2438 1664 erit,
2503 1605 2553 1654 si
2607 1604 2784 1669 ipsum

1690 1670 1847 1736 Nigri
1885 1681 2101 1721 cursum
2149 1673 2462 1723 consideres
2500 1674 2787 1724 montium-

1691 1756 1795 1805 que
1842 1741 2115 1791 interioris
2152 1742 2374 1792 Africae
2413 1748 2676 1806 tractum,
2731 1749 2786 1794 et

1691 1815 1916 1872 terram,
1968 1826 2130 1876 quam
2164 1811 2323 1861 Nilus
2376 1818 2649 1877 permeat,
2705 1813 2783 1863 al-

1692 1879 1884 1929 tiorem
1907 1896 1989 1942 ea,
2028 1896 2190 1946 quam
2209 1881 2378 1947 Niger
2399 1882 2614 1948 irrigat,
2653 1881 2781 1944 alia,

1692 1964 1832 2012 quae
1869 1950 1938 1999 ab
1980 1951 2373 2001 recentioribus
2410 1953 2781 2017 peregrinato-

1692 2018 1839 2068 ribus
1860 2020 2171 2082 observata,
2195 2020 2332 2070 bene
2358 2026 2621 2071 notarunt
2642 2022 2782 2071 Hee-

1693 2088 1875 2138 renius
1912 2089 1988 2151 11,
2030 2089 2076 2140 1.
2116 2105 2245 2155 pag.
2286 2092 2348 2140 15
2380 2105 2496 2156 seq.
2536 2091 2779 2141 Rittcrus

1692 2156 1730 2207 1.
1771 2156 1806 2208 l.
1847 2158 1894 2208 1.
1933 2173 1986 2223 p.
2017 2159 2111 2208 491
2157 2175 2310 2224 seqq.
2349 2159 2453 2210 506
2484 2174 2639 2225 seqq.
2676 2160 2774 2210 511
2860 2171 2869 2178 ·

1692 2242 1843 2291 seqq.
1870 2226 2130 2290 523420,
2169 2230 2261 2293 qui
2290 2228 2452 2279 iidem
2489 2245 2553 2279 ex
2591 2244 2780 2280 eorun-

1694 2295 1813 2345 dem
1846 2297 2312 2361 peregrinatorum
2338 2298 2668 2348 testimoniis
2696 2313 2780 2349 sa-

1690 2365 1763 2414 tis
1799 2371 1987 2430 patere
2024 2366 2312 2429 adiiciunt,
2367 2368 2513 2432 apud
2549 2368 2779 2418 istarum

1690 2440 1955 2485 terrarum
1993 2434 2199 2486 incolas
2238 2436 2465 2488 eandem
2509 2436 2779 2502 hodieque

1691 2503 1818 2554 ferri
1839 2504 2064 2554 famam:
2095 2504 2325 2569 Nigrum
2344 2506 2635 2557 cohaerere
2657 2522 2779 2557 cum

1690 2573 1842 2636 Nilo,
1896 2575 2011 2623 sive
2061 2589 2225 2624 unum
2273 2590 2394 2625 esse
2443 2576 2780 2641 eundemque

1690 2642 1930 2693 fluvium.
2005 2644 2163 2694 conf.
2203 2645 2526 2695 Dahlmann.
2572 2647 2630 2695 in
2666 2646 2778 2695 He-

1688 2712 1867 2763 rodot.
1921 2728 2050 2778 pag.
2106 2712 2194 2764 86.
2293 2714 2432 2765 Add.
2490 2714 2777 2765 Pueckler-

1691 2782 1927 2832 Muskau
1973 2781 2225 2848 (Allgem.
2276 2784 2412 2834 Zeit.
2467 2783 2621 2835 1838.
2677 2784 2774 2834 IX.

1690 2852 1854 2902 Febr.
1891 2851 2027 2902 Beil.
2054 2868 2108 2917 p.
2134 2852 2280 2914 268),
2319 2854 2408 2918 qui
2434 2857 2489 2903 et
2516 2855 2635 2920 ipse
2671 2868 2777 2903 me·

1691 2921 1849 2970 minit
1884 2921 2062 2972 famae
2100 2922 2276 2972 adbuc
2311 2922 2455 2973 inter
2491 2922 2775 2989 indigenas

1692 3005 1913 3054 sparsae
1960 2991 2028 3041 de
2073 2992 2237 3042 fluvio
2286 3008 2515 3058 magno,
2574 2994 2670 3058 qui
2711 3007 2778 3043 ex

1694 3061 1977 3110 occidente
2006 3061 2330 3126 proveniens
2359 3077 2482 3112 cum
2517 3059 2643 3113 albo
2679 3062 2776 3112 flu·

1692 3129 1784 3178 vio
1834 3129 1894 3193 (i.
1933 3145 1980 3180 e.
2017 3131 2342 3182 occidentali
2379 3130 2493 3181 Nili
2527 3131 2773 3198 brachio)

1691 3198 2073 3264 coniungatur.
2153 3201 2415 3251 Rennelio
2461 3200 2776 3266 obloquitur

1689 3267 1910 3318 Dureau
1965 3268 2034 3319 de
2085 3268 2139 3319 la
2189 3269 2355 3320 Malle
2409 3268 2775 3336 (Geographie

1688 3336 1954 3403 physique
1992 3343 2099 3389 etc.
2150 3354 2204 3403 p.
2245 3339 2330 3404 79)
2380 3340 2652 3390 communi
2696 3341 2774 3389 fa-

1688 3420 1809 3456 mae
1861 3408 2205 3472 antiquitatis
2252 3423 2423 3474 aeque
2476 3424 2543 3459 ac
2589 3424 2774 3460 recen-

1688 3475 1885 3526 tiorum
1935 3482 2236 3542 temporum
2280 3478 2639 3529 insistendum
2685 3494 2775 3529 ra-

1687 3550 1775 3594 tus
1813 3561 2039 3611 eamque
2074 3562 2378 3611 proponens
2426 3548 2770 3610 sententiam,

1686 3619 1749 3663 ut
1772 3614 1928 3664 Nilus
1960 3620 2017 3665 et
2038 3616 2207 3681 Niger
2240 3627 2337 3680 per
2359 3615 2526 3668 alium
2549 3617 2772 3667 fluvium

1688 3683 2063 3734 intermedium
2089 3687 2247 3750 quasi
2273 3686 2447 3737 iuneti
2465 3687 2775 3737 existimen-

1685 3757 1800 3814 tur,
1853 3753 2300 3818 quemadmodum
2336 3771 2390 3806 v.
2431 3772 2480 3806 c.
2529 3757 2585 3806 in
2618 3757 2775 3807 Ame-

1687 3822 1803 3871 riea
1871 3823 2211 3873 meridionali
2271 3823 2509 3876 Orinoco
2574 3826 2773 3876 fluvius

1685 3897 1739 3942 et
1782 3891 2118 3942 Amazonum
2166 3894 2363 3943 fluvius
2409 3895 2581 3945 iuncti
2626 3896 2775 3945 inve·

1684 3961 1906 4009 niantur
1946 3961 2110 4012 fluvio
2145 3963 2472 4029 Rio-Negro
2509 3968 2566 4013 et
2593 3964 2776 4014 Cassi-

1685 4028 1894 4094 quiare.
1979 4033 2099 4092 Quo
2147 4031 2335 4082 eodem
2385 4039 2640 4097 spectant
2695 4038 2774 4084 te-

1685 4101 1942 4149 stimonia
1965 4100 2070 4149 viri
2097 4100 2245 4150 docti
2268 4107 2323 4152 et
2342 4101 2508 4167 Angli
2532 4107 2588 4152 et
2608 4102 2773 4154 Galli.

1686 4169 1923 4230 Quorum
1961 4169 2071 4230 ille,
2106 4169 2232 4219 Fitz
2255 4169 2544 4233 Clarenna,
2580 4186 2614 4221 a
2638 4187 2775 4222 mer-

1687 4242 1868 4287 estote
1892 4239 2101 4299 Arabe,
2142 4238 2235 4303 qni
2269 4238 2473 4305 pluries
2509 4241 2618 4290 iam
2646 4239 2774 4291 iude

1686 4322 1719 4355 a
1749 4307 1884 4356 Feta
1933 4307 2002 4357 ad
2036 4307 2344 4358 Tombuctu
2392 4308 2499 4359 iter
2546 4310 2773 4373 fecerat,

1683 4374 1819 4425 haee
1862 4377 2098 4442 accepit:
2157 4376 2344 4428 urbem
2390 4378 2597 4431 distare
2642 4378 2773 4430 dua-
