3109 5092
981 321 1118 381 AD
1164 322 1362 385 ΗΕΒ
1383 322 1509 385 OD
1527 322 1673 383 OT.
1716 324 1798 400 11,
1846 334 1966 386 102.
2484 321 2607 393 867

335 503 451 547 tum
493 492 758 548 differant
809 512 928 547 cum
980 495 1246 548 neminem
1296 494 1507 563 fugiat,
1567 496 1704 548 certi
1745 496 1879 567 quid
1924 497 1992 549 de
2039 496 2125 548 his
2178 497 2284 550 iam
2338 499 2606 552 constitui

335 597 504 649 posse
534 596 760 648 sperare
791 579 884 632 vix
911 579 1114 632 licebit.
1164 579 1278 632 Res
1298 582 1650 649 aSesostm‘de,
1683 581 1720 633 i.
1739 600 1789 633 e.
1811 583 2017 647 Ram-se,
2050 587 2240 649 gestas
2269 582 2605 653 bellicasque

337 664 718 734 expeditiones
761 682 827 716 ex
862 665 1116 734 Aegypto
1158 665 1214 716 in
1265 663 1401 717 alias
1440 673 1622 719 terras
1652 666 1817 719 Asiae
1863 666 2025 734 longe
2053 665 2273 737 lateque
2318 683 2497 737 usque
2534 668 2604 721 ad

337 748 547 800 Indiam
577 757 728 800 terra
755 749 998 819 marique
1036 759 1329 819 susceptas
1366 757 1422 802 et
1451 752 1519 803 ab
1554 751 1839 803 Herodoto
1870 751 1926 803 in
1961 750 2280 804 universum
2309 753 2599 820 indicatas,

336 833 594 902 pluribus
624 834 982 903 persequitur
999 833 1282 887 Diodorus
1315 835 1350 886 Ι.
1384 834 1442 901 l.,
1473 852 1618 906 quae
1647 835 1770 906 ipsa
1797 837 1972 889 lucem
2003 852 2152 888 nunc
2180 837 2459 907 accipiunt
2485 836 2602 888 val·

337 918 518 987 deque
559 918 868 987 probantur
907 918 1008 988 iis,
1063 936 1204 990 quae
1248 920 1305 972 in
1345 921 1709 973 monumentis
1737 920 2021 974 Thebanis
2062 937 2126 973 ac
2161 921 2501 991 potissimum
2542 921 2599 972 in

333 1002 438 1069 iis,
471 1020 614 1074 quae
647 1004 715 1055 ab
747 1003 848 1055 hoc
877 1010 1319 1072 rege-exstructa
1348 1012 1509 1073 sunt,
1541 1006 1719 1058 adhuc
1747 1011 2085 1075 cernuntur,
2115 1006 2173 1058 in
2203 1007 2408 1076 quibus
2438 1023 2600 1075 prae-

335 1095 424 1139 ter
457 1088 564 1141 alia
598 1087 861 1158 plurimas
900 1105 991 1140 res
1021 1089 1090 1141 ab
1122 1089 1221 1140 hoc
1251 1106 1381 1156 rege
1410 1098 1599 1157 gestas
1644 1091 1710 1142 ad
1756 1090 2035 1143 oculorum
2067 1107 2291 1145 sensum
2317 1091 2602 1143 traductas

335 1171 682 1242 imagineque
713 1179 1158 1241 repraesentatas
1188 1174 1589 1243 conspicimus:
1636 1175 1784 1245 quod
1817 1192 1976 1245 quam
2004 1177 2229 1229 maxime
2259 1176 2364 1229 iam
2405 1175 2601 1227 adver·

333 1264 481 1309 terat
510 1257 702 1310 Gallos
745 1258 964 1331 doctos,
983 1258 1289 1329 (Descript.
1325 1258 1392 1311 de
1420 1259 1700 1329 l'Egypte,
1733 1258 1920 1330 Antiq.
1953 1259 2074 1313 vol.
2101 1261 2176 1312 11.
2209 1260 2432 1312 Thebes
2465 1264 2606 1329 p.60

334 1343 553 1412 seqq.),
596 1341 692 1412 qui
734 1342 802 1393 ad
831 1342 963 1394 haec
1001 1342 1329 1395 illustranda
1372 1350 1499 1413 apte
1526 1344 1759 1396 Diodori
1796 1343 1973 1397 locum
2013 1344 2354 1397 attuleruntz
2397 1344 2604 1413 quibus

331 1426 458 1478 add.
490 1427 740 1480 Heeren:
771 1426 940 1479 Ideen
971 1427 1041 1493 Π,
1072 1431 1125 1483 2.
1159 1431 1527 1497 p.317seqq.‚
1558 1428 1770 1480 Ritter=
1798 1428 2105 1481 Erdkunde
2136 1428 2182 1480 Ι.
2215 1447 2270 1499 p.
2305 1432 2407 1488 742
2442 1446 2599 1497 seqq.

337 1511 593 1564 Omnium
634 1528 766 1563 vero
810 1510 1219 1564 accuratissime
1249 1529 1390 1581 quae
1421 1512 1478 1563 in
1510 1520 1702 1566 vetere
1734 1511 2048 1566 Thebarum
2096 1513 2231 1566 urbe
2262 1513 2440 1565 adhuc
2469 1530 2602 1564 con·

336 1596 652 1665 spiciuntur
687 1603 1030 1648 monumenta
1059 1595 1128 1648 ad
1162 1596 1305 1649 hunc
1335 1614 1515 1665 regem
1541 1599 1878 1668 spectantia,
1925 1598 2205 1651 recensuit
2242 1597 2465 1665 singula
2493 1596 2602 1648 Ro-

334 1680 518 1732 sellini
548 1680 584 1732 l.
607 1680 642 1731 l.
674 1680 779 1732 111.
808 1680 873 1731 Ρ.
891 1687 944 1738 2.
979 1687 1119 1751 p.62
1142 1699 1299 1751 seqq.
1329 1679 1419 1749 *);
1458 1682 1513 1734 in
1547 1683 1752 1752 quibus
1783 1687 2257 1752 repraesentatum
2285 1681 2600 1733 invenimus

337 1765 480 1818 hunc
522 1782 703 1833 regem
735 1765 999 1817 victorem
1027 1782 1194 1819 curru
1229 1765 1542 1836 triumphali
1584 1758 1902 1820 redeuntem
1942 1768 2010 1818 ab
2042 1765 2489 1836 expeditionibus
2514 1780 2603 1816 ca·
2658 1798 2669 1807 -

334 1851 632 1919 ptivosque
667 1866 850 1903 secum
885 1850 1185 1904 trahentem
1216 1850 1359 1922 (vid.
1394 1851 1553 1903 etiam
1568 1850 1885 1904 Wilkinson
1917 1852 2181 1904 Manners
2210 1858 2314 1903 etc.
2350 1850 2397 1901 Ι.
2428 1868 2485 1920 p.
2505 1852 2604 1908 106

336 1935 539 2002 -107)
568 1941 665 1986 aut
691 1941 1029 2004 pugnantem
1057 1952 1178 1987 cum
1205 1935 1457 1987 hostibus
1489 1953 1699 2005 eosque
1728 1942 2198 2005 prosternentem:
2230 1941 2396 2004 atque
2421 1932 2602 2002 ipsius

335 2019 486 2085 regis
534 2036 725 2071 nomen
769 2036 887 2072 cum
929 2019 1250 2091 plerumque
1303 2019 1544 2072 additum
1588 2020 1665 2072 sit
1707 2020 1856 2072 notis
1899 2019 2329 2090 hieroglyphicis
2369 2019 2603 2087 ipsaque

338 2113 402 2154 ut
429 2103 651 2155 videtur
678 2101 908 2173 amplior
947 2122 1128 2158 rerum
1166 2106 1235 2157 ab
1269 2104 1456 2159 eodem
1485 2112 1768 2173 gestarum
1810 2104 2055 2158 narratio
2103 2104 2295 2156 iisdem
2325 2103 2475 2154 notis
2507 2102 2603 2154 de·

335 2188 544 2239 clarata
574 2194 870 2257 sequatur,
902 2188 1145 2241 dubitari
1180 2207 1315 2242 sane
1349 2189 1578 2259 nequit,
1630 2190 1700 2242 ad
1735 2189 2106 2242 Sesostridem
2136 2189 2268 2241 haec
2297 2206 2424 2239 esse
2455 2187 2602 2239 refe-

333 2271 526 2325 renda.
588 2272 725 2325 Inde
766 2273 1108 2341 singularum
1150 2291 1330 2327 rerum
1377 2291 1409 2325 a
1438 2274 1759 2327 Sesostride
1789 2283 2134 2345 peractarum
2166 2273 2294 2325 inde
2338 2289 2370 2323 a
2405 2272 2603 2323 iuven·

333 2357 475 2409 tutis
499 2357 678 2424 annis,
706 2365 860 2426 patre
881 2358 1058 2410 adhuc
1080 2359 1321 2425 vivente,
1349 2359 1544 2410 seriem
1567 2360 1855 2428 quandam,
1880 2358 2091 2429 qualem
2114 2358 2237 2427 ipsa
2260 2362 2604 2409 monumenta

333 2441 625 2508 exhibent,
684 2443 901 2510 profert
940 2442 1174 2496 ducibus
1218 2443 1359 2512 ipsis
1409 2443 1770 2496 monumentis
1811 2443 2038 2496 Osburn
2070 2442 2107 2494 l.
2144 2442 2179 2494 1.
2222 2460 2278 2512 p.
2308 2445 2413 2501 436
2444 2457 2602 2509 seqq.

330 2525 453 2589 Qui
491 2526 631 2578 idem
670 2544 725 2595 p.
758 2532 864 2586 444
889 2545 1047 2597 seqq.
1104 2527 1402 2596 Herodoti,
1449 2545 1504 2597 p.
1533 2531 1638 2586 447
1683 2546 1840 2598 seqq.
1906 2527 2138 2580 Diodori
2168 2526 2235 2578 de
2266 2523 2604 2577 Sesostridis

323 2610 780 2680 expeditionibus
808 2613 1176 2664 narrationem
1205 2611 1424 2677 retulit,
1464 2612 1689 2664 alteram
1717 2630 1783 2664 ex
1821 2612 1994 2664 altera
2026 2610 2314 2664 deductam
2358 2625 2485 2661 esse
2513 2624 2601 2660 ra-

320 2704 432 2749 tus
460 2699 544 2767 (p.
575 2697 738 2763 449):
780 2695 859 2748 ita
890 2703 970 2765 ut,
1015 2713 1156 2766 quae
1184 2696 1466 2749 Diodorus
1506 2696 1784 2764 prodidit,
1830 2704 1888 2749 et
1927 2695 2244 2747 accuratius
2275 2692 2504 2746 definita
2549 2696 2607 2742 et

327 2786 500 2834 aucta
529 2786 586 2834 et
623 2780 948 2849 amplificata
980 2799 1106 2834 esse
1141 2787 1381 2847 statuat,
1427 2780 1688 2833 adhibitis
1721 2780 1820 2847 iis,
1865 2797 2007 2850 quae
2038 2780 2106 2831 ab
2136 2777 2447 2831 Alexandro
2483 2774 2603 2827 Ma-

332 2882 448 2936 gno
491 2873 650 2934 gesta
678 2884 778 2935 per
811 2866 1056 2918 Graecos
1091 2865 1251 2917 valde
1291 2873 1599 2936 propagata
1643 2865 1884 2917 fuerint=
1929 2864 1985 2916 in
2026 2862 2359 2916 Herodoteis
2410 2877 2604 2913 memo-

331 2953 470 3005 riam
500 2951 773 3020 quandam
808 2950 979 3003 latere
1010 2951 1130 3003 sive
1150 2950 1441 3018 Cambysis
1473 2951 1595 3003 sive
1624 2949 1844 3015 Xerxis,
1879 2967 2088 3002 omnem
2117 2955 2390 3000 terrarum
2422 2945 2606 2998 orbem

331 3035 671 3108 permeantis
703 3041 869 3105 atque
900 3035 957 3088 in
990 3035 1298 3104 Aegyptum
1329 3035 1635 3103 redeuntis,
1669 3033 1834 3086 armis
1867 3041 1923 3086 et
1952 3040 2149 3086 ornatu
2182 3031 2413 3085 alterum
2444 3027 2606 3099 quasi

333 3119 622 3174 Sesostrin
661 3121 998 3194 referentisr
1033 3120 1088 3172 in
1130 3120 1233 3187 iis,
1278 3138 1421 3190 quae
1451 3120 1685 3172 Tacitus
1719 3119 1932 3188 prodit,
1978 3119 2046 3172 ab
2072 3116 2344 3170 Herodoti
2387 3121 2444 3169 et
2472 3113 2605 3166 Dio-

333 3205 459 3259 dori
489 3206 806 3258 narratione
830 3223 937 3257 non
962 3205 1242 3258 admodum
1269 3204 1476 3275 aliena,
1518 3204 1819 3273 significari
1851 3201 2238 3274 quodammodo
2266 3200 2388 3253 vult
2408 3199 2608 3252 Iulium

336 3289 632 3342 Caesarem
662 3307 708 3339 s.
735 3288 1044 3356 Augustum
1074 3307 1120 3342 s.
1148 3290 1462 3343 Antonium.
1519 3291 1678 3352 Quae
1710 3288 1887 3341 omnia
1917 3305 2077 3358 quam
2105 3294 2305 3340 temere
2336 3285 2450 3336 sint
2478 3299 2607 3352 pro·

337 3372 623 3439 nuntiata,
684 3389 839 3424 nemo
886 3390 995 3425 non
1040 3374 1220 3426 videt:
1277 3374 1625 3427 sacerdotum
1666 3391 1758 3427 res
1787 3372 2121 3424 Sesostridis
2166 3365 2609 3437 amplificantium

336 3455 587 3509 fraudem
630 3472 693 3507 ac
728 3455 908 3507 dolum
940 3456 996 3507 in
1037 3457 1121 3509 his
1156 3473 1377 3526 quoque
1413 3458 1677 3509 odoratur
1712 3456 1799 3508 vir
1841 3456 2066 3522 doctus,
2127 3453 2223 3521 qui
2254 3450 2405 3518 regis
2435 3454 2608 3501 totum

338 3541 526 3593 orbem
571 3546 840 3592 terrarum
882 3540 1215 3609 permeantis
1258 3546 1315 3591 et
1352 3541 1409 3592 in
1453 3539 1779 3592 servitutem
1820 3538 2124 3605 redigentis
2168 3553 2238 3588 ne
2280 3533 2441 3587 ullam
2485 3531 2607 3600 qui·

339 3626 460 3678 dem
498 3623 773 3676 notionem
800 3623 895 3676 illa
929 3630 1111 3676 aetate
1142 3622 1275 3675 oriri
1304 3640 1474 3693 posse
1504 3622 1850 3692 pronuntiat,
1885 3622 2023 3674 adeo
2057 3629 2135 3687 ut,
2174 3637 2316 3690 quae
2345 3618 2413 3669 ad
2442 3617 2607 3668 Seso-

342 3710 568 3764 stridem
617 3710 934 3762 referantur
981 3727 1072 3761 res
1124 3713 1316 3776 gestae
1357 3712 1413 3760 et
1458 3707 1686 3760 bellicae
1727 3705 2138 3776 expeditiones,
2196 3720 2293 3756 eae
2335 3702 2404 3754 ad
2445 3715 2609 3753 unam

339 3794 665 3865 Aegyptiam
703 3799 904 3846 terram
936 3792 1257 3846 referendae
1292 3793 1408 3844 sint
1437 3809 1654 3846 omnes:
1700 3808 1810 3862 quo
1853 3791 2039 3843 eodem
2085 3788 2261 3842 omnia
2296 3803 2362 3838 ea
2384 3800 2605 3856 quoque

340 3886 593 3949 spectare
625 3884 785 3949 putat
817 3882 899 3950 (p.
939 3883 1046 3937 460
1072 3895 1229 3946 seqq.
1260 3881 1365 3937 469
1394 3878 1612 3947 seqq.),
1646 3893 1787 3946 quae
1814 3875 1872 3927 in
1903 3874 2043 3943 ipsis
2076 3871 2471 3942 Aegyptiorum
2496 3885 2608 3920 mo-

341 3964 617 4018 numentis
648 3963 1007 4030 exhibentur,
1051 3962 1216 4030 longe
1247 3961 1426 4015 aliena
1463 3961 1556 4014 illa
1587 3961 1805 4030 quidem
1835 3960 1901 4011 ab
1932 3958 2029 4025 iis,
2074 3973 2215 4026 quae
2257 3953 2512 4008 fabulosa
2540 3952 2608 4004 de

341 4050 511 4102 rebus
541 4049 609 4101 ab
639 4048 742 4101 hoc
765 4066 897 4116 rege
926 4047 1104 4115 gestis
1132 4047 1417 4099 memoriae
1442 4045 1787 4116 prodiderint
1813 4050 2033 4096 veteres
2064 4040 2384 4110 scriptores.
2432 4037 2607 4107 Equi-

343 4133 462 4185 dem
505 4139 568 4185 ut
591 4132 805 4186 minime
854 4149 974 4186 sum
1015 4131 1268 4202 nescius,
1319 4131 1425 4185 iam
1455 4131 1658 4183 dudum
1698 4134 1861 4182 antea
1895 4125 2179 4180 exstitisse
2210 4125 2362 4177 viros
2396 4123 2607 4185 doctos,

480 4331 533 4397 ¹⁸)
569 4332 843 4398 Imagines
878 4330 1022 4396 regis
1056 4330 1116 4381 in
1151 4329 1268 4380 tab.
1291 4330 1389 4382 VI.
1419 4331 1518 4381 XV
1552 4326 1828 4380 exhibitas
1870 4326 2014 4376 idem
2049 4321 2316 4433 Rosellini
2344 4314 2608 4368 describit

341 4404 487 4455 Mon.
524 4403 712 4455 storic.
744 4402 821 4453 11.
860 4416 913 4467 p.
942 4398 1046 4453 490
1081 4415 1195 4464 seq.
2070 4472 2196 4535 55*
