3109 5092
1232 367 1488 430 CLIO.
1535 369 1589 429 I.
1636 377 1758 432 190.

2499 363 2624 425 379

342 543 428 635 δή
455 572 575 632 μιν
615 539 911 613 ἀσθενέα
950 541 1297 632 ποιήσειν,
1348 537 1520 612 ὥστε
1559 546 1682 613 τοῦ
1720 546 1962 612 λοιποῦ
2004 545 2119 613 καὶ
2145 544 2475 630 γυναῖκάς
2503 574 2622 635 μιν

341 646 707 730 εὐπετέως,
748 644 825 715 τὸ
866 644 1037 732 γόνυ
1082 644 1165 717 οὐ
1196 645 1587 736 βρεχούσας,
1631 645 2100 737 διαβήσεσθαι.
2157 645 2324 735 μετὰ
2372 648 2448 718 δὲ
2489 647 2616 740 τὴν

338 748 626 840 ἀπειλὴν
679 751 898 839 μετεὶς
948 748 1074 839 τὴν
1113 752 1223 821 ἐπὶ
1264 756 1648 839 Βαβυλῶνα
1694 749 2130 841 στράτευσιν,
2186 756 2442 841 διαίρεε
2494 750 2622 843 τὴν

339 851 658 945 στρατιὴν
686 859 861 941 δίχα,
890 850 1138 924 διελών
1165 854 1240 924 δὲ
1265 856 1604 925 κατέτεινε
1627 856 2083 941 σχοινοτενέας
2108 850 2431 939 ὖκοδέξας
2453 856 2614 927 διιό-

341 985 549 1048 ρυχας
590 954 980 1044 ὀγδώκοντα
1017 960 1129 1027 καὶ
1159 955 1397 1028 ἑκατὸν
1438 956 1600 1048 παρ’
1642 956 1961 1048 ἑκάτερον
1986 957 2061 1027 τὸ
2089 968 2306 1047 χεῖλος
2330 987 2612 1051 τετραμ-

342 1066 547 1151 μένας
591 1066 715 1130 τοῦ
757 1058 1039 1129 Γύνδεω
1095 1060 1315 1132 πάντα
1353 1059 1625 1151 τρόπον.
1695 1062 2005 1145 διατάξας
2062 1061 2138 1131 δὲ
2172 1059 2294 1132 τὸν
2329 1062 2618 1155 στρατὸν

341 1162 665 1253 ὀρύσσειν
702 1166 991 1234 ἐκέλευε.
1061 1160 1171 1234 οἷα
1215 1165 1291 1234 δὲ
1336 1160 1577 1254 ὁμίλου
1623 1171 1879 1235 πολλοῦ
1906 1168 2377 1254 ἐργαζομένου,
2418 1167 2615 1259 ἤνετο

338 1269 465 1358 μὲν
501 1266 577 1336 τὸ
616 1273 849 1355 ἔργον,
895 1262 1072 1355 ὅμως
1108 1271 1335 1356 μέντοι
1375 1265 1502 1358 τὴν
1541 1276 1824 1358 θερείην
1887 1275 2112 1340 πᾶσαν
2154 1267 2364 1340 αὐτοῦ
2404 1269 2612 1363 ταύτῃ

343 1374 699 1459 διέτριψαν
739 1371 1184 1460 ἐργαζόμενοι.
1253 1367 1368 1453 Ὡς
1407 1371 1482 1441 δὲ
1518 1370 1642 1442 τὸν
1679 1370 1956 1461 Γύνδην
1999 1369 2301 1461 ποταμὸν
2347 1376 2608 1447 ἐτίσατο
2631 1389 2750 1452 190

342 1479 605 1564 Κῦρος,
666 1477 734 1554 ές
779 1481 1164 1563 τριηκοσίας
1212 1477 1324 1544 καὶ
1362 1473 1677 1565 ἑξήκοντά
1714 1504 1833 1565 μιν
1870 1473 2206 1566 διώρυχας
2246 1477 2611 1568 διαλαβών,

349 1580 462 1649 καὶ
489 1576 564 1647 τὸ
592 1577 915 1666 δεύτερον
954 1584 1072 1669 ἔαρ
1102 1574 1486 1668 ὑπέλαμπε,
1536 1575 1713 1649 οὕτω
1747 1577 1830 1668 δὴ
1865 1576 2120 1668 ἤλαυνε
2156 1580 2264 1648 ἐπὶ
2302 1579 2428 1671 τὴν
2473 1592 2609 1653 Βα-

346 1687 643 1771 βυλοὸνα.
712 1686 781 1751 οἱ
819 1681 895 1752 δὲ
943 1680 1368 1771 Βαβυλώνιοι
1409 1682 2050 1772 ἐκστρατευσάμενοι
2097 1687 2337 1771 ἔμενον
2380 1681 2608 1757 αὐτόν.

339 1786 485 1855 ἐπεὶ
510 1785 586 1855 δὲ
629 1787 892 1872 ἐγένετο
943 1784 1252 1854 ἐλαύνων
1298 1782 1509 1873 ἀγχοῦ
1543 1792 1659 1875 τῆς
1701 1784 1960 1871 πόλιος,
2012 1785 2390 1873 συνέβαλόν
2436 1815 2508 1859 τε
2548 1797 2618 1861 oc

336 2010 457 2046 eum
493 1992 764 2076 plerisque
788 1990 943 2041 libris
968 1992 1255 2045 edidimus.
1292 1993 1421 2044 Vul-

336 2060 1104 2197 ἕοκὲἒέτξῗιῗέῗσδῖῗαὸρυχας]
1131 2131 1167 2180 i.
1193 2146 1242 2182 e.
1270 2140 1420 2194 „ten-

332 2207 405 2256 εἰε
456 2203 663 2268 funibus
712 2203 1004 2252 monstravit
1066 2198 1417 2268 (designavit)

326 2275 505 2337 fossas
530 2270 847 2322 ducendasf‘
894 2271 985 2321 Sic
1004 2269 1420 2336 Schweighaeu-

333 2359 484 2394 serus
512 2343 571 2392 in
600 2342 735 2393 Lex.
758 2339 1046 2401 Herodot„
1075 2341 1170 2390 ubi
1204 2341 1308 2391 hoc
1339 2339 1416 2389 di-

333 2418 480 2464 etum
525 2416 709 2463 monet
750 2426 875 2474 prot
926 2401 1162 2470 ὑπέδεξε
1211 2401 1416 2472 διώρυ-

331 2497 460 2548 χας,
518 2478 851 2536 κατατείνας
904 2470 1082 2535 αὐτὰς
1132 2491 1416 2543 σχοινοτε-

331 2550 461 2609 νέας
503 2567 547 2602 s.
596 2546 876 2599 κατέτεινε
927 2546 1212 2612 σχοίνους,
1271 2540 1416 2598 ὑπο-

329 2617 498 2682 δέξας
533 2611 819 2681 διώρυχας
855 2614 1260 2680 σχοινοτενέας.
1326 2618 1413 2670 Of.

330 2692 389 2752 1,
430 2689 531 2741 199
564 2693 621 2740 et
655 2688 796 2748 VII,
832 2685 918 2737 23.
991 2686 1055 2736 In
1100 2701 1251 2752 seqq.
1291 2702 1412 2738 cum

328 2759 581 2824 Sehwgh.
628 2773 659 2808 e
696 2754 1020 2807 Schellersh.
1073 2753 1212 2806 libro
1261 2756 1414 2807 dedi-

328 2845 448 2880 mus
484 2823 860 2890 τετραμμένας
896 2821 999 2873 τοῦ
1036 2815 1273 2875 Γύνδεω
1310 2842 1408 2891 pro

326 2896 433 2960 τοῦ,
465 2889 646 2947 Γύνδ.
682 2909 1034 2958 τετραμμ.-
1069 2885 1258 2944 πάντα
1282 2887 1409 2959 τρό-

326 2982 443 3017 πον
482 2967 567 3030 (nt
598 2964 818 3047 ¹².¹99)
855 2967 966 3014 est:
1013 2979 1410 3029 quaquamst-sum

326 3053 372 3091 Β·
398 3037 718 3155 ἕὲααιιιξὲι-’Ϊ
744 3035 1057 3167 &laert-5033}
1099 3092 1164 3149 τὸ
1214 3095 1404 3167 ἔργον]

322 3177 408 3226 De
437 3169 533 3224 οἱα
559 3166 622 3223 δὲ
647 3176 776 3222 ante
804 3171 1075 3235 genitivos
1106 3170 1406 3235 absolutos,

323 3260 460 3310 quos
506 3246 737 3303 vocant,
784 3239 898 3291 vid.
935 3244 1074 3290 nott.
1115 3239 1187 3290 ad
1221 3241 1282 3302 Ι,
1317 3242 1402 3292 66.

320 3344 394 3354 —-
427 3302 595 3378 ἤνετο
623 3329 657 3363 a
679 3309 846 3360 verbo
868 3301 1058 3370 ἄνειν,
1098 3310 1244 3373 qnod
1279 3310 1405 3360 olim

322 3384 506 3434 dixere
536 3398 634 3447 pro
665 3370 891 3442 ἀνύειν,
925 3380 1201 3442 perficere,
1241 3379 1407 3429 absol-

318 3468 464 3504 vere:
513 3451 656 3501 unde
691 3447 778 3499 vel
822 3448 925 3499 hoe
959 3446 1080 3498 loco
1115 3446 1240 3497 libri
1276 3464 1406 3498 non-

318 3520 482 3582 nulli,
533 3521 626 3585 qui
665 3518 949 3583 antiquum
982 3516 1198 3566 dicendi
1231 3532 1402 3580 genus

318 3590 392 3640 ad
426 3589 707 3654 vulgarem
747 3601 1046 3636 sermonem
1088 3585 1402 3650 plerumque

318 3660 689 3718 conformant,
728 3655 982 3705 exhibent
1004 3646 1230 3719 ἠνύετο.
1294 3655 1401 3705 Sed
1434 3681 1441 3688 ·

318 3729 463 3779 conf.
494 3726 758 3778 Herodot.
785 3725 911 3787 VII,
945 3724 1014 3775 20
1048 3724 1233 3789 ibique
1256 3728 1397 3775 nott.

314 3797 481 3859 VIII,
519 3798 582 3847 71
631 3795 874 3858 aliosque
919 3799 1203 3858 poetarum
1249 3793 1400 3844 locos

286 3915 289 3920 .
316 3867 461 3931 apud
490 3863 906 3929 wesselingium
942 3862 998 3912 in
1033 3867 1150 3915 not.
1186 3862 1258 3913 ad
1278 3862 1335 3915 h.
1359 3862 1396 3914 l.

317 3935 499 4000 ‚,Add.
538 3935 739 3998 Odyss.
779 3932 867 3992 11,
907 3931 975 3982 58
1013 3930 1130 3993 (ubi
1165 3924 1397 3997 κατήνε-

314 4003 403 4069 το)
461 4010 516 4055 et
547 4001 801 4068 Apellen.
846 4001 980 4052 Lex.
1027 4001 1301 4053 Homeric.
1340 4018 1395 4067 p.

315 4071 435 4125 133.
509 4072 630 4124 Ast.
668 4071 740 4122 ad
769 4069 990 4121 Pindar.
1028 4071 1086 4120 in
1122 4070 1399 4120 Commen-

312 4146 445 4193 tarr.
482 4140 690 4207 philoll.
726 4139 878 4205 Lips.
916 4137 1023 4189 vol.
1064 4139 1141 4202 11,
1178 4139 1229 4189 1.
1267 4154 1395 4204 pag.

314 4213 382 4261 24
418 4226 533 4276 seq.
588 4212 771 4272 Quare
804 4207 1125 4273 probamus,
1164 4207 1307 4273 qnod
1341 4209 1399 4257 in

307 4277 556 4330 Platonis
590 4278 797 4344 Cratyl.
834 4292 962 4343 pag.
992 4278 1096 4329 415
1114 4278 1180 4328 Δ.
1233 4278 1399 4327 Hein-

310 4348 511 4398 dorfius
583 4347 733 4413 (pag.
804 4346 928 4411 105)
996 4346 1186 4411 reponi
1244 4345 1398 4397 iubet

306 4408 471 4466 ἄνειν
505 4433 603 4484 pro
638 4408 873 4465 ἅνεῐν.“
932 4416 1031 4469 Gr.
1081 4441 1148 4452 —-
1218 4409 1400 4467 αὐτοῦ

1518 1986 1697 2060 ταύτῃ
1744 1992 1936 2058 (eodem
1985 1997 2094 2044 loco
2134 1994 2338 2059 ἰὸίάεηι,
2400 2013 2459 2047 eo
2500 2002 2610 2063 ipso

1520 2067 1573 2116 in
1615 2066 1747 2127 loco)
1795 2064 2124 2129 coniungere
2181 2064 2321 2115 solet
2364 2063 2608 2119 Herodo-

1521 2137 1640 2197 tus,
1686 2136 1749 2183 nt
1785 2133 1840 2194 I,
1883 2133 2003 2183 210.
2056 2134 2174 2184 214.
2226 2135 2341 2197 111,
2391 2137 2477 2187 25.
2517 2140 2604 2192 77.

1521 2204 1628 2266 IV,
1667 2203 1753 2254 80.
1793 2200 1894 2253 135
1944 2200 2059 2266 (nbi
2102 2203 2212 2257 vid.
2254 2204 2605 2276 Valckenar.)

1518 2272 1616 2336 IV,
1654 2274 1742 2324 84.
1778 2272 1911 2334 VII,
1957 2273 2038 2323 10.
2073 2277 2121 2336 §-
2162 2273 2214 2324 8.
2284 2274 2410 2324 Alia
2445 2293 2606 2341 quae-

1520 2341 1645 2392 dam
1679 2343 1796 2407 ipse
1841 2341 1963 2391 dedi
2001 2342 2070 2391 ad
2106 2343 2299 2409 Pyrrh.
2335 2361 2462 2411 pag.
2502 2347 2603 2400 144

1519 2410 1939 2543 ⁸⁰q''1{¹¹¹i2{u⁸g
1954 2410 2081 2531 agd.
2120 2412 2320 2466 Siebel.
2353 2415 2424 2465 ad
2461 2417 2603 2470 Pan-

1517 2496 1638 2533 ssn.
1735 2519 1748 2544 ,
1857 2517 1870 2531 .
1946 2518 1959 2533 .
2032 2519 2046 2534 .
2255 2498 2264 2508 ·

1892 2652 2025 2707 CAP.
2067 2655 2224 2708 CXC.

1584 2745 1639 2811 ἐς
1673 2753 2004 2820 τριηκοσίας
2046 2753 2142 2806 καὶ
2188 2751 2464 2824 ἑξήκοντά
2499 2780 2599 2831 μιν

1482 2817 1797 2888 ’διώρυχας
1831 2818 2134 2892 διαλαβὼν]
2176 2830 2284 2879 Tot
2316 2830 2485 2898 igitur
2510 2852 2598 2886 οη-

1510 2895 1665 2944 nales
1698 2893 1914 2944 institui
1951 2895 2139 2960 iussit,
2176 2904 2309 2963 quot
2340 2901 2456 2952 dies
2483 2905 2601 2955 vnl-

1511 2980 1583 3029 go
1631 2963 1761 3013 anni
1809 2971 2115 3016 censentur.
2198 2969 2313 3020 Nee
2357 2969 2463 3023 hoe
2516 2975 2597 3024 in-

1511 3032 1762 3084 consulto
1816 3032 1966 3083 illum
2012 3035 2211 3088 fecisse
2257 3040 2594 3109 crediderim,

1512 3117 1633 3153 eum
1683 3102 1740 3151 in
1778 3101 1981 3154 talibus
2027 3108 2376 3159 tesserariam
2428 3129 2597 3178 qnan-

1511 3171 1635 3222 dam
1659 3172 1924 3222 rationem
1950 3180 2230 3239 spectasse
2249 3184 2461 3232 veteres
2486 3185 2595 3233 ism

1510 3256 1678 3305 snpra
1723 3241 1794 3291 ad
1841 3242 1894 3304 1,
1947 3244 2048 3293 178
2092 3249 2472 3302 monuerimus.
2523 3283 2594 3293 --

1509 3307 1803 3377 διαλαβεῖν
1831 3309 1921 3361 hic.
1946 3313 2119 3364 valet:
2158 3316 2409 3382 dividere,
2449 3321 2594 3371 didu-

1507 3395 1654 3441 cere,
1694 3383 1756 3428 ut
1792 3380 1837 3442 Ι,
1863 3381 1984 3432 201.
2023 3382 2089 3445 V,
2116 3385 2201 3435 52.
2274 3386 2393 3437 Iam
2428 3404 2594 3454 supra.

1507 3447 1579 3498 ad
1613 3448 1664 3509 Ι,
1715 3448 1818 3498 114
1854 3449 2280 3504 Grammaticnm
2324 3453 2590 3508 Graecum

1507 3518 1826 3580 citavimus,
1894 3520 1988 3582 qui
2040 3536 2107 3570 ex
2152 3522 2257 3572 hoe
2303 3525 2422 3589 ipso
2467 3527 2589 3578 loeo

1506 3587 1715 3651 profert
1748 3585 1979 3637 alteram
2007 3588 2160 3639 verbi
2183 3588 2473 3659 διαλαβεῖν
2498 3612 2593 3646 no·

1502 3657 1736 3716 tionem,
1780 3649 1845 3736 τὴό
1883 3650 1966 3713 εἰς
2003 3650 2110 3707 δύο
2149 3647 2189 3725 ἦ
2218 3660 2433 3712 πλέονα
2467 3662 2590 3713 δια-

1501 3721 1739 3858 Ξῖέἳίῷῗ
1762 3722 2319 3864 ..2.ῖέζὶῗὲιᾶρἓ
2358 3733 2584 3855 {4233

1500 3861 1643 3912 Add.
1684 3862 1805 3922 111,
1857 3863 1976 3914 117.
2028 3891 2096 3901 —
2160 3867 2247 3918 Ad
2291 3861 2586 3938 ὑπέλαμπε

1502 3931 1649 3982 conf.
1685 3931 1840 3993 VIII,
1879 3932 1997 3986 130.

1571 3991 1790 4065 ἀγχοῦ
1828 3998 1931 4064 τῆς
1966 3993 2185 4071 πόλιος]
2224 3995 2422 4073 ἀγχοῦ,
2461 4010 2498 4061 i.
2533 4027 2582 4062 e.

1499 4060 1879 4148 Zyyv'ffi'conf.
1919 4070 2025 4133 111,
2060 4072 2147 4124 85.
2184 4072 2268 4125 78.
2311 4075 2429 4129 111.
2497 4079 2583 4131 Ad

1498 4136 1684 4218 ξατειλ
1727 4135 1923 4202 θησαν
1948 4142 2090 4193 conf.
2118 4143 2163 4206 Ι,
2185 4143 2273 4195 80.
2305 4146 2425 4198 176.
2478 4149 2586 4200 Pro

1497 4221 1673 4272 ατρεμ
1727 4220 1866 4256 οντα
1898 4209 2070 4260 Cobet
2106 4212 2348 4264 futurum
2381 4216 2471 4267 hie
2505 4234 2588 4270 re·

1500 4277 1642 4342 quiri
1700 4276 1979 4329 existimet
2033 4270 2413 4345 ἀτρεμιέοντα.
2499 4287 2586 4338 Tu

1500 4345 1648 4395 conf.
1683 4345 1849 4410 VIII,
1890 4345 1977 4406 68,
2015 4350 2067 4412 2,
2105 4350 2201 4399 ubi
2236 4343 2523 4417 ἀτρεμιεῖν
2554 4371 2584 4406 ο

1499 4413 1812 4466 melioribus
1882 4415 2042 4470 eodd.
2105 4433 2251 4469 nune
2307 4428 2585 4490 receptum
