3109 5092
508 334 632 396 892
1283 328 1820 393 EXCURSUS
1863 329 2020 391 XVI

1197 753 1850 833 EXCURSUS
1908 755 2098 831 XVI

943 930 1113 996 AD
1200 924 1919 994 HERODOT.
2008 923 2110 1009 11,
2205 930 2350 992 175.

1344 1261 1442 1320 De
1497 1258 1952 1334 Sphinyibus.

685 1412 859 1466 Valde
888 1413 1130 1467 advertit
1158 1413 1309 1467 viros
1339 1413 1563 1479 doctos,
1608 1411 1756 1483 quod
1794 1412 1940 1482 apud
1971 1410 2312 1464 Herodotum
2341 1411 2416 1479 11,
2451 1415 2571 1472 175.
2636 1413 2811 1469 Ama.

520 1502 601 1556 sis
647 1516 743 1553 rex
785 1503 1007 1568 praeter
1048 1499 1294 1552 colossos
1339 1496 1629 1550 dedicasse
1671 1497 1875 1549 dicitur
1904 1488 2321 1565 ἀνδρόσφιγγας
2359 1491 2700 1567 περιμήκεας
2717 1496 2804 1569 *),

516 1587 555 1639 i.
600 1604 648 1638 e.
693 1584 946 1655 sphinges
983 1585 1085 1637 vin'
1120 1584 1338 1656 speciem
1379 1589 1669 1653 reserentes
1702 1583 1915 1653 ingenti
1948 1585 2115 1648 mole,
2160 1597 2282 1633 cum
2321 1581 2489 1650 vulgo
2532 1600 2643 1635 uon
2684 1585 2805 1637 nisi

520 1670 797 1742 sphinges
859 1669 1125 1722 femineas
1182 1668 1434 1736 cognitas
1487 1667 1786 1736 habereut,
1839 1667 1976 1719 adeo
2022 1672 2086 1719 ut
2120 1665 2681 1735 Schweighaeuserus
2741 1671 2802 1723 iu

521 1774 657 1809 voce
696 1747 1102 1824 ἅνδρόσφιγγες
1148 1753 1386 1824 priorem
1429 1753 1587 1805 vocis
1632 1758 1840 1821 partem
1882 1769 1991 1803 non
2032 1752 2102 1804 ad
2140 1751 2435 1806 masculum
2478 1769 2659 1819 genus
2707 1774 2801 1807 re-

521 1840 656 1894 ferri
700 1837 897 1906 vellet,
946 1840 1045 1892 sed
1083 1831 1500 1907 ἀνδρόσφιγγας
1534 1837 1677 1890 haud
1720 1836 1859 1888 alios
1901 1854 2027 1889 esse
2070 1842 2238 1907 atque
2279 1828 2803 1908 ἆνθρωπόσφιγγας

520 1925 600 1998 (si
623 1925 751 1996 quis
775 1924 852 1976 ita
875 1924 1113 1991 diceret)
1144 1923 1523 1991 contenderet,
1553 1922 1593 1974 i.
1615 1941 1665 1975 e.
1699 1923 1970 1993 Sphingos
1995 1924 2287 1975 humanam
2313 1923 2534 1993 speciem
2561 1929 2801 1992 reseren-

523 2021 617 2076 tes,
655 2007 803 2061 nullo
833 2009 1060 2077 generis
1089 2007 1405 2061 discrimine
1431 2009 1597 2059 facto.
1647 2006 1829 2078 Atque
1850 2006 1955 2059 iam
1983 2006 2147 2073 longe
2169 2012 2333 2058 antea
2353 2006 2797 2063 Winckelmanu.

497 2092 887 2167 (Geschichte
919 2093 973 2145 d.
1000 2093 1205 2146 Kunst.
1233 2093 1261 2144 I
1302 2091 1449 2161 opp.
1481 2091 1551 2143 T.
1582 2090 1696 2159 ΙΙΙ)
1728 2095 1867 2161 p.93
1896 2089 2150 2144 consulto
2181 2092 2263 2143 sic
2290 2086 2559 2144 Nostrum
2586 2092 2801 2148 dixisse

524 2178 769 2249 putavit,
820 2194 939 2229 cum
970 2177 1249 2231 declarare
1280 2175 1554 2229 voluisset
1580 2175 1857 2245 Sphinges
1889 2175 2185 2245 utriusque
2215 2177 2471 2245 generis,
2513 2178 2800 2233 muliebris

526 2268 756 2332 propter
794 2261 1015 2328 faciem,
1065 2260 1244 2313 virilis
1284 2266 1512 2331 propter
1547 2259 1793 2332 reliquas
1825 2260 2075 2329 corporis
2113 2267 2334 2329 partes:
2381 2262 2475 2314 ubi
2512 2270 2659 2315 recte
2697 2283 2801 2317 an-

527 2344 744 2398 notavit
769 2344 884 2397 F'ea
914 2344 979 2416 (l.
1004 2345 1041 2396 l.
1075 2363 1129 2415 p.
1154 2343 1306 2412 329),
1350 2344 1630 2414 sphinges
1662 2343 1958 2416 utriusque
1989 2343 2245 2414 generis,
2291 2351 2347 2398 et
2373 2347 2597 2399 masculi
2627 2355 2684 2400 et
2716 2351 2801 2402 se-

525 2429 722 2496 minei‚
766 2447 867 2499 per
897 2429 1212 2500 Aegyptum
1253 2428 1490 2499 reperiri
1540 2446 1723 2501 neque
1774 2428 1935 2483 etiam
1964 2429 2033 2481 ad
2075 2427 2535 2496 significationem
2572 2432 2803 2487 multum

529 2515 748 2569 omnino
787 2513 1093 2581 interesse,
1153 2514 1274 2567 sive
1312 2513 1554 2567 mascula
1597 2515 1719 2567 sive
1764 2514 1998 2567 feminea
2046 2513 2238 2566 iisdem
2281 2514 2562 2569 tribuatur
2604 2519 2801 2573 facies.

529 2599 800 2671 Equidem
830 2617 862 2652 a
891 2598 1404 2669 Schweighaeuseri
1435 2599 1713 2651 sententia
1741 2600 1819 2651 ita
1849 2598 2106 2666 discedo,
2153 2604 2217 2652 ut
2246 2600 2499 2653 consulto
2531 2602 2804 2657 Nostrum

497 2684 737 2737 'dixisse
777 2688 961 2753 putem
988 2676 1434 2754 ἀνδρόσφιγγας,
1471 2684 1510 2735 i.
1549 2701 1599 2735 e.
1636 2685 1905 2754 Sphingos
1942 2684 2079 2737 viri
2102 2686 2325 2755 speciem
2348 2688 2691 2757 praebemes:
2742 2690 2801 2742 in

529 2787 639 2842 quo
667 2769 985 2838 respexisse
1014 2770 1142 2823 mihi
1172 2769 1394 2822 videtur
1415 2768 1739 2821 Herodotus
1762 2786 1871 2821 non
1901 2773 2007 2822 tam
2038 2769 2109 2820 ad
2131 2770 2399 2837 Graecos,
2434 2787 2576 2842 quos
2597 2772 2803 2843 Sphin-

530 2872 631 2924 ges
671 2853 835 2907 faciei
884 2855 1161 2926 virgineae
1202 2854 1524 2925 plerumque
1570 2854 1806 2907 formare
1857 2853 1982 2922 ipse
2026 2855 2167 2906 bene
2209 2860 2470 2923 noverat,
2524 2873 2686 2927 quam
2726 2861 2805 2913 ad

530 2939 837 3008 Aegyptios
857 2977 873 3005 ,
917 2939 1015 3010 qui
1057 2940 1205 3010 quod
1238 2954 1384 2991 nunc
1414 2937 1633 3009 quidem
1665 2937 1804 2990 satis
1834 2943 2079 3006 constat,
2128 2940 2237 2991 no'n
2278 2946 2490 2992 tantum
2523 2940 2806 3012 sphinges

529 3021 691 3074 faciei
721 3021 1040 3090 virgineae,
1092 3022 1285 3093 quales
1317 3022 1618 3089 descripsit
1646 3021 1911 3075 Aelianus
1928 3017 2023 3089 **)
2041 3062 2055 3089 ,
2106 3040 2295 3075 verum
2336 3025 2607 3079 masculae
2638 3028 2806 3082 etiam

528 3103 690 3157 faciei
724 3103 1065 3174 aliorumque
1098 3107 1236 3158 adeo
1265 3105 1572 3158 animalium
1603 3105 1879 3174 Sphingos
1923 3107 2203 3160 finxerunt
2235 3107 2527 3180 lapideque
2574 3129 2805 3181 expres·

527 3192 742 3242 serunt.
813 3188 930 3250 Qui
972 3188 1131 3256 primi
1170 3189 1240 3241 de
1281 3187 1679 3258 Aegyptiorum
1715 3190 2059 3258 Sphingibus
2097 3193 2440 3246 accuratiora
2489 3194 2811 3252 retulerunt

525 3273 635 3326 viri
664 3271 814 3325 docti
847 3271 994 3325 Galli
1015 3269 1164 3341 ***),
1209 3275 1357 3326 inter
1384 3272 1690 3343 sphingum
1721 3280 1970 3341 statuas,
2004 3293 2143 3347 quas
2175 3282 2236 3328 ut
2271 3276 2393 3329 aliis
2429 3278 2565 3331 locis
2595 3279 2673 3333 ita
2705 3302 2811 3354 po-

526 3357 792 3412 tissimum
825 3358 975 3410 inter
1004 3357 1269 3430 reliquias
1306 3364 1553 3411 veterum
1581 3357 1896 3411 Thebarum
1924 3358 1980 3410 in
2015 3359 2269 3413 orientali
2294 3361 2409 3414 Nili
2454 3361 2575 3432 ripa
2614 3365 2687 3417 ad
2719 3369 2811 3420 vi-

526 3461 652 3511 cos,
703 3441 800 3513 qui
838 3459 986 3495 nuuc
1030 3449 1301 3496 vocantur
1329 3444 1519 3496 Luxor
1567 3448 1622 3495 et
1652 3442 1904 3510 Karana,
1945 3442 2165 3497 iunctos
2210 3444 2336 3498 illos
2378 3446 2596 3519 quidem
2638 3453 2813 3523 quasi

528 3528 674 3580 serie
713 3527 1019 3597 sphingum
1058 3528 1403 3600 coutinuata,
1454 3531 1862 3597 conspexerant
1904 3526 2197 3597 plurimas,
2246 3530 2449 3600 duplex
2499 3548 2679 3599 genus
2721 3538 2813 3590 di-

664 3776 719 3842 *)
757 3779 841 3828 De
876 3778 984 3828 hac
1018 3793 1155 3829 voce
1196 3775 1339 3828 conf.
1379 3777 1549 3827 etiam
1584 3777 1660 3840 11,
1708 3776 1805 3827 108
1840 3777 2023 3843 ibique
2053 3783 2192 3830 nott.

661 3844 751 3910 **)
788 3848 872 3897 De
889 3849 1021 3899 Nat.
1047 3846 1302 3897 Animall.
1341 3846 1471 3908 XII,
1502 3850 1565 3897 7:
1603 3840 1699 3895 καὶ
1734 3837 1841 3909 τὴν
1878 3845 2090 3912 σφίγγα
2125 3842 2321 3911 μέντοι
2355 3842 2463 3914 τὴν
2496 3846 2684 3917 διφυῆ
2706 3849 2809 3902 Αἰ-

523 3905 761 3978 γύπτιοί
789 3928 846 3964 τε
893 3912 1218 3980 χειρουργοὶ
1259 3906 1574 3980 γλύφοντες
1618 3910 1713 3964 καὶ
1749 3910 2010 3981 Θηβαῖον
2043 3915 2242 3980 μῦθον
2278 3909 2664 3981 κομπάζοντες
2714 3918 2813 3970 δι’-

524 3996 756 4061 μορφο]
787 3973 927 4061 ἡιξῖν
962 3981 1274 4063 πειρῶνται
1299 3975 1616 4064 δειζινύναι,
1658 3980 2036 4064 σεμνύνοξντςς
2069 3984 2140 4052 τῇ
2160 4000 2219 4036 τε
2255 3985 2360 4036 τοῦ
2399 3987 2811 4052 παρθενωποῦ

523 4045 620 4101 καὶ
657 4049 1821 4187 ἒξ*ξοὲοἷὶῗξζὲἳεξθζὲῧὶὲτῖζζτὸξεέξᾷῗι
1829 4069 2181 4189 ἆῖῗῖῗῂρῐ.
2210 4124 2482 4191 Antiquit.
2500 4126 2545 4175 Ι.
2569 4127 2722 4177 Livr.
2745 4131 2807 4179 2.

524 4190 683 4254 chap.
711 4189 808 4240 IX.
833 4194 966 4239 sect.
997 4190 1150 4240 VIII.
1186 4194 1235 4253 §-
1262 4190 1367 4240 ΠΙ.
1405 4195 1509 4241 art.
1533 4191 1584 4240 2.
1619 4208 1674 4257 p.
1696 4193 1798 4242 254
1818 4208 1971 4258 seqq.
2009 4193 2188 4244 Antea
2214 4193 2280 4243 de
2300 4194 2699 4261 Aegyptiorum
2727 4213 2805 4249 ac

525 4260 857 4310 Graecorum
886 4258 1218 4323 Sphingibus
1254 4265 1588 4322 exposuerat
1622 4263 1804 4325 ZoEga
1840 4262 2054 4312 Numm.
2093 4262 2352 4327 Aegyptt.
2392 4280 2447 4328 p.
2490 4264 2590 4315 140
2616 4282 2806 4332 seqq„

527 4342 667 4394 quae
703 4328 896 4379 eadem
929 4342 1073 4377 nunc
1107 4325 1392 4392 leguntur,
1429 4332 1598 4379 aucta
1633 4328 1907 4381 nonnullis
1946 4330 2100 4394 aliis,
2140 4332 2199 4381 in
2232 4332 2303 4382 H.
2329 4332 2600 4399 Stephani
2627 4335 2805 4389 Thes.

522 4396 681 4461 Ling.
722 4397 914 4449 Graec.
955 4395 1082 4448 VII.
1119 4410 1174 4459 p.
1210 4396 1345 4449 1615
1370 4412 1483 4462 seq.
1526 4398 1610 4450 ed.
1649 4399 1905 4451 Dindorf.
