3109 5092
1151 249 1279 310 EU
1296 248 1554 309 TERP
1570 250 1646 308 E.
1689 248 1775 308 H.
1821 256 1945 314 137.

2565 252 2689 316 743

410 445 615 505 γοντα
659 421 726 497 ἐς
763 415 844 487 τὰ
882 421 1071 505 ἕλεα,
1123 418 1243 489 τὸν
1285 420 1361 490 δὲ
1402 425 1707 490 Αὐθίοπα
1746 419 2136 506 βασιλεύειν
2178 418 2531 508 Αἰγύπτου
2575 420 2682 493 ἐπ’

414 527 565 590 ἔτεα
593 522 1044 610 πεντήκοντα,
1089 526 1164 591 ἐν
1198 540 1366 594 τοῖσι
1395 519 1790 592 αὐτὸντοέὃε
1817 520 2293 608 ἀποδέξασθαι.
2348 521 2521 604 ὅκως
2548 530 2687 596 τῶν

411 651 510 703 τις
544 629 940 710 Αἰγυπτίων
968 622 1247 716 ἁμάρτοι
1274 655 1358 711 τι,
1395 634 1687 695 κτείνειν
1712 626 1839 714 μὲν
1863 624 2091 697 αὐτῶν
2116 624 2370 715 οὐδένας
2397 631 2685 715 ἐθέλειν,

411 723 530 795 τὸν
560 727 634 795 δὲ
670 727 837 797 κατὰ
863 733 1159 817 μέγαθος
1189 735 1311 799 τοῦ
1336 726 1742 819 ἀδικήματος
1771 729 2024 823 ἑκάστῳ
2054 726 2382 815 δικάζειν,
2416 729 2685 800 ἐπαύου

410 850 612 899 σοντα
639 829 908 918 χώματα
933 838 1102 919 χοῦν
1127 831 1292 922 πρὸς
1317 825 1400 921 τῇ
1428 834 1701 902 ἑωυτῶν
1728 833 1905 916 πόλι,
1938 829 2109 902 ὅθεν
2135 836 2410 913 ἕκαστος
2435 824 2522 921 ἦν
2548 839 2688 903 τῶν

416 1033 484 1081 75
522 1046 567 1081 s·
610 1031 712 1081 140
760 1031 849 1083 ed.
881 1030 1117 1094 Bonn.);
1165 1033 1359 1099 quibus
1405 1031 1505 1081 tri-

414 1100 513 1149 bus
538 1100 630 1165 qui
656 1101 966 1151 tribuuntur
982 1103 1111 1151 anni
1140 1103 1506 1168 quadraginta

415 1169 504 1219 vel
530 1169 897 1235 quadraginta
941 1174 1203 1237 quatuor,
1255 1187 1362 1220 non
1412 1169 1505 1220 ad-

415 1237 630 1288 modum
662 1239 922 1289 recedunt
951 1241 1022 1290 ab
1056 1241 1212 1289 annis
1243 1241 1504 1306 quinqua-

415 1307 595 1368 ginta,
657 1324 792 1371 quos
839 1310 934 1359 uni
989 1309 1260 1360 Sabaconi
1310 1308 1505 1359 tribuit

412 1375 757 1439 Herodotus,
806 1384 904 1428 aut
938 1394 1030 1429 eos
1067 1379 1205 1429 adeo
1243 1382 1498 1445 aequant,

416 1446 465 1495 si
501 1446 833 1496 Bunsenium
868 1449 1141 1512 sequimur
1169 1449 1319 1513 ipsos
1349 1448 1502 1514 quin-

414 1515 679 1579 quaginta.
725 1531 895 1567 annos
938 1517 1024 1566 his
1071 1518 1246 1568 tribus
1280 1516 1502 1568 Aethio-

414 1599 540 1648 pum
589 1585 809 1648 regibus
859 1586 1184 1637 tribuentem
1232 1586 1270 1636 l.
1312 1586 1348 1636 l.
1388 1585 1499 1635 111.

414 1668 540 1718 pag.
583 1654 699 1705 133.
771 1655 846 1703 Hi
872 1656 1039 1720 igitur
1066 1662 1174 1705 tres
1199 1671 1374 1720 reges,
1408 1654 1501 1719 qui

416 1722 559 1786 apud
583 1722 916 1773 Herodotum
941 1739 1049 1773 uno
1069 1725 1355 1776 Sabacone
1374 1738 1501 1773 con-

414 1791 685 1854 tinentur,
753 1808 872 1842 cum
920 1794 1054 1858 ipsis
1107 1793 1499 1858 Aegyptiorum

415 1861 474 1909 in
496 1862 857 1910 monumentis
882 1861 1238 1912 exhibeantur
1254 1900 1269 1923 ,
1306 1864 1361 1911 in
1388 1860 1503 1926 qui-

413 1929 516 1979 bus
552 1929 773 1979 nomina
794 1934 939 1980 notis
965 1931 1388 1996 hieroglyphicis
1416 1930 1504 1979 de·

416 1998 627 2047 clarata
663 2003 906 2050 exstant:
945 2000 1113 2050 ‚S'etzbk
1151 1999 1428 2065 (Schabak
1454 2013 1499 2048 s.

415 2067 696 2131 Sciabak),
719 2067 905 2118 Schbtle
927 2067 1264 2132 (Schabatok
1280 2085 1323 2119 s.
1355 2069 1504 2119 Scia·

415 2136 629 2200 batok),
683 2137 818 2186 Thr-k
864 2141 880 2192 (
894 2137 1142 2203 Thur-ak),
1192 2152 1505 2188 mouumen-

415 2211 590 2255 torum
647 2205 806 2256 fidem
847 2208 1258 2272 praeferendam
1316 2210 1503 2258 censet

414 2274 679 2324 Rosellini
716 2276 888 2336 (Mon.
938 2282 1071 2326 ator.
1120 2277 1197 2327 11.
1240 2276 1504 2342 pag.'105

415 2343 593 2409 seqq.)
631 2346 950 2395 auctoritati
987 2346 1254 2396 Herodoti
1283 2352 1339 2395 et
1373 2346 1503 2396 Dio·

417 2412 533 2462 dori
571 2412 638 2475 (1,
667 2415 777 2477 65),
816 2414 910 2479 qui
941 2415 1252 2464 Sabaconem
1285 2414 1505 2465 Aethio-

416 2497 536 2546 pem
566 2483 757 2546 etipse
782 2484 989 2548 profert
1015 2499 1197 2549 regem
1213 2522 1226 2546 ,
1256 2485 1347 2548 qui
1373 2483 1505 2533 mul-

416 2551 489 2599 tis
529 2556 654 2614 post
685 2553 990 2603 Bocchorin
1013 2553 1149 2619 (vid.
1176 2553 1247 2603 ad
1264 2553 1339 2614 11,
1379 2551 1501 2616 136)

418 2620 574 2669 annis
631 2636 857 2685 regnum
913 2623 1168 2672 tenuerit.
1265 2623 1499 2671 Heeren.

418 2688 608 2750 (Ideen
646 2695 753 2740 etc.
790 2691 864 2752 11,
903 2694 950 2745 1.
989 2707 1115 2756 pag.
1146 2692 1250 2740 427
1271 2689 1395 2740 coll.
1424 2690 1498 2750 11,

417 2762 467 2809 2.
503 2774 629 2824 pag.
670 2759 790 2811 306.
816 2759 914 2812 331
954 2758 1134 2826 seqq.)
1157 2760 1291 2809 haec
1317 2759 1387 2809 ad
1409 2758 1503 2808 flo-

416 2834 619 2878 rentem
658 2834 861 2879 statum
904 2831 1084 2894 regni,
1135 2828 1279 2895 quod
1314 2828 1501 2877 Meroe

420 2898 590 2948 fuisse
633 2897 791 2963 fingit
827 2899 928 2964 (cf.
974 2903 1115 2949 nott.
1165 2897 1235 2947 ad
1270 2897 1344 2958 11,
1384 2895 1499 2958 29),

416 2966 592 3017 relata
612 2966 757 3029 vult,
797 2973 995 3018 octavo
1017 2971 1111 3017 aut
1134 2967 1365 3032 septimo
1386 2980 1503 3015 sae-

420 3035 544 3086 culo
593 3052 643 3086 a.
695 3037 820 3088 Chr.
871 3054 946 3099 n.,
999 3037 1096 3086 ubi
1133 3041 1243 3087 tres
1280 3035 1504 3085 Aethio-

418 3107 544 3170 piae
589 3121 743 3170 reges
791 3108 1082 3171 praecipue
1128 3106 1503 3167 inclaruerint,

420 3176 514 3240 qui
545 3176 853 3239 Aegyptum
889 3175 977 3225 vel
1008 3181 1179 3225 totam
1198 3214 1211 3238 ,
1247 3173 1332 3225 vel
1356 3178 1505 3224 certe

421 3243 749 3307 superiorem
788 3245 903 3294 eius
937 3250 1144 3309 partem
1179 3245 1347 3294 armis
1379 3244 1505 3293 sub-

422 3312 660 3375 egerint,
722 3311 952 3368 Sabaeo,
1020 3312 1297 3370 Seveclms.
1372 3313 1506 3362 Tar-

419 3381 574 3438 haco;
613 3380 952 3430 Herodotum
983 3385 1164 3431 autem
1197 3382 1362 3431 hosce
1399 3386 1503 3430 ter-

420 3465 520 3499 nos
539 3464 695 3513 reges
723 3449 807 3498 vel
840 3449 981 3499 hanc
1002 3450 1162 3498 trium
1193 3465 1379 3514 regum
1410 3449 1505 3512 dy-

419 3518 657 3568 nastiam
681 3533 789 3568 uno
813 3518 1111 3567 Sabaconis
1131 3519 1347 3567 nomine
1362 3533 1506 3566 com-

420 3587 771 3652 prehendisse
819 3587 1114 3637 existimat.
1187 3587 1339 3648 Quae
1376 3585 1506 3635 ferri

421 3661 672 3722 possent,
722 3657 880 3707 modo
927 3662 1225 3721 temporum
1263 3655 1503 3705 rationes

423 3730 769 3789 constarent,
811 3743 877 3776 ex
914 3726 1128 3791 quibus,
1165 3723 1504 3792 Herodotum

420 3796 468 3844 si
508 3796 781 3860 sequaris,
822 3796 1035 3846 Sabaeo
1063 3793 1134 3843 ad
1165 3794 1329 3859 longe
1366 3793 1506 3858 prio-

422 3880 485 3914 ra
507 3868 753 3930 tempora
784 3866 888 3915 erit
910 3862 1223 3914 referendus
1242 3899 1253 3916 .
1289 3877 1408 3911 cum
1436 3862 1504 3910 ad

424 3941 644 3984 octavum
694 3934 861 3999 vulgo
919 3936 1126 3998 ponant
1180 3932 1504 3995 Aethiopum

423 4003 761 4053 incursiones
807 4004 864 4053 in
898 4004 1233 4067 Aegyptum,
1283 4001 1505 4067 respici-

425 4074 578 4121 entes
614 4071 684 4121 ad
719 4071 985 4123 Seveckum
1015 4088 1062 4124 s.
1099 4069 1248 4121 Souna
1270 4069 1506 4136 Aegypti

424 4155 627 4204 regem,
666 4155 901 4204 quocum
935 4143 1123 4192 Hosea
1159 4145 1355 4190 octavo
1389 4155 1508 4190 sae-

423 4209 547 4260 culo
594 4215 721 4260 ante
777 4210 904 4260 Chr.
953 4226 1007 4260 n.
1053 4211 1275 4260 ineunte
1314 4208 1505 4259 foedus

425 4279 576 4341 iniit3
632 4279 831 4331 etenim
873 4295 1101 4344 nomen,
1147 4278 1306 4345 quale
1335 4279 1392 4328 in
1426 4279 1504 4328 11.

1606 1033 1779 1098 Regg.
1816 1032 1993 1097 XVII,
2030 1036 2064 1083 4
2098 1034 2363 1097 traditur,
2398 1034 2689 1085 convenire

1607 1102 1766 1152 docet
1814 1102 2105 1153 Gesenius:
2159 1102 2308 1153 Hall.
2354 1102 2499 1168 Aug.
2545 1104 2684 1154 Litt.

1606 1173 1665 1221 Z.
1712 1172 1866 1224 1841.
1918 1187 2001 1222 nr.
2057 1173 2176 1223 145.
2225 1187 2353 1237 pag.
2408 1173 2529 1224 559.
2601 1173 2687 1223 De

1604 1240 1829 1305 reliquis
1852 1241 1996 1290 conf.
2016 1241 2189 1291 Beck:
2219 1242 2417 1291 Anleit.
2443 1258 2490 1290 z.
2518 1241 2689 1292 Welt·

1604 1309 1791 1375 gesch.
1840 1325 1966 1375 pag.
2022 1311 2317 1373 717—719,
2367 1311 2566 1360 Gesen.
2615 1310 2686 1360 ad

1606 1379 1769 1429 Iesai.
1808 1379 1939 1429 XIX
1976 1379 2271 1430 introduct.
2316 1395 2370 1443 p.
2401 1379 2504 1432 593
2531 1394 2682 1445 seqq.

1603 1447 1724 1509 599,
1770 1448 1993 1497 Boeckh
2049 1448 2324 1512 (Schmidt
2370 1447 2689 1498 Zeitschrift

1602 1517 1643 1568 f.
1683 1517 2153 1568 Geschichtswiss.
2183 1518 2259 1567 11.
2283 1533 2336 1582 p.
2369 1518 2471 1568 710
2489 1517 2683 1583 seqq.).

1604 1588 1757 1648 Quae
1778 1602 1899 1636 cum
1927 1587 2007 1636 ita
2031 1587 2165 1649 sint,
2201 1587 2293 1635 vix
2321 1585 2468 1636 aliud
2492 1591 2686 1650 restat,

1602 1656 1709 1704 nisi
1744 1660 1805 1704 ut
1837 1655 1893 1703 in
1930 1656 2050 1720 ipso
2082 1655 2348 1705 Herodoti
2381 1660 2535 1705 textu
2560 1654 2686 1704 olim

1601 1723 1806 1789 aliquid
1826 1724 2103 1774 turbatum
2125 1739 2246 1773 esse
2265 1722 2528 1788 pluraque
2547 1724 2689 1774 exci-

1603 1792 1750 1842 disse
1771 1797 2001 1855 statuas,
2018 1799 2113 1842 aut
2122 1792 2489 1843 Herodoteam
2503 1805 2691 1843 narra-

1602 1862 1807 1911 tionem
1826 1877 1891 1910 ex
1909 1863 2118 1911 mancis
2138 1861 2575 1927 imperfectisque
2586 1862 2689 1912 Ae·

1604 1930 2688 2065 ffissssssfflngssi‘e‘iss'iff?‘'Enssssd‘ssiffffssss'*

2145 2037 2159 2062 ‚
2669 2029 2689 2039 -

1603 2084 1707 2134 que
1752 2073 1937 2118 monet
1970 2070 2201 2134 Lepsius
2246 2069 2282 2119 l.
2321 2069 2358 2118 1.
2397 2084 2524 2135 pag.
2562 2069 2685 2118 312.

1604 2140 1691 2188 Tu
1728 2137 1872 2188 conf.
1910 2139 2075 2187 etiam
2111 2153 2251 2203 quae
2297 2144 2586 2189 monentur
2629 2138 2688 2187 in

1607 2209 1855 2257 Excursu
1887 2208 1956 2257 ad
1994 2208 2069 2269 ΙΙ,
2113 2209 2230 2259 141.
2302 2208 2486 2272 Ipsum
2521 2206 2689 2257 Saba-

1607 2279 1747 2327 com's
1765 2292 1958 2326 nomen
1970 2275 2390 2343 hieroglyphicis
2404 2277 2547 2326 notis
2560 2277 2693 2326 scri·

1606 2351 1758 2410 ptum
1804 2347 1861 2395 in
1906 2345 2085 2410 Abydi
2130 2346 2413 2396 ruderibus
2475 2346 2690 2396 detexe-

1605 2420 1734 2464 runt
1768 2415 1872 2463 viri
1910 2414 2078 2466 do'cti.
2147 2414 2274 2464 vid.
2321 2414 2582 2465 Fritschii
2624 2414 2690 2463 li-

1604 2485 1761 2534 brum
1799 2483 1971 2548 (laud.
2012 2486 2083 2533 ad
2119 2485 2193 2546 11,
2232 2482 2322 2550 36)
2359 2500 2413 2548 p.
2444 2484 2505 2535 51
2548 2499 2685 2548 seq„

1605 2552 1697 2601 ubi
1734 2553 1897 2602 etiam
1930 2551 1996 2601 de
2030 2553 2243 2601 nomine
2278 2554 2425 2617 regis
2456 2551 2688 2614 ΊῖνΙιοαε,

1608 2621 1701 2686 qui
1754 2619 2180 2670 Sanacharibum
2237 2621 2438 2671 vicisse
2495 2620 2685 2682 fertur,

1602 2689 1744 2739 idem
1796 2693 2034 2739 notatur.
2112 2688 2280 2739 Plura
2335 2704 2480 2738 nunc
2534 2689 2688 2738 dabit

1603 2756 1868 2808 Rosellini
1904 2757 1942 2808 l.
1982 2756 2020 2811 l.
2092 2758 2167 2808 Et
2201 2757 2438 2808 conferri
2473 2772 2689 2822 quoque

1604 2832 1890 2892 poterunt,
1950 2841 2090 2893 quae
2141 2826 2309 2876 habet
2358 2826 2687 2878 Wilkinson.

1604 2898 1862 2947 Manners
1897 2901 2001 2947 etc.
2040 2896 2085 2946 Ι.
2119 2912 2174 2961 p.
2214 2895 2316 2946 133
2354 2911 2503 2962 seqq.
2532 2910 2688 2961 prae-

1606 2967 1765 3031 cipue
1809 2982 1934 3032 pag.
1985 2965 2103 3029 138,
2162 2964 2408 3016 Hoskins
2459 2965 2687 3016 Travels

1605 3037 1659 3085 in
1696 3036 1918 3101 Ethiop.
1955 3051 2081 3102 pag.
2119 3035 2220 3085 294
2252 3050 2402 3100 seqq.
2440 3035 2537 3086 301
2572 3050 2688 3101 seq.

1604 3107 1689 3156 De
1714 3110 1901 3155 statua
1923 3120 2095 3170 parva
2118 3105 2419 3156 Sabaconis
2441 3104 2554 3155 vid.
2581 3105 2692 3154 An-

1608 3173 1720 3225 nali
1765 3174 1869 3225 del.
1926 3175 2112 3224 Instit.
2175 3173 2494 3239 Archeolog.
2550 3173 2686 3223 1847

1607 3243 1811 3309 (xlx.)
1846 3259 1973 3308 pag.
2012 3245 2074 3294 21
2116 3258 2268 3308 seqq.
2328 3243 2430 3292 His
2455 3242 2597 3292 adde
2619 3243 2691 3290 si-

1605 3313 1793 3379 gillum
1842 3328 2013 3376 nuper
2070 3313 2212 3361 inter
2263 3313 2448 3360 ruinas
2495 3309 2689 3373 palatii

1604 3397 1792 3446 reg-um
1814 3381 2159 3445 Assyriorum
2181 3394 2244 3429 eo
2263 3378 2405 3439 loco,
2436 3379 2523 3428 cui
2549 3393 2693 3428 nunc

1604 3465 1800 3500 nomen
1824 3448 2171 3512 Konjunyik,
2208 3452 2508 3511 repertum,
2546 3446 2691 3512 quod

1607 3518 1908 3568 Sabaconis
1934 3532 2129 3566 nomen
2147 3515 2572 3580 hieroglyphicis
2596 3531 2691 3565 no-

1604 3587 1678 3636 tis
1718 3600 2029 3652 expressum
2077 3584 2319 3634 continet
2364 3590 2528 3650 atque
2559 3585 2693 3635 ima-

1606 3655 1786 3720 ginem
1822 3654 2130 3718 Assyriam,
2190 3667 2329 3718 quae
2375 3653 2446 3704 ad
2488 3653 2691 3704 Sanhe-

1606 3724 1783 3774 ribum
1820 3723 1921 3787 (11,
1968 3723 2090 3787 141)
2138 3727 2390 3786 spectare
2441 3722 2686 3785 videtur3

1608 3793 1719 3843 vid.
1742 3791 1981 3857 Layard.
2002 3792 2346 3842 Discoveries
2368 3796 2472 3843 etc.
2497 3808 2551 3857 p.
2567 3793 2685 3844 156.

1680 3855 1968 3927 φεύγοντα
2011 3852 2065 3918 ἐς
2109 3853 2192 3910 τὰ
2228 3854 2401 3927 ἕλεα]
2452 3858 2523 3911 τὰ
2562 3857 2688 3911 ἕλεα

1606 3947 1873 3998 quaenam
1897 3934 2103 3993 essent,
2142 3930 2374 3994 <linimus
2409 3931 2479 3981 ad
2498 3932 2573 3993 11,
2596 3930 2685 3982 92.

1608 4027 1675 4037 -
1712 4001 1777 4050 In
1811 4016 1961 4066 seqq.
2000 3999 2070 4049 ad
2104 3999 2431 4051 locutionem
2461 3993 2693 4066 χώματα

1606 4067 1751 4135 χοῦν
1785 4070 2042 4135 (aggerem
2068 4067 2297 4133 emere)
2326 4070 2470 4120 conf.
2506 4070 2553 4132 1,
2589 4069 2690 4120 162

1605 4139 1791 4205 ibique
1838 4144 1979 4190 nott.
2028 4140 2226 4190 Suidas
2267 4144 2324 4189 et
2370 4139 2692 4190 Grammati-

1609 4224 1705 4259 cus
1740 4210 1798 4259 in
1833 4208 2169 4259 Bachmann.
2206 4207 2447 4259 Anecdd.
2484 4209 2529 4258 1.
2558 4223 2687 4273 pag.

1609 4278 1731 4340 418,
1771 4279 1803 4328 5
1841 4277 2114 4345 explicant
2147 4274 2256 4342 γῆν
2285 4268 2499 4340 ὑψοῦν.
