3109 5092
444 354 569 416 412
1308 353 1851 418 HERODOTI

446 525 690 616 ἐμνᾶτο
717 533 811 621 τῷ
837 528 1037 620 λόγῳ,
1065 530 1294 599 θέλων
1319 545 1615 617 γυναῖκα
1641 525 1728 618 ἢν
1755 535 1955 617 ἔχειν.
2003 524 2044 618 ἦ
2076 528 2152 597 δὲ
2191 527 2512 621 Τόμυρις,
2546 554 2715 601 συν-

444 648 620 702 ιεῖσα
663 627 790 700 ούκ
833 630 1047 723 αὐτήν
1089 661 1206 721 μιν
1233 633 1593 721 μνώμενον
1619 630 1789 703 ἀλλὰ
1825 631 1951 721 τὴν
1981 635 2491 721 Μασσαγετέων
2520 642 2714 723 βασί-

446 744 668 825 ληΐην,
696 731 1025 806 ἀπείπατο
1070 734 1195 825 τὴν
1222 737 1581 823 πρόσοδον.
1667 742 1892 826 Κῦρος
1935 736 2011 805 δὲ
2054 733 2220 825 μετὰ
2258 742 2493 822 τοῦτο,
2537 734 2626 818 ὣς
2654 744 2724 807 οἱ

447 839 625 933 δόλῳ
665 836 748 908 ού
795 838 1206 928 προεχώρεε,
1267 840 1506 920 ἐλάσας
1535 836 1647 909 ἐπὶ
1672 839 1792 911 τὸν
1812 837 2087 928 Ἀράξεα
2145 836 2441 911 ἐποιέετο
2481 838 2556 910 ἐκ
2597 848 2720 912 τοῦ

446 941 777 1033 ἐμφανέος
823 940 932 1013 ἐπὶ
976 939 1132 1024 τούς
1170 947 1621 1031 Μασσαγέτας
1667 951 2065 1034 στρατηΐην,
2104 943 2406 1032 γεφύρας
2448 973 2521 1014 τε
2563 954 2715 1030 ζευ-

446 1048 682 1136 γνύων
711 1044 819 1116 ἐπὶ
865 1052 987 1116 τοῦ
1029 1052 1368 1134 ποταμοῦ,
1413 1047 1732 1136 διάβασιν
1772 1052 1867 1139 τῷ
1919 1053 2217 1140 στρατῷ,
2259 1049 2372 1117 καὶ
2417 1048 2720 1138 πύργους

448 1149 558 1222 ἐπὶ
587 1158 844 1220 πλοίων
885 1155 1022 1219 τῶν
1063 1151 1715 1239 διαπορθμευόντων
1748 1147 1867 1219 τὸν
1907 1148 2208 1239 ποταμὸν
2246 1152 2718 1243 οἰκοδομεόμε-

307 1264 433 1326 206
448 1283 581 1334 νος.
640 1251 898 1341 Ἔχοντι
944 1256 1023 1322 δέ
1057 1259 1127 1322 οἰ
1145 1258 1387 1322 τοῦτον
1425 1252 1545 1322 τόν
1587 1253 1798 1323 πόνον
1839 1247 2224 1343 πέμψασαῆ
2270 1253 2559 1343 Τόμυρις
2596 1255 2716 1345 κή-

449 1385 623 1448 ρυκα
670 1363 856 1445 ἔλεγε
901 1356 1097 1425 τάδε·
1167 1347 1248 1424 Ὠ
1290 1362 1575 1444 βασιλεῦ
1616 1356 1918 1446 Μήδων,
1985 1361 2238 1426 παῦσαι
2276 1359 2595 1429 σπεύδων
2635 1358 2719 1428 τὰ

448 1458 796 1541 σπεύδεις·
855 1456 937 1528 οὐ
963 1456 1092 1547 γὰρ
1105 1453 1208 1534 ,α”ν
1240 1465 1520 1548 εἰδείης,
1565 1469 1634 1528 εἴ
1653 1488 1754 1529 τοι
1783 1456 1851 1540 ἐς
1877 1456 2118 1548 καιρὸν
2145 1467 2329 1530 ἔσται
2356 1467 2567 1531 ταῦτα
2604 1491 2715 1531 τε-

446 1563 771 1653 λεύμενα·
847 1562 1270 1653 παυσάμενος
1301 1563 1376 1632 δὲ
1411 1570 1731 1651 βασίλευε
1773 1566 1914 1632 τῶν
1953 1568 2292 1642 σεωυτοῦ,
2324 1567 2469 1633 ’καὶ
2516 1561 2719 1655 ἡμέας

446 1665 688 1756 ἀνέχευ
716 1663 935 1757 ὁρέων
964 1663 1310 1756 ἄρχοντας,
1340 1672 1434 1736 τῶ
1444 1697 1480 1736 ν
1525 1694 1651 1754 περ
1682 1666 1992 1757 ἄρχομεν.
2066 1664 2214 1736 Οὐκ
2243 1658 2342 1737 ὧν
2374 1664 2721 1758 ἐθελήσεις

447 1836 950 1901 chronographum,
989 1837 1035 1892 Ι,
1077 1837 1194 1894 115,
1244 1851 1309 1886 ex
1362 1835 1532 1900 Trogi
1635 1836 1746 1886 sita
1790 1835 1862 1885 cf.
1909 1835 2186 1887 Kuehner:
2242 1836 2338 1887 Gr.

445 1907 692 1971 Pompeii
731 1905 886 1956 libris
927 1905 1283 1970 probabiliter
1323 1909 1532 1965 sumta3
1636 1907 1757 1968 422,
1798 1905 1846 1955 1.

446 1977 558 2027 vid.
593 1976 838 2040 Pompeii
876 1976 1045 2038 Trogi
1078 1976 1334 2038 fragmm.
1356 1973 1442 2025 ed.
1465 1973 1532 2025 A.

444 2045 742 2167 glielowski
775 2045 1028 2110 (Leopoli
1069 2043 1223 2110 1853)
1263 2061 1317 2109 p.
1355 2046 1388 2095 2
1416 2059 1534 2109 seq.

552 2130 648 2179 seq

2391 1837 2485 1888 Gr.
2534 1838 2611 1888 ΙΙ.
2663 1855 2717 1904 p.

1892 2108 1905 2119 ·
1991 2076 2124 2127 Car.
2164 2076 2352 2129 CCVI.

521 2208 726 2281 ἐμνᾶτο
774 2212 854 2281 τῷ
897 2205 1066 2279 λόγῳ]
1107 2232 1183 2284 τω
1196 2209 1389 2296 λόγῳ,
1442 2218 1530 2268 cui

447 2286 765 2352 plerumque
801 2266 1093 2350 opponitur
1137 2301 1215 2347 τῳ
1260 2267 1403 2351 ἔργῳ
1442 2285 1529 2350 (re

447 2373 589 2420 vera,
629 2371 687 2404 re
720 2352 884 2418 ipsa),
919 2358 1031 2404 est:
1063 2355 1216 2405 verbo
1240 2357 1431 2421 quidem
1467 2355 1526 2419 (i.

449 2443 496 2477 e.
536 2425 719 2490 specie
748 2427 990 2486 tantum,
1036 2440 1139 2474 nec
1174 2425 1360 2488 serio),
1407 2428 1532 2475 mis-

449 2497 525 2546 sis
567 2494 792 2560 leg-atis,
854 2495 947 2559 qui
1001 2495 1147 2559 regis
1193 2496 1530 2547 voluntatem

447 2566 629 2617 verbis
651 2562 1010 2615 declararent.
1067 2563 1191 2616 vid.
1213 2571 1354 2617 nott.
1377 2565 1444 2615 ad
1486 2567 1530 2628 1,

447 2635 536 2688 59.
573 2664 643 2674 -
687 2634 752 2684 In
800 2649 953 2700 seqq.
1005 2622 1079 2697 ἣν
1135 2632 1314 2714 (suam)
1368 2651 1532 2686 unum

447 2704 783 2772 pronominis
832 2704 1130 2768 possessivi
1179 2693 1372 2770 (ὃς,ἣ
1335 2721 1388 2770 η,
1439 2693 1530 2771 ὃν)

450 2775 753 2841 exemplum
799 2774 944 2839 apud
989 2774 1329 2824 Herodotum
1385 2775 1533 2825 inve-

448 2847 625 2907 nitur,
660 2847 809 2894 recte
845 2845 924 2894 sie
960 2845 1251 2909 scriptum,
1291 2860 1410 2894 cum
1444 2835 1535 2900 ἒός

449 2916 517 2965 ad
557 2884 747 2980 poetas
783 2914 1074 2976 pertineat.

448 2984 574 3032 dov.
600 2999 651 3047 p.
682 2981 802 3034 283.
877 2983 962 3031 Ex
990 2983 1230 3032 eiusdem
1254 2984 1358 3032 viri
1386 2983 1532 3033 docti

448 3049 862 3170 {3252005222132
873 3049 1284 3170 Poffssgssggffl
1303 3068 1534 3172 1332'2551‘,

450 3190 672 3254 scripsit
718 3181 961 3250 ἐθέλων,
1009 3205 1129 3239 cum
1177 3206 1362 3240 omnes
1406 3189 1534 3240 libri

449 3258 641 3309 θέλων
674 3258 933 3309 afferant:
981 3260 1127 3323 quod
1175 3259 1350 3324 ipsum
1388 3265 1442 3309 et
1478 3260 1534 3311 h.

448 3330 487 3381 l.
518 3335 573 3380 et
593 3327 714 3378 aliis
733 3327 877 3378 haud
899 3329 1089 3393 paucis
1120 3330 1336 3390 retinui,
1372 3328 1534 3379 libro-

450 3417 569 3451 rum
605 3398 989 3450 auctoritatem
1027 3403 1274 3462 secutus,
1312 3415 1377 3449 ex
1420 3400 1536 3464 qui-

450 3472 553 3522 bus
576 3469 914 3520 Herodotum
947 3473 1175 3534 utraque
1205 3469 1365 3518 huius
1383 3470 1535 3519 verbi

453 3542 627 3592 forma
672 3554 831 3602 usum
885 3554 1007 3589 esse
1051 3539 1187 3589 satis
1232 3544 1422 3604 patere
1458 3540 1536 3589 vi-

452 3611 628 3662 detur.

519 3703 771 3762 ἒποιέετο
796 3742 869 3751 —
894 3706 1223 3776 στρατηΐην]
1250 3710 1437 3760 ΜιιΙίιιι
1458 3709 1536 3759 ἰιι-

449 3782 723 3848 telligere:
788 3783 974 3845 incepit
1018 3780 1200 3841 facere
1254 3781 1538 3842 expeditio·

451 3869 558 3903 nem
580 3867 626 3902 s.
657 3853 916 3901 instituere
952 3852 1118 3912 coepit
1148 3851 1533 3913 expeditionem,

452 3937 559 3986 quo
603 3919 937 3984 exprimatur
986 3923 1216 3970 conatus
1265 3933 1311 3970 s.
1349 3918 1537 3968 volun-

450 3989 584 4041 tatis
620 3988 979 4052 significatio,
1016 4004 1179 4053 quam
1215 3987 1536 4053 imperfecto

451 4058 717 4111 declarari
757 4062 958 4122 putem.
1032 4057 1192 4109 Conf.
1237 4058 1284 4121 Ι,
1323 4058 1392 4108 68
1438 4058 1536 4107 ibi-

451 4143 557 4194 que
607 4129 749 4176 nott.
824 4128 1006 4188 Quare
1063 4127 1228 4177 etiam
1256 4128 1535 4206 sequenti

558 4198 662 4245 ite.
719 4189 777 4260 ἔχ
782 4209 906 4244 ova
954 4191 1018 4242 δέ
1063 4188 1126 4244 οἱ
1173 4192 1383 4245 τοῦτον
1433 4188 1535 4245 τὸν

451 4280 636 4319 πονον
665 4279 715 4314 κ.
741 4280 789 4313 τ.
820 4263 867 4313 λ.
876 4264 1025 4327 ,dum
1061 4266 1113 4313 in
1146 4262 1223 4316 leis
1248 4272 1537 4344 occupatus,

449 4342 684 4415 ver-sange
717 4341 848 4387 erat.
887 4364 958 4376 --
991 4334 1076 4384 Ad
1123 4329 1293 4382 verba
1338 4327 1536 4400 &adfia-

454 4423 546 4463 σιν
587 4402 666 4476 τῷ
715 4402 933 4473 στρατῷ
965 4405 1024 4455 in
1060 4403 1409 4471 appositione
1442 4420 1536 4472 po·

1146 2914 1361 2963 Monuit
1407 2915 1537 2963 Bre-

1708 2170 1974 2230 σπεύδων
1990 2170 2059 2228 τὰ
2079 2172 2366 2246 σπεύδεις]
2389 2180 2473 2230 Ad
2495 2197 2723 2231 aecusa-

1635 2250 1739 2300 tivi
1787 2253 2117 2300 structuram
2162 2250 2723 2312 conf.VI1,53ibi-

1635 2335 1741 2384 que
1777 2322 1916 2371 nott.
1990 2319 2175 2383 Ipsam
2198 2320 2350 2370 verbi
2377 2320 2617 2371 eiusdem
2643 2337 2726 2371 re—

1636 2390 1958 2454 petitionem
1994 2387 2244 2440 consulto
2279 2395 2333 2439 et
2356 2406 2479 2440 cum
2501 2392 2557 2441 vi
2593 2407 2725 2456 qua-

1638 2459 1762 2508 dam
1787 2460 1989 2508 factam
2021 2457 2103 2540 (ut
2126 2459 2289 2524 paulo
2312 2461 2482 2510 infra:
2518 2475 2723 2525 αρχον-

1636 2543 1736 2586 τας
1784 2542 2006 2590 τωνπερ
2055 2518 2325 2595 αρχομεν)
2368 2531 2571 2581 Noster
2629 2531 2726 2581 ali—

1638 2597 1854 2664 quoties
1894 2598 2162 2650 adhibuit.
2235 2599 2394 2652 Conf.
2432 2601 2483 2664 1,
2521 2601 2583 2652 91
2623 2601 2726 2650 ibi-

1638 2684 1744 2733 que
1781 2673 1922 2718 nott.

1706 2732 1803 2786 καὶ
1838 2727 2014 2801 ἡμέας
2058 2727 2259 2802 ἀνέχευ
2296 2728 2478 2803 ὁρέων
2518 2729 2724 2803 ἄρχον-

1637 2805 1757 2872 τας]
1790 2807 1972 2872 Magis
1999 2806 2241 2871 placeret
2265 2807 2650 2874 Wesselingio‚
2676 2809 2725 2858 si

1635 2877 1905 2942 legeretur
1940 2873 2161 2941 οὐρέων
2209 2877 2293 2941 (ut
2336 2887 2525 2928 montes
2570 2878 2726 2928 intel-

1635 2946 1974 3010 ligerentur),
2015 2948 2333 3012 praesertim
2366 2964 2487 2997 eum
2525 2948 2723 2999 Strabo

1635 3016 1732 3066 XI.
1757 3032 1827 3080 ,μ
1865 3017 1969 3068 780
2005 3033 2049 3067 s.
2099 3033 2151 3081 p.
2193 3018 2295 3067 512
2344 3017 2537 3068 doceat
2582 3018 2727 3067 Mas-

1636 3091 1947 3148 sagetarum
1982 3087 2162 3152 plures
2200 3088 2312 3136 loca
2354 3095 2587 3137 montana
2632 3087 2728 3136 ha-

1634 3154 2257 3221 buisse,1ustinusque
2309 3157 2479 3207 addat
2527 3155 2594 3221 (1,
2643 3156 2723 3220 8),

1637 3225 1904 3288 Tomyrin
1923 3225 2065 3289 Cyro
2102 3226 2157 3275 in
2190 3227 2463 3276 montibus
2493 3226 2725 3276 insidias

1636 3294 1905 3358 posuisse.
1978 3296 2179 3344 Verum
2226 3294 2377 3346 nulla
2423 3297 2727 3347 mutatione

1638 3378 1801 3428 opus,
1860 3379 1981 3414 cum
2029 3353 2210 3426 ὁρέων
2257 3364 2331 3413 sit
2376 3365 2724 3445 participium

1637 3433 1791 3482 verbi
1827 3423 1990 3501 ὁρᾷν,
2028 3432 2171 3498 quod
2206 3435 2373 3484 verbo
2394 3426 2596 3499 ἀνέχευ
2633 3436 2728 3485 ad-

1637 3501 1809 3552 ditum
1855 3503 2041 3553 eadem
2089 3502 2330 3567 ratione,
2389 3520 2497 3568 qua
2544 3505 2589 3567 1,
2636 3506 2723 3556 80.

1691 3610 1817 3690 οὐκ
1855 3655 1939 3690 ων
1978 3629 2267 3704 ἐθελήσεις
2305 3658 2356 3692 κ.
2397 3657 2443 3691 τ.
2482 3641 2557 3708 λ.]
2599 3644 2635 3693 i.
2675 3661 2727 3695 e.

1639 3725 1798 3775 neque
1841 3713 1996 3776 ἰρίιιιι·
2036 3713 2254 3762 οοηείἱίἰε
2301 3712 2435 3763 hisce
2481 3716 2579 3776 uti,
2635 3715 2733 3763 sed

1639 3781 1836 3844 quidvis
1888 3782 2058 3843 potius
2104 3780 2268 3845 (pati)
2315 3798 2461 3846 qnam
2522 3750 2731 3845 qz’aietem

1640 3864 1796 3914 agere
1830 3852 1983 3900 voles.
2038 3848 2305 3912 χρὲεσθαι
2343 3868 2464 3901 cum
2489 3851 2728 3902 Dindor-

1639 3918 1710 3968 fio
1747 3919 1973 3980 retinui3
2007 3919 2132 3968 libri
2168 3920 2410 3986 plerique
2446 3917 2723 3985 χρῆσθαι,

1641 3988 1785 4053 quod
1820 3988 2090 4039 Bredovio
2119 3994 2346 4040 auctore
2383 4007 2439 4054 p.
2476 3990 2582 4042 380
2616 4007 2731 4042 mu-

1642 4057 1901 4107 tandum
1886 4074 1942 4108 ιιι
1954 4055 2227 4122 χρᾶσθαι,
2253 4064 2317 4118 ut
2340 4059 2731 4112 fecitDietsch.

1643 4127 1729 4176 Tu
1777 4127 1926 4177 conf.
1974 4128 2019 4189 1,
2067 4128 2132 4179 21
2187 4132 2243 4179 et
2276 4113 2407 4180 187.
2492 4130 2575 4180 De
2624 4121 2733 4179 οὐκ

1644 4211 1729 4244 ων
1768 4197 1826 4246 in
1859 4197 2134 4247 sententia
2165 4198 2476 4259 bimembri,
2521 4200 2617 4250 nbi
2654 4199 2731 4250 al-

1642 4270 1815 4315 terum
1852 4266 2146 4318 membrum
2191 4267 2310 4317 sine
2349 4269 2733 4320 coniunctione

1643 4335 1960 4410 subiicitur,
1996 4337 2067 4387 ad
2094 4337 2241 4400 quod
2264 4338 2481 4402 proprie
2516 4344 2733 4404 spectat

1645 4419 1754 4470 ων,
1810 4421 1930 4457 οιιιιι
1985 4407 2208 4474 negatio
2269 4406 2339 4460 ad
2389 4408 2540 4475 prius
2595 4409 2735 4464 refe·
