3109 5092
441 200 588 308 ‘764
1333 250 1872 313 nunonem

464 423 805 513 γομένοισι
849 429 1136 511 μᾶλλον·
1203 426 1346 514 ἐμοὶ
1390 422 1453 493 δ’
1504 415 1603 494 ὦν
1645 420 1687 514 ἡ
1732 426 1885 514 περὶ
1931 422 2161 496 αὐτῶν
2202 424 2437 515 γνώμη
2490 424 2765 500 ἀποδέ-

466 534 716 598 δεκται.
774 533 837 596 εἰ
871 527 998 616 μὲν
1026 526 1156 616 γὰρ
1184 535 1477 617 φανεροί
1510 555 1581 597 τε
1612 531 1923 616 ἐγένοντο
1959 532 2073 599 καὶ
2114 530 2582 619 κατεγήρασαν
2624 537 2765 602 καὶ

465 621 652 703 οὗτοι
709 633 784 700 ἐν
830 636 913 719 τῇ
966 626 1267 718 Ἑλλάδι,
1343 632 1642 720 κατάπερ
1696 628 2060 723 Ἡρακλέης
2113 628 2149 701 ὁ
2201 636 2267 716 ἐξ
2313 630 2763 724 Ἀμφιτρύω-

465 762 581 815 νος
634 734 1029 823 γενόμενος,
1105 738 1220 805 καὶ
1278 734 1363 825 δὴ
1418 736 1531 805 καὶ
1591 735 1929 817 Διόνυσος
1993 733 2030 805 ὁ
2085 740 2158 806 ἐκ
2215 739 2549 827 Σεμέλης,
2629 742 2763 808 καὶ

465 836 621 908 Πὰν
675 833 711 908 ὁ
756 841 828 907 ἐκ
872 838 1272 929 Πηνελόπης
1327 840 1718 928 γενόμενος,
1773 846 1904 930 ἔφη
1955 839 2043 909 ἄν
2096 867 2228 926 τις,
2292 844 2403 910 καὶ
2458 839 2765 924 τούτους

470 940 825 1027 mazeum,
883 939 1138 1031 ἄνδρας
1191 945 1632 1032 γενομένους,
1691 949 1869 1032 ἔχειν
1920 941 2002 1012 τὰ
2058 945 2340 1014 ἐκείνων
2396 942 2763 1034 οὐνόματα

465 1051 603 1116 τῶν
653 1046 1166 1134 προγεγονότων
1216 1053 1427 1117 θεῶν.
1501 1051 1635 1116 νῦν
1690 1048 1766 1117 δὲ
1818 1045 2167 1117 Διόνυσόν
2226 1074 2297 1116 τε
2353 1052 2626 1136 λέγουσι
2686 1057 2768 1121 οἱ

450 1146 801 1238 Ἕλληνες,
886 1145 976 1230 ὥς
1021 1146 1265 1221 αὐτίκα
1318 1148 1691 1239 γενόμενον
1755 1155 1822 1230 ἐς
1873 1147 1993 1220 τὸν
2049 1147 2268 1240 μηρὸν
2321 1153 2760 1243 ἐνερράψατο

466 1249 675 1337 Ζεῦς,
723 1254 835 1321 καὶ
871 1250 1099 1342 ἤνεικε
1128 1255 1194 1335 ἐς
1222 1259 1468 1323 Νῦσαν
1495 1252 1622 1341 τὴν
1664 1248 1837 1343 ὑπὲρ
1872 1253 2225 1342 Αἰγύπτου
2272 1256 2519 1326 ἐοῦσαν
2558 1259 2637 1326 ἐν
2663 1264 2760 1350 τῇ

467 1455 757 1506 admodum
789 1456 856 1506 de
885 1456 1122 1506 Hercule
1148 1456 1420 1521 tradunt),
1451 1455 1548 1507 sed
1650 1474 1841 1508 vocem
1867 1456 2152 1508 molestam
2176 1457 2332 1505 uncis
2358 1456 2757 1509 includendam

467 1525 607 1575 alter
639 1525 731 1574 vix
777 1529 939 1577 natus
977 1526 1180 1592 Nysam
1231 1531 1547 1592 asportatus

467 1596 565 1658 sit,
605 1595 744 1645 alter
764 1612 869 1661 quo
901 1610 961 1645 se
985 1597 1334 1660 converterit,
1375 1597 1549 1647 incer-

465 1671 609 1715 tum:
656 1664 785 1728 inde
834 1665 1111 1717 concludit
1153 1668 1383 1729 Noster,
1439 1681 1548 1716 non

466 1733 722 1786 mortales
756 1735 855 1786 hos
893 1736 1091 1798 fuisse,
1126 1737 1291 1801 quiin
1320 1735 1552 1787 Graecia
1596 1789 1601 1794 U

465 1805 609 1868 nati,
649 1806 949 1871 priscorum
977 1805 1196 1856 deorum
1221 1806 1441 1855 nomina
1467 1819 1552 1854 as-

467 1876 783 1938 sumserint,
833 1876 930 1927 sed
976 1875 1183 1937 „Panis
1218 1891 1284 1926 ac
1318 1873 1554 1938 Dionysi

467 1945 690 1997 uomina
726 1946 898 1996 serius
939 1945 1164 1997 Graecis
1212 1960 1373 2011 quam
1419 1943 1553 1994 alio-

468 2031 584 2065 rum
623 2014 843 2065 deorum
878 2016 1184 2065 innotuisse
1227 2030 1429 2080 eosque
1469 2017 1552 2078 (et

467 2085 604 2134 haec
639 2088 724 2134 est
750 2085 1043 2148 praecipua
1064 2100 1190 2148 pars
1222 2082 1550 2147 sententiae)

469 2169 575 2220 quo
614 2153 842 2218 primum
874 2157 1115 2217 tempore
1144 2155 1312 2203 Panis
1345 2156 1400 2202 et
1424 2154 1553 2202 Dio-

467 2223 616 2286 nysi,
648 2222 865 2272 deorum
887 2223 1296 2288 Aegyptiorum,
1333 2221 1554 2272 nomina

470 2290 636 2343 fando
684 2292 1022 2355 acceperint,
1069 2291 1171 2342 hoc
1218 2293 1286 2341 iis
1334 2291 1553 2341 credere

469 2360 653 2413 natale
691 2365 902 2426 tempus
934 2361 1164 2412 fuisse.⁸
1131 2361 1164 2387 ‘⁸
1232 2361 1379 2411 Sed
1365 2376 1420 2409 ιιι
1448 2359 1552 2410 hac

468 2433 591 2496 ipsa
631 2433 902 2481 sententia
941 2446 1101 2497 quam
1137 2432 1368 2481 maxime
1390 2429 1554 2480 offen-

471 2502 554 2553 dit
575 2517 682 2552 vox
700 2491 922 2564 ἄλλους,
948 2516 1107 2566 quam
1134 2501 1190 2550 in
1211 2491 1391 2556 ἄλλως
1413 2515 1556 2549 com·

468 2576 735 2622 mutatam
757 2571 931 2622 voluit
946 2571 1230 2634 Toupius
1217 2586 1271 2620 m
1291 2568 1554 2620 Larcheri

468 2647 605 2704 not„
650 2657 714 2692 eo
760 2657 951 2692 sensu.
1004 2644 1077 2692 m'l
1121 2642 1220 2692 m'si
1265 2639 1555 2705 (homines,

468 2727 632 2763 meros
651 2711 946 2776 homines):
968 2710 1112 2776 quod
1138 2725 1298 2776 quam
1319 2708 1558 2759 alienum

470 2783 545 2832 sit
566 2782 635 2831 ab
659 2780 762 2830 hoc
790 2781 911 2830 loco
939 2795 1112 2846 aeque
1141 2785 1306 2845 atque
1341 2779 1411 2828 ab
1447 2779 1559 2828 He-

470 2852 695 2902 rodoteo
708 2849 922 2901 dicendi
939 2850 1116 2910 modo,
1144 2849 1387 2915 pluribus
1411 2863 1559 2897 mon-

471 2925 647 2970 strare
682 2919 776 2968 vix
822 2933 985 2983 opus3
1037 2932 1138 2968 nec
1179 2917 1355 2981 magis
1405 2915 1556 2981 quid-

472 3003 633 3054 quam
664 2987 1003 3052 proficimus,
1041 2988 1089 3037 si
1121 3002 1243 3037 cum
1262 2984 1559 3036 Wesselin·

473 3058 563 3122 gio
599 3057 960 3106 rescribamus
1004 3050 1139 3112 τοὺς
1175 3045 1411 3134 ἄλλους,
1459 3062 1558 3106 aut

472 3142 590 3177 cum
612 3125 902 3176 Sebaefero
934 3125 1219 3191 iungamus
1249 3113 1456 3180 ἄλλους
1472 3138 1556 3187 γε·

474 3193 749 3259 νομένονς
775 3185 1010 3259 avoque,
1045 3199 1144 3245 aut
1166 3194 1399 3259 denique
1435 3209 1559 3244 cum

470 3266 589 3316 viro
627 3266 788 3317 docto
825 3267 1037 3316 Batavo
1076 3263 1417 3329 (Bakhuizen
1450 3278 1561 3313 van

474 3336 577 3386 den
603 3336 799 3386 Brink:
833 3336 1034 3386 Variae
1060 3336 1240 3385 Lectt.
1272 3348 1337 3383 ex
1365 3333 1559 3384 histor.

472 3405 668 3472 philos.
719 3405 890 3471 antiq.
930 3404 1112 3486 Lugd.
1146 3405 1346 3455 BataV.
1400 3402 1567 3454 1842.-

473 3491 598 3542 pag.
638 3474 672 3525 3
709 3475 855 3541 not.)
903 3475 1027 3526 voci
1075 3465 1282 3527 ἄλλους
1319 3487 1440 3522 eam
1491 3472 1563 3521 si-

473 3544 874 3611 gnificationem
892 3545 1215 3602 tribuamus,
1235 3541 1411 3592 uthac
1425 3557 1561 3592 voce

472 3614 664 3666 addita
711 3619 940 3680 uterque
986 3613 1119 3665 deus
1154 3612 1459 3677 (Dionysus
1507 3615 1563 3661 et

472 3684 620 3740 Pan)
655 3700 689 3734 a
722 3685 884 3735 tertio
903 3682 1140 3734 Hercule
1170 3680 1560 3744 distinguatur.

473 3752 631 3815 Quod
657 3769 780 3804 cum
802 3754 938 3804 bene
963 3752 1227 3803 sensisset
1251 3750 1314 3800 C.
1338 3751 1404 3800 F.
1425 3751 1564 3812 Her-

475 3837 703 3873 mannus
742 3820 971 3902 (Rhein.
999 3822 1143 3872 Mus.
1179 3819 1250 3869 N.
1286 3820 1351 3870 F.
1392 3819 1465 3870 ΙΙ.
1508 3836 1560 3882 p.

475 3888 628 3953 587),
687 3907 877 3942 vocem
934 3881 1141 3969 αλλορς
1199 3888 1323 3940 eiici
1353 3887 1561 3970 iussit,

476 3960 675 4037 quippe
723 3964 896 4010 ortam
944 3975 1012 4009 ex
1053 3949 1249 4020 ἄνους,
1295 3958 1335 4008 i.
1375 3974 1421 4008 e.
1460 3950 1559 4007 ἆν-

475 4021 785 4109 θρώπους,
822 4028 965 4092 quod
1003 4042 1099 4091 pro
1123 4025 1452 4091 glossemate
1489 4026 1561 4077 ad

474 4089 695 4180 ανὸρας
731 4097 859 4146 olim
895 4096 1230 4160 adscriptum
1254 4095 1425 4147 fuisse
1452 4102 1562 4148 sta-

475 4168 614 4228 tnit;
650 4158 871 4229 ἄνδρας
906 4170 1090 4216 autem
1110 4179 1272 4214 sensu
1304 4167 1561 4216 eminenti

475 4238 566 4289 hic
603 4236 714 4288 dici
749 4252 846 4300 pro
890 4225 1246 4295 ἀνθρώπους
1294 4235 1563 4285 neminem

475 4306 637 4374 fugit.
709 4305 905 4371 Itaque
937 4306 1307 4356 Hermannnm
1343 4309 1564 4355 secutus

1652 1528 1866 1590 censui,
1905 1542 2067 1593 quam
2104 1541 2138 1575 a
2172 1526 2344 1575 totius
2380 1526 2488 1577 loci
2524 1533 2757 1579 senten-

1653 1599 1732 1648 tia
1769 1612 1991 1663 prorsus
2031 1595 2267 1646 alienam
2304 1610 2423 1646 esse
2460 1598 2590 1648 mihi
2625 1614 2755 1663 per-

1653 1668 1831 1718 suasit
1864 1667 1949 1716 vir
1985 1665 2354 1716 doctissimus.

1722 1734 1838 1785 τῶν
1862 1724 2299 1800 προγεγονότων
2325 1731 2506 1800 θεῶν]
2527 1736 2610 1785 De
2640 1735 2755 1786 hac

1652 1806 1919 1856 Herodoti
1958 1804 2434 1869 argumentatione
2456 1806 2535 1854 ita
2564 1812 2755 1856 monet

1654 1875 1959 1941 Schweigh.
1999 1872 2069 1923 ad
2116 1873 2169 1923 h.
2220 1872 2293 1924 l.:
2343 1874 2584 1939 „Negari
2634 1891 2751 1926 non

1654 1950 1866 2010 potest,
1917 1945 2214 2005 Herculem,
2259 1944 2533 2011 Dionysum
2580 1951 2753 2009 atque

1654 2015 1844 2065 Panem
1878 2014 2006 2064 deos
2045 2027 2167 2062 esse
2202 2012 2373 2063 multo
2410 2014 2753 2079 antiquiores

1652 2084 1748 2135 illa
1785 2089 2000 2146 aetate,
2037 2097 2148 2147 qua
2183 2084 2299 2133 nati
2324 2084 2381 2132 in
2405 2083 2642 2135 Graecia
2674 2085 2754 2134 fe-

1652 2157 1846 2204 runtur
1864 2153 1967 2202 viri
1987 2152 2200 2202 illorum
2216 2153 2586 2217 cog-nomines,
2611 2169 2753 2218 quos

1650 2228 1712 2274 ut
1750 2224 1973 2274 deorum
2009 2220 2172 2272 choro
2210 2221 2518 2286 adscriptos
2557 2223 2752 2274 colunt

1657 2293 1878 2344 Graeci:
1912 2291 2159 2356 adeoque
2195 2296 2441 2354 constat,
2493 2308 2613 2344 esse
2648 2293 2751 2344 hos

1654 2361 1826 2414 multo
1863 2360 2214 2412 recentiores.
2303 2362 2421 2411 Iam
2458 2363 2505 2411 si
2552 2363 2752 2428 priscis

1656 2433 1989 2496 temporibus
2046 2430 2164 2480 noti
2224 2431 2463 2481 fuissent
2522 2432 2751 2484 Graecis

1659 2502 1908 2551 Hercules
1943 2499 2143 2564 aliquis
2162 2503 2216 2548 et
2248 2501 2503 2564 Dionysus
2527 2507 2586 2552 et
2616 2503 2749 2564 Pan,

1659 2570 1762 2632 dii,
1810 2571 1903 2636 qui
1941 2570 2083 2619 inter
2121 2569 2361 2620 Graecos
2394 2576 2747 2635 regnassent3

1659 2646 1773 2691 tum
1811 2639 1896 2702 hi,
1952 2639 2046 2704 qui
2092 2638 2192 2688 hos
2242 2640 2374 2690 deos
2411 2655 2477 2689 ex
2513 2640 2751 2691 Graecia

1660 2710 1806 2774 ipsa,
1844 2724 1953 2759 non
1990 2723 2056 2758 ex
2093 2709 2373 2774 Aegypto,
2420 2711 2748 2773 repetendos

1660 2783 1938 2836 statuunt,
1977 2777 2156 2828 dicere
2190 2782 2441 2843 possent,
2482 2780 2750 2831 recentio-

1659 2865 1746 2898 res
1778 2848 1907 2910 hos,
1946 2850 2159 2898 altemm
2193 2849 2488 2906 Herculem,
2534 2852 2750 2900 alterum

1660 2919 1947 2983 Dt'onysum,
1982 2919 2190 2966 alem-unz
2207 2919 2415 2975 Panem,
2445 2919 2751 2983 priscorum

1660 2988 1874 3038 illorum
1931 2987 2152 3035 nomina
2206 2993 2261 3037 et
2305 2988 2538 3038 honores
2590 3004 2750 3039 oecu-

1657 3071 1838 3122 passe.
1912 3056 2082 3120 Atqui
2114 3057 2390 3122 antiquior
2413 3057 2557 3121 apud
2583 3059 2749 3109 Grae·

1659 3142 1752 3177 cos
1801 3127 2074 3186 Hercules,
2129 3140 2292 3190 quam
2340 3126 2748 3193 Amphitryonis

1658 3194 1832 3258 filins,
1879 3194 2077 3244 nemini
2123 3200 2285 3246 notus
2333 3199 2445 3255 est,
2498 3198 2751 3262 Dionysus

1661 3280 1791 3315 vero
1820 3269 1874 3314 et
1894 3264 2027 3326 Pan,
2064 3279 2172 3314 non
2192 3265 2352 3316 modo
2369 3266 2555 3330 prisci,
2581 3266 2749 3317 Grae·

1662 3335 1742 3385 cis
1782 3334 1986 3398 ignoti3
2025 3332 2121 3382 sed
2157 3350 2226 3385 ne
2266 3335 2596 3386 recentiores
2632 3338 2750 3401 qui-

1663 3404 1780 3454 dem
1803 3404 1891 3464 hi,
1927 3417 2065 3468 quos
2091 3404 2294 3465 colunt,
2332 3406 2469 3454 satis
2495 3404 2604 3455 illis
2632 3406 2751 3456 noti

1663 3477 1822 3536 sunt,
1863 3488 1929 3522 ac
1970 3472 2083 3521 fere
2118 3474 2389 3539 peregrini
2432 3473 2570 3538 (nisi
2605 3475 2751 3541 quod

1666 3544 1722 3593 in
1757 3541 1988 3593 Graecia
2035 3542 2151 3590 nati
2198 3543 2487 3609 putantur)
2531 3544 2600 3593 ab
2639 3544 2747 3594 illis

1665 3612 1952 3662 habentur.
2037 3610 2197 3662 Unde
2249 3612 2432 3677 colligi
2490 3628 2589 3678 par
2646 3618 2751 3678 est,

1666 3683 1826 3732 trium
1862 3681 2161 3744 priscorum
2199 3682 2446 3744 deornm,
2496 3683 2750 3745 Herculis,

1665 3752 1880 3815 Dionysi
1912 3755 2076 3813 atque
2114 3752 2269 3802 Panis
2303 3753 2524 3802 nomina
2555 3757 2611 3801 et
2640 3753 2753 3803 cul·

1664 3826 1781 3873 tum
1805 3819 2024 3869 nonnisi
2047 3819 2124 3870 eis
2149 3821 2263 3870 fere
2290 3822 2624 3886 temporibus
2645 3822 2752 3887 pri-

1666 3905 1809 3939 mum
1835 3889 2142 3939 innotuisse
2160 3890 2401 3952 Graecis,
2440 3890 2635 3955 quibus
2656 3908 2753 3942 na·

1661 3963 1749 4009 tos
1783 3959 1843 4008 in
1880 3958 2113 4009 Graecia
2149 3974 2268 4010 esse
2301 3960 2469 4011 hosce
2487 3962 2754 4011 recentio-

1662 4043 1749 4078 res
1791 4030 2019 4078 istorum
2068 4029 2419 4108 cognomines
2472 4034 2711 4080 constat.
2717 4031 2751 4057 “

1734 4085 1811 4154 ὡς
1850 4097 2059 4146 αυτικα
2103 4090 2431 4162 γενόμενον]
2472 4098 2509 4149 i.
2562 4114 2609 4149 e.
2646 4108 2753 4150 sta-

1664 4172 1779 4229 tirn,
1820 4168 2026 4216 simulac
2061 4175 2213 4219 natus
2257 4178 2418 4230 essen
2469 4168 2546 4219 cf.
2588 4168 2635 4231 1,
2684 4167 2753 4220 79

1665 4237 1852 4300 ibique
1888 4240 2029 4286 nott.

1735 4300 1830 4354 καὶ
1866 4295 2054 4368 ἤνεικε
2092 4296 2145 4362 ἐς
2184 4301 2412 4370 Νῦσαν]
2448 4304 2608 4356 Cous.
2645 4305 2755 4356 He·
