3109 5092
331 1536 412 1598 92

419 333 547 393 200

1295 323 1831 386 HERODO'PI

424 506 780 591 συνέλαβε.
851 490 938 587 ἦν
979 496 1107 589 γὰρ
1156 496 1239 587 δὴ
1279 492 1315 567 ὁ
1354 502 1583 588 Κῦρος
1618 485 1812 577 οὗτος
1852 491 2158 585 ἡμίονος·
2230 500 2305 566 ἐκ
2341 495 2470 585 γὰρ
2510 501 2702 567 δυῶν
2718 512 2787 569 47

422 605 547 679 οὐκ
590 601 982 693 ὁμοεθνέων
1023 600 1365 689 ἐγεγόνεε,
1409 597 1655 689 μητρὸς
1692 596 2076 689 ἀμείνονος,
2122 598 2369 689 πατρὸς
2411 601 2485 670 δὲ
2528 596 2694 669 ὑπο-

423 711 799 796 δεεστέρου.
855 700 896 795 ἡ
930 704 1056 795 μὲν
1094 702 1223 794 γὰρ
1262 696 1348 793 ἦν
1377 705 1612 792 Μηδὶς
1650 705 1762 772 καὶ
1799 700 2191 791 Ἀστυάγεος
2228 703 2537 794 θυγάτηρ
2577 708 2700 772 τοῦ

419 813 690 902 Μήδων
728 811 1067 899 βασιλέος,
1114 804 1149 878 ὅ
1180 807 1256 876 δὲ
1284 810 1551 895 Πέρσης
1587 834 1660 875 τε
1701 797 1787 895 ἦν
1814 807 1925 874 καὶ
1964 803 2328 895 ἀρχόμενος
2371 803 2490 877 ὑπ’
2524 809 2696 875 ἑκεί-

419 936 624 987 νοισι·
681 915 793 983 καὶ
837 918 1083 1002 ἔνερθε
1127 907 1260 980 ἐών
1287 926 1458 979 τοῖσι
1489 907 1727 995 ἅπασι,
1761 915 2084 998 δεσποίνῃ
2111 914 2194 998 τῇ
2234 912 2491 980 ἑωυτοῦ
2531 933 2696 980 συν·

421 1017 621 1091 οίόιεε.

716 1021 940 1086 Ταῦτα
983 1013 1108 1102 μὲν
1151 1010 1459 1103 ἡΠυθίη
1498 1009 1909 1101 ὑπεκρίνατο
1948 1028 2120 1081 τοῖσι
2148 1019 2466 1083 Λυδοῖσι·
2522 1018 2591 1082 οἱ
2627 1013 2703 1082 δὲ

420 1121 787 1212 ανήνεικαν
829 1121 896 1197 ἐς
922 1116 1179 1207 Σάρδις
1225 1117 1338 1184 καὶ
1370 1113 1792 1241 ἀπήγγειλαν
1832 1119 1926 1208 τῷ
1950 1122 2244 1209 Κροίσῳ.
2299 1111 2334 1186 ὁ
2383 1116 2459 1186 δὲ
2496 1113 2700 1185 ἀκού-

423 1247 542 1306 σας
593 1225 901 1309 συνέγνω
953 1223 1212 1289 εωυτοῦ
1266 1218 1440 1288 εἶναι
1491 1218 1618 1308 τὴν
1661 1215 2010 1306 ἁμαρτάδα
2050 1219 2163 1287 καὶ
2219 1217 2301 1288 οὐ
2349 1225 2471 1290 τοῦ
2508 1225 2702 1288 θεοῦ.

421 1324 614 1400 Κατὰ
657 1324 783 1414 μὲν
820 1320 904 1411 δὴ
944 1320 1080 1422 miv·
1107 1328 1407 1410 Κροίσου
1451 1350 1524 1391 τε
1567 1319 1782 1410 ἀρχὴν
1823 1323 1935 1391 καὶ
1972 1317 2225 1410 Ἰωνίης
2261 1321 2388 1412 τὴν
2430 1321 2706 1411 πρωτην

427 1422 900 1515 καταστροφὴν
928 1431 1077 1513 ἔσχε
1106 1419 1305 1494 οὕτω.

579 1536 850 1621 Κροίσω
880 1528 955 1596 δὲ
1000 1533 1139 1596 ἔστι
1171 1528 1285 1595 καὶ
1314 1523 1484 1596 αλλα
1515 1523 1919 1615 ἀναθήματα
1959 1528 2034 1594 ἐν
2061 1531 2141 1616 τῇ
2175 1520 2442 1604 Ἑλλαδι
2473 1523 2708 1610 πολλὰ,

428 1636 540 1704 καὶ
570 1629 653 1702 οὐ
699 1629 779 1700 τὰ
818 1631 1136 1721 εἰρημένα
1178 1633 1418 1719 μοῦνα.
1475 1632 1550 1699 ἐν
1591 1629 1718 1718 μὲν
1754 1627 1882 1716 γὰρ
1913 1628 2174 1717 Θήβῃσι
2214 1634 2364 1718 τῇσι
2393 1635 2711 1698 Βοιωτῶν

425 1798 490 1850 δὲ
537 1795 749 1849 τοῦτο
793 1828 864 1836 -
907 1788 987 1845 τὰ
1032 1786 1214 1861 εἷπε),
1254 1810 1415 1862 quam
1448 1796 1519 1847 ad

427 1872 475 1934 1,
492 1869 562 1920 89
598 1869 673 1917 in.
715 1866 1144 1918 observavimus.
1185 1866 1300 1916 Nec
1337 1872 1522 1916 tamen

427 1935 1521 2060 ‘giam‘ffltffiffffuzstfiztffffigssssff

431 2083 542 2139 net,
569 2090 778 2126 comma
806 2073 1008 2123 rectius
1043 2073 1173 2150 poni
1197 2078 1325 2136 post
1359 2064 1522 2139 ἡμιό-

433 2161 566 2207 νου,
606 2141 1042 2209 quandoquidem
1087 2132 1151 2189 τὸ
1199 2141 1524 2191 τελευταῖον

432 2214 695 2278 scriptum
741 2226 862 2261 esse
906 2210 1158 2259 videatur
1201 2225 1297 2274 pro
1358 2201 1390 2260 ὃ
1433 2225 1518 2259 τε·

430 2283 710 2333 λευταίον.
753 2281 818 2330 Ιιι
855 2291 961 2344 quo
991 2278 1304 2342 obloquitur
1322 2281 1522 2331 Struve

434 2355 594 2417 Spec.
635 2351 863 2411 Quaest.
901 2348 1108 2398 Herod.
1149 2348 1196 2398 1.
1234 2364 1288 2412 p.
1328 2351 1413 2412 27,
1453 2349 1523 2399 ad

429 2418 781 2473 Valckenarii
819 2421 1001 2496 partes
1037 2416 1212 2481 magis
1254 2418 1524 2468 inclinans

434 2497 490 2541 et
534 2489 778 2539 dativum
816 2474 860 2553 ᾦ
897 2486 953 2535 ἰιι
999 2483 1074 2551 τῷ
1124 2485 1319 2537 saltem
1369 2487 1525 2537 refin-

431 2560 667 2627 gendum
696 2571 937 2607 monens.
977 2555 1135 2618 Quod
1173 2556 1349 2621 ipsum
1384 2558 1526 2607 fece-

433 2634 560 2681 runt
592 2626 832 2679 Dindorf
862 2630 919 2675 et
937 2625 1182 2688 Dietsch,
1222 2627 1526 2677 scribentes

433 2696 530 2765 τῷ,
570 2702 626 2747 et
655 2697 851 2762 probat
887 2696 1053 2745 etiam
1088 2695 1322 2747 Bredov.
1363 2713 1416 2760 p.
1458 2697 1526 2746 20

436 2784 553 2832 seq.
613 2767 757 2817 hunc
809 2766 988 2816 locum
1045 2766 1360 2815 accuratius
1419 2770 1529 2815 tra-

438 2843 626 2898 ctans,
670 2850 828 2916 quem
866 2849 975 2885 non
1006 2834 1114 2883 nisi
1147 2834 1228 2883 sic
1266 2835 1529 2884 constitu-

438 2912 554 2956 tum
579 2905 871 2981 genuinum
906 2917 1026 2953 esse
1060 2918 1222 2966 posse
1255 2903 1525 2954 declarat:

434 2971 514 3041 τῷ
561 2970 657 3021 καὶ
701 2964 766 3024 τὸ
823 2971 1145 3020 τελευταιον
1188 2985 1528 3035 χρηστηρια-

434 3025 649 3107 ζομένῳ
685 3033 808 3089 εἷπε
844 3036 1056 3102 Λοξίης
1091 3036 1222 3102 περὶ
1261 3035 1523 3122 ἡμιόνου·

438 3106 575 3160 οὐδὲ
609 3106 779 3157 τοῦτο
817 3103 1103 3171 συνέλαβε.
1155 3108 1347 3173 Neque
1386 3111 1526 3159 enim

437 3181 588 3231 locos
619 3178 988 3238 Herodoteos‚
1037 3175 1095 3225 in
1130 3177 1327 3242 quibus
1366 3178 1530 3228 simili

438 3247 599 3300 modo
654 3246 796 3296 idem
859 3246 1123 3309 repetitur
1171 3247 1396 3297 verbum
1457 3248 1527 3308 (1,

440 3319 528 3373 39.
566 3314 828 3377 206.111,
880 3315 947 3366 16
994 3310 1157 3377 etc.,)
1195 3313 1302 3366 huc
1340 3316 1530 3367 referri

437 3403 599 3455 posse
660 3351 956 3437 existi’mat.
1002 3382 1258 3445 Dietsch,
1329 3386 1422 3452 qui
1473 3386 1530 3434 in

438 3456 709 3510 Herodoti
748 3454 987 3505 editione
1019 3454 1169 3518 prius
1212 3421 1336 3504 εἷπε
1372 3455 1529 3505 uncis

438 3527 661 3578 inclusit
684 3530 944 3595 tanquam
968 3525 1298 3588 suspectum,
1316 3524 1386 3574 ad
1404 3523 1532 3574 Val-

441 3596 684 3648 ckenarii
729 3590 1055 3644 sententiam
1103 3594 1366 3644 accedens
1423 3609 1533 3644 non

440 3681 663 3732 prorsus
699 3664 997 3727 improbat,
1044 3662 1189 3726 quod
1234 3663 1442 3714 Herold
1475 3663 1531 3711 in

442 3737 479 3786 S
521 3736 676 3785 ecim.
715 3732 962 3784 emendd.
987 3732 1232 3783 Herodd.
1267 3733 1530 3783 coniecit.

549 3800 612 3852 δὲ
650 3794 714 3852 τὸ
762 3802 1086 3850 τελευταιον
1128 3799 1530 3866 χρηστηριαζο-

442 3871 592 3936 μένῳ
651 3863 712 3918 οἱ
764 3863 889 3919 εἷπε
943 3870 1007 3918 Λ.
1066 3884 1118 3918 κ.
1175 3885 1222 3918 τ.
1284 3869 1362 3931 λ.;
1415 3869 1527 3919 vid.

443 3939 673 3993 Jahrbb.
713 3938 752 3988 f.
789 3937 989 3990 Philol.
1028 3953 1082 3988 ιι.
1110 3938 1351 4004 Paedag.
1381 3940 1530 3990 LXI.

443 4025 497 4076 p
551 4007 673 4059 431.
731 4008 815 4057 Ex
857 4006 1059 4057 Aldina
1094 4005 1330 4057 editores
1375 4009 1530 4057 resti-

443 4080 667 4128 tuerunt
705 4072 999 4140 συνέλαβε,
1049 4079 1112 4124 nt
1157 4075 1262 4124 iam
1311 4077 1531 4141 scripsit

441 4147 586 4197 idem
618 4143 1042 4204 Valckenarius,
1090 4158 1212 4193 cum
1257 4144 1310 4192 in
1364 4146 1531 4195 omni-

445 4217 549 4268 bus
593 4213 749 4262 libris
793 4212 867 4261 sit
913 4208 1196 4276 συνέβαλε,
1231 4212 1373 4277 quod
1421 4214 1530 4263 fru-

445 4291 563 4336 stra
595 4283 738 4332 tueri
773 4281 958 4332 studet
993 4281 1077 4330 vir
1103 4281 1293 4331 doctus
1327 4281 1384 4330 in
1411 4282 1529 4332 The

445 4351 699 4406 classical
725 4351 948 4403 Iournal
971 4351 1009 4404 l.
1033 4367 1156 4400 mox
1189 4351 1227 4402 l.
1265 4352 1378 4401 Nos
1404 4366 1528 4401 cum

1620 1801 1851 1847 recentt.
1873 1795 1996 1845 edd.
2015 1790 2277 1860 συνέλαβε
2291 1794 2536 1846 dedimus
2543 1796 2712 1862 ‚quod

1623 1871 1733 1916 est·
1768 1868 2016 1928 percepit,
2054 1866 2334 1922 intellexit,-
2361 1881 2469 1931 qua
2494 1865 2710 1944 quidem

1624 1934 2027 2016 significatione
2072 1934 2295 1983 verbum
2357 1927 2712 1999 σιμβάλλειν,

1624 1999 2044 2068 σιμβοὶλλεσθαι
2081 2003 2141 2063 (i.
2183 2019 2229 2053 e.
2268 2001 2580 2060 coniectare)
2616 2004 2715 2053 mi-

1624 2073 1769 2123 nime
1826 2072 2071 2122 adhiberi
2126 2076 2322 2122 notant
2378 2073 2483 2122 viri
2544 2074 2712 2123 docti.

1625 2142 1784 2192 Conf.
1827 2157 1991 2206 supra
2027 2142 2071 2204 I,
2106 2141 2175 2192 63
2220 2142 2354 2207 ibiq.
2399 2141 2584 2192 laudd.
2642 2144 2716 2193 Et

1625 2212 1770 2291 quod
1801 2212 2058 2261 continuo
2093 2210 2183 2260 hic
2219 2211 2494 2261 antecedit
2519 2211 2715 2260 συλλα-

1624 2272 1772 2346 βὼν,
1831 2280 1974 2330 idem
2027 2281 2190 2329 credo
2242 2280 2331 2330 hic
2383 2282 2454 2331 ad
2512 2296 2716 2348 veram,

1625 2365 1789 2415 quam
1823 2350 1980 2399 nobis
2009 2349 2223 2399 dedisse
2249 2349 2511 2410 videmur,
2531 2350 2719 2401 lectio-

1626 2435 1748 2468 nem
1788 2419 1985 2469 ducere
2018 2423 2252 2483 poterat.
2304 2449 2369 2457 —-
2419 2419 2503 2469 Ad
2541 2421 2718 2484 ipsum

1626 2488 1734 2538 loci
1790 2493 2169 2552 argumentum
2216 2489 2474 2550 cons.1,
2535 2491 2601 2540 55
2663 2496 2719 2540 et

1629 2573 1771 2622 quae
1832 2557 1907 2606 ibi
1955 2557 2361 2621 adscripsimus.
2423 2557 2718 2609 VVesselin-

1630 2627 1751 2691 gius
1807 2626 1862 2677 h.
1930 2626 1967 2676 l.
2038 2627 2190 2676 addit
2257 2628 2459 2678 Euseb.
2517 2629 2714 2692 Praep.

1627 2698 1842 2759 Evang.
1884 2697 2091 2758 1x,41
2133 2702 2187 2745 et
2237 2697 2313 2759 V,
2364 2697 2451 2748 21.
2503 2697 2717 2762 Apulei.

1627 2764 1860 2844 Apolog.
1898 2781 1952 2829 p.
1991 2764 2114 2815 289.

1701 2824 1731 2883 ὁ
1778 2832 1972 2896 Κῦρος
2029 2820 2100 2882 οὖ
2106 2847 2200 2890 τος
2247 2823 2582 2899 ἡιιιόνος],
2589 2836 2718 2897 D,o-

1631 2908 1752 2953 ctus
1797 2903 1883 2952 vir
1939 2903 1995 2951 in
2033 2902 2148 2952 The
2206 2901 2457 2953 classical
2494 2904 2717 2954 Iournal

1628 2971 1752 3022 Vol.
1804 2973 1882 3022 II.
1926 2988 1980 3036 p.
2043 2973 2144 3023 588
2192 2973 2503 3036 suspicatur
2547 2961 2721 3031 οὗτος

1631 3032 1661 3090 ὁ
1700 3032 1961 3104 ἡμίονος,
2000 3045 2061 3090 ut
2098 3042 2171 3091 sit
2203 3046 2361 3092 mahts
2393 3045 2520 3105 iste,
2559 3058 2721 3106 quem

1632 3111 1908 3159 oraculum
1948 3110 2317 3174 significavit“
2356 3112 2442 3165 Gr
2483 3111 2619 3161 Mihi
2640 3116 2722 3162 ta

1631 3194 1755 3229 men
1791 3179 2021 3229 articulo
2057 3178 2200 3229 haud
2239 3195 2374 3245 opus
2417 3195 2538 3230 esse
2572 3182 2722 3230 vide-

1631 3253 1741 3298 tur.
1780 3249 1910 3298 Mox
1944 3249 2138 3312 scripsi
2176 3245 2247 3297 δι
2253 3246 2335 3297 ὤν
2368 3266 2468 3315 pro
2517 3246 2718 3312 δυοῐνς

1632 3317 1745 3367 vid.
1784 3318 1854 3368 ad
1892 3318 1936 3379 Ι,
1978 3318 2062 3367 14.

1703 3381 1800 3436 καὶ
1848 3380 2049 3449 ἔνερθε
2091 3378 2201 3435 ἐὼν
2242 3387 2391 3435 τοῖσι
2438 3375 2642 3450 απασι]
2682 3388 2721 3439 i.

1636 3473 1682 3507 e.
1719 3472 1825 3506 cum
1861 3457 2078 3518 inferior
2112 3464 2247 3507 esset
2289 3455 2442 3505 rebus
2482 3456 2718 3506 omnibus.

1635 3528 1719 3576 De
1765 3526 1885 3575 loco
1926 3526 2200 3574 invenitur
2254 3519 2484 3588 ἔνερθε,
2532 3526 2723 3575 adiun-

1635 3600 1723 3645 cto
1772 3594 2033 3659 genitive,
2057 3594 2156 3670 ΙΙ,
2213 3594 2288 3644 13.
2341 3594 2442 3654 IV,
2491 3594 2577 3645 65.
2638 3596 2723 3644 De

1636 3665 1823 3714 dativo
1862 3666 2011 3712 τοισι
2048 3652 2225 3712 ἅπασι
2265 3663 2415 3742 confi,
2443 3663 2645 3713 Herod.
2673 3664 2721 3726 Ι,

1637 3735 1662 3784 1
1706 3733 1889 3798 ibique
1922 3736 2062 3783 nott.
2091 3727 2285 3782 -AcL
2312 3721 2415 3779 ὑπ’
2456 3701 2723 3811 ἐκείνοισι

1634 3802 1861 3863 cons.1,
1900 3801 1969 3851 04
2015 3801 2106 3852 fin.
2187 3799 2271 3851 Ad
2307 3816 2469 3850 voces
2518 3795 2614 3849 καὶ
2651 3791 2722 3849 οὗ

1632 3886 1924 3936 earumque
1958 3872 2068 3921 vim
2103 3869 2311 3921 attendi
2356 3870 2506 3920 iubet
2540 3868 2720 3920 Kueh-
2786 3902 2806 3915 .

1632 3957 1730 3991 ner
1759 3940 1851 3990 Gr.
1891 3941 1983 3992 Gr.
2024 3943 2075 4004 §-
2113 3943 2231 3992 744.
2270 3943 2384 3991 not.
2424 3941 2476 3990 2.

1955 4110 2135 4166 mciv
2174 4112 2349 4163 XCII.

1700 4209 1796 4263 καὶ
1833 4228 1902 4262 ου
1940 4205 2009 4262 τὰ
2050 4210 2321 4279 εἰρημένα
2356 4211 2564 4283 μοῦνα]
2591 4216 2721 4281 Spe-

1633 4287 1748 4333 ctat
1785 4284 1986 4333 Noster
2016 4282 2087 4334 ad
2139 4300 2221 4346 ea,
2272 4301 2411 4349 quae
2448 4285 2503 4350 1,
2541 4286 2609 4336 50
2654 4285 2721 4336 de

1632 4353 1820 4404 Croesi
1857 4352 2098 4403 donariis
2135 4321 2417 4404 retulerat.
