3109 5092
1250 337 1508 399 CLIO.
1553 339 1606 397 1.
1650 346 1741 402 56.
2508 340 2624 399 115
2722 360 2734 371 ·

347 514 423 583 δὲ
482 509 875 601 Ἑλληνικὸν
938 519 1160 592 ἔθνος.
1256 511 1368 578 καὶ
1430 506 1506 578 τὸ
1572 509 1696 597 μὲν
1757 511 2022 602 οὐδαμῇ
2087 540 2184 582 κω
2239 509 2626 603 ἐξεχώρησε,

343 715 504 764 detur
532 714 845 764 Hecataeus
870 712 1144 775 Milesius,
1183 713 1276 777 qui
1310 719 1440 764 ante

344 786 587 834 Graecos
630 775 766 847 (πρὸ
800 773 1246 847 τῶνἙλλήνων)
1282 783 1438 834 Ρο10-

341 867 648 917 ponnesum
682 852 963 902 habitasse
1008 851 1203 902 scribit
1246 851 1439 902 barba-

342 937 435 970 ros
475 920 538 983 (i.
563 937 611 971 e.
638 921 953 987 Pelasgos),
992 925 1135 971 teste
1166 921 1438 971 Strabone

342 990 472 1040 VII.
509 1005 564 1054 p.
601 991 723 1041 321.
745 1028 759 1054 ,
808 991 902 1055 qui
934 992 1052 1055 ipse
1086 1006 1273 1041 omnes
1320 991 1436 1041 fere

344 1059 656 1110 consentire
688 1060 881 1110 scribit
909 1059 1000 1122 (V.
1038 1075 1091 1139 p.
1128 1060 1232 1111 ‘220
1267 1059 1434 1125 seq.),

344 1127 612 1194 Pelasgos
650 1144 771 1179 esse
817 1119 1100 1193 „uiolatione
1145 1144 1197 1178 τι
1248 1128 1438 1192 φῦλον

342 1190 489 1245 κατὰ
534 1190 641 1261 τὴν
683 1189 924 1247 Ἑλλάδα
968 1194 1158 1246 πᾶσαν
1198 1188 1439 1262 {puolo}-

344 1267 493 1315 σαν*
530 1281 581 1315 κ.
621 1281 667 1315 τ.
707 1266 752 1316 λ.
826 1266 1049 1332 Pelasgi
1094 1267 1287 1331 igitur,
1342 1267 1433 1332 qui

342 1335 715 1399 antiquissimi
751 1336 1015 1386 Graeciae
1060 1334 1271 1386 incolae
1319 1351 1436 1401 per-

344 1405 626 1466 hibentur,
663 1420 786 1455 cum
821 1405 893 1455 ad
925 1404 1188 1455 barbaros
1225 1405 1294 1454 ab
1321 1406 1431 1454 He·

341 1473 539 1523 rodoto
584 1481 754 1540 aeque
810 1480 995 1539 atque-
1034 1474 1103 1523 ab
1150 1474 1435 1524 Hecataeo

342 1544 680 1607 referantur,
741 1544 779 1592 i.
838 1559 887 1594 0.
947 1543 1018 1592 ad
1073 1557 1166 1592 eas
1224 1549 1434 1608 gentes,

343 1627 487 1676 quae
520 1627 629 1663 non
664 1612 936 1676 Graecae,
985 1612 1083 1662 sed
1118 1614 1437 1678 peregrinae

343 1681 532 1745 stirpis
568 1682 707 1744 sint,
757 1682 1002 1747 profecto
1038 1682 1110 1730 ab
1142 1682 1277 1747 ipsis
1304 1681 1436 1732 Hel-

341 1750 559 1800 lenibus
592 1750 935 1802 discernendi
961 1755 1137 1812 erunt,
1172 1766 1239 1801 ex
1262 1751 1435 1801 orien-

342 1820 416 1869 tis
456 1823 633 1869 terrae
668 1820 981 1885 regionibus
1025 1820 1206 1884 prisco
1253 1819 1436 1870 admo-

344 1889 473 1938 dum
527 1904 666 1938 aevo
734 1889 791 1938 in
847 1892 1123 1953 Europam
1189 1890 1434 1953 adeoque

342 1958 635 2009 Graeciam
685 1958 1039 2024 transgressi,
1103 1959 1221 2008 sive
1274 1957 1434 2008 Arios

344 2027 501 2076 dicas
538 2043 568 2076 e
604 2028 896 2091 superioris
920 2028 1084 2077 Asiae
1116 2028 1276 2077 terris
1313 2043 1435 2091 pro-

344 2097 551 2158 fectos,
599 2101 663 2146 ut
695 2097 891 2147 statuit
936 2097 1168 2147 Kortiim
1217 2096 1433 2146 Griech.

344 2164 545 2216 Gesch.
585 2165 632 2215 1.
664 2181 718 2229 p.
750 2166 784 2216 9
811 2180 947 2231 seq„
986 2166 1102 2215 sive
1133 2165 1434 2216 Phoenices

344 2250 411 2283 ex
462 2235 713 2299 Aegypto
761 2235 949 2299 pulsos
996 2235 1433 2299 Philistaeosque

343 2303 592 2352 homines
627 2304 814 2368 stirpis
851 2304 1160 2367 Semiticae,
1198 2309 1259 2352 ut
1296 2304 1433 2353 Roe-

344 2372 464 2421 thio
499 2370 683 2435 placet
716 2372 936 2436 (Gesch.
978 2372 1031 2422 d.
1066 2371 1283 2423 abendl.
1310 2372 1435 2421 Phi-

343 2440 558 2505 losoph.
594 2440 640 2490 Ι.
678 2457 731 2506 Ρ.
768 2441 839 2493 90
872 2457 1023 2506 seqq.
1063 2446 1205 2491 nott.
1242 2456 1293 2505 p.
1324 2439 1434 2504 84),

344 2512 467 2559 sive
502 2509 767 2575 denique,
815 2510 960 2575 quod
1004 2511 1182 2575 ipsum
1219 2510 1436 2573 quibus·

344 2581 473 2630 dam
508 2577 743 2642 placuit,
789 2580 861 2630 ad
893 2578 1108 2629 Indiam
1144 2593 1315 2642 usque
1354 2593 1433 2626 re-

343 2647 614 2714 grediaris
650 2648 883 2712 indeque
926 2651 1144 2713 repetas
1179 2647 1435 2710 Pelasgo-

344 2733 467 2767 rum
491 2722 706 2781 gentem
733 2716 1257 2781 Indogermanicam.
1296 2716 1433 2765 Boe-

346 2787 464 2836 thio
496 2801 671 2850 nuper
707 2801 963 2836 assensus
997 2791 1084 2835 est
1108 2786 1173 2834 L.
1199 2786 1343 2834 Ross
1379 2784 1433 2832 in

340 2855 490 2919 Allg.
518 2854 905 2905 Monatschrift
931 2854 1084 2905 1853.
1101 2870 1151 2918 p.
1179 2852 1282 2904 278
1308 2851 1432 2903 coll.

326 2923 503 2987 2850.
541 2923 588 2974 Ι.
637 2940 692 2988 Ρ.
733 2925 803 2975 85
836 2923 893 2973 ff.
941 2923 1018 2974 11.
1068 2939 1123 2988 p.
1173 2923 1241 2971 82
1277 2937 1432 2986 seqq.

342 2995 426 3042 De
474 2992 595 3056 ipso
643 2992 995 3057 Pelasgorum
1046 2993 1263 3051 nomine
1310 2996 1434 3055 post

341 3077 439 3121 ea,
506 3076 647 3125 quae
692 3063 869 3112 Kruse
924 3062 959 3111 l.
1011 3060 1049 3111 l.
1104 3059 1244 3124 Lep.
1288 3059 1431 3121 437„

342 3130 562 3195 Hitzig=
633 3130 1027 3196 Urgeschichte
1099 3130 1154 3180 d.
1214 3128 1430 3179 Philist.

342 3215 473 3264 pag.
510 3198 578 3250 38
615 3215 785 3265 seqq„
824 3199 885 3249 C.
910 3200 975 3249 F.
1003 3199 1282 3249 Hermann
1317 3198 1355 3247 l.
1395 3197 1431 3246 l.

341 3273 393 3331 9.
452 3268 489 3318 6
544 3275 661 3318 not.
714 3268 749 3318 9
772 3326 783 3337 ‚
814 3267 1146 3330 attulerunt,
1222 3266 1430 3317 consul.

342 3337 541 3388 Boeth.
606 3336 643 3386 l.
711 3337 746 3386 l.
805 3342 944 3387 nott.
1001 3352 1052 3401 p.
1112 3337 1146 3388 8
1210 3351 1323 3401 seq.
1380 3340 1435 3386 et

340 3422 485 3472 quae
519 3407 825 3470 nuperrime
862 3407 929 3456 de
964 3405 1050 3455 his
1086 3405 1342 3455 disseruit
1377 3406 1430 3456 J.

341 3477 409 3528 G.
426 3490 538 3526 von
551 3475 738 3525 Hahn:
774 3475 1188 3526 Albanensisch.
1204 3475 1435 3525 Studien

339 3563 394 3610 p.
435 3547 543 3596 244
579 3559 695 3608 seq.

411 3608 512 3662 aaz
568 3604 633 3661 τὸ
681 3606 784 3675 μὲν
835 3601 1065 3677 οὐδαμῇ
1107 3626 1187 3659 κω
1238 3602 1433 3676 ἐξεχώ-

342 3680 505 3747 ρησε]
540 3682 697 3731 Haec
734 3680 918 3742 verba,
956 3680 1024 3730 de
1057 3680 1308 3745 Pelasgis
1353 3681 1433 3729 in-

340 3750 675 3815 telligenda,
728 3750 1023 3800 admodum
1080 3753 1434 3800 exercuerunt

344 3823 494 3870 viros
532 3820 745 3882 doctos,
777 3834 897 3870 cum
939 3817 1112 3868 multa
1154 3819 1299 3882 apud
1344 3834 1434 3867 ve·

342 3897 490 3941 teres
510 3888 721 3939 tradita
741 3889 1072 3953 reperiamus
1097 3889 1165 3938 de
1176 3887 1432 3952 Pelasgo-

342 3976 463 4010 rum
483 3957 1041 4023 commigrationibus,
1074 3971 1216 4022 quae
1252 3955 1432 4006 omnia

342 4029 593 4094 proferre
628 4027 877 4093 putidum
913 4031 1017 4076 est.
1075 4027 1257 4076 Unum
1293 4025 1433 4074 exci-

342 4100 479 4150 tabo
518 4097 874 4159 Strabonem,
909 4096 1004 4213 {ui
1043 4094 1307 4159 Pelasgos
1342 4110 1434 4143 vo-

343 4174 434 4219 cat
494 4157 875 4215 πολύπλανον
946 4162 1097 4221 θυνος
1139 4161 1238 4213 καὶ
1296 4155 1434 4228 ταχὺ

344 4228 497 4301 πρὸς
534 4225 876 4290 ἀναστάσεις
911 4234 1098 4299 (XIII.
1136 4249 1187 4298 p.
1228 4233 1350 4283 6⁸21.
1385 4248 1430 4285 s.

342 4307 447 4357 922
508 4306 607 4367 G),
673 4303 970 4366 eademque
1027 4304 1140 4353 fere
1204 4317 1437 4367 pronun-

339 4377 579 4426 tiantem
613 4373 941 4437 Dionysium
985 4371 1166 4422 Halic.
1212 4372 1436 4435 Antiqq.

1540 710 1588 772 1,
1613 710 1713 775 17„
1739 714 1935 777 quibus
1958 712 2112 763 addit
2136 715 2223 764 Cr.
2249 713 2527 764 Eustathii
2553 712 2627 763 lo-

1541 794 1665 829 cum
1705 783 1974 848 insignem
2028 782 2101 832 ad
2154 783 2374 832 Homeri
2423 781 2623 846 Odyss.

1539 849 1690 903 xlx,
1756 869 1807 918 Ρ.
1862 851 1984 915 690,
2040 851 2108 901 30
2154 851 2238 901 ed.
2298 851 2470 901 Basil.
2531 864 2627 900 πε-

1541 914 1835 986 ριώνυμον
1880 915 1944 969 δὲ
1991 912 2053 970 τὸ
2108 918 2222 968 τῶν
2280 910 2474 976 ἁπλῶς
2519 918 2628 968 Πε-

1538 987 1762 1066 λᾳσγῶν
1799 987 1987 1054 φῦλον
2021 984 2116 1038 καὶ
2147 982 2498 1050 ’solvan-5029
2532 979 2630 1036 διὰ

1537 1071 1602 1105 το
1639 1050 2020 1124 πλάνητικόνς
2060 1057 2186 1109 0011.
2233 1058 2509 1122 Fragmm.
2550 1057 2628 1106 hi-

1541 1130 1704 1180 storr.
1741 1144 1793 1195 p.
1836 1129 1922 1178 41.
1966 1127 2119 1188 Quae
2164 1127 2334 1191 igitur
2375 1126 2626 1191 Pelasgis

1538 1200 1790 1250 tribuunt
1825 1197 2044 1259 Strabo,
2085 1195 2201 1257 alii,
2249 1212 2313 1246 ea
2348 1196 2419 1245 ab
2453 1196 2627 1245 Hero-

1540 1264 1672 1319 doto
1731 1266 2051 1319 Hellenibus
2094 1266 2302 1316 tributa
2350 1265 2624 1323 videmus3

1539 1349 1667 1388 nam
1701 1336 1969 1388 Herodoti
1994 1336 2180 1396 verba,
2217 1340 2279 1385 ut
2301 1334 2626 1398 quibusdam

1519 1407 1668 1457 ‚olim
1712 1406 1889 1455 visum
1937 1409 2048 1466 est,
2103 1405 2176 1455 ad
2232 1404 2496 1468 Pelasgos
2547 1417 2628 1452 re-

1539 1470 1697 1538 ferri,
1734 1491 1843 1540 quo
1879 1475 2078 1525 Strabo
2113 1478 2278 1538 atque
2310 1472 2626 1523 Herodotus

1540 1560 1724 1596 secum
1752 1542 2126 1607 concilientur,
2161 1558 2271 1593 non
2307 1542 2492 1592 sinunt
2526 1541 2627 1590 lin-

1539 1629 1684 1679 guae
1715 1614 1884 1679 leges,
1932 1628 2106 1678 neque
2151 1613 2268 1676 ipse
2313 1611 2625 1675 Stephanus

1538 1684 1831 1749 Byzantin.
1903 1697 1947 1731 s.
2009 1698 2062 1731 v.
2129 1672 2357 1742 Δώριον
2414 1696 2466 1745 Ρ.
2524 1677 2629 1729 746

1537 1758 1687 1803 recte
1715 1752 1857 1802 hunc
1888 1750 2068 1800 locum
2103 1748 2394 1813 accipiens.
2447 1749 2628 1809 Quare

1537 1820 1935 1885 Wesselingius
1992 1819 2330 1868 Herodotum
2389 1832 2501 1866 non
2561 1816 2628 1865 de

1537 1891 1796 1940 universa
1840 1887 2211 1952 *Pelasgorum
2262 1885 2487 1935 natione
2537 1884 2627 1933 hic

1536 1958 1690 2024 loqui
1720 1962 1926 2020 censet,
1964 1957 2062 2006 sed
2101 1957 2169 2005 de
2203 1953 2627 2004 Atheniensibus

1536 2033 1771 2089 tantum,
1808 2026 1901 2090 qui
1940 2040 1975 2074 a
2017 2023 2265 2089 Pelasgis
2313 2037 2486 2088 genus
2532 2022 2627 2072 du-

1535 2096 1734 2147 xerint.
1794 2095 1929 2145 Cum
1964 2095 2104 2144 enim
2140 2092 2405 2143 latissime
2439 2095 2627 2156 pateat

1536 2166 1892 2230 Pelasgorum
1928 2178 2079 2228 gens,
2113 2178 2206 2213 eos
2245 2161 2392 2212 solos
2425 2161 2498 2210 ab
2517 2163 2627 2212 He—

1536 2236 1732 2286 rodoto
1779 2233 2188 2283 commemorari
2223 2229 2482 2282 credibile
2521 2235 2623 2290 est,

1535 2305 1630 2368 qui
1666 2303 1739 2353 ad
1772 2302 2012 2353 Atticam
2057 2302 2366 2366 pertineant
2400 2314 2627 2364 eamque

1537 2378 1740 2422 terram
1775 2372 1847 2422 ab
1882 2371 2265 2435 antiquissimo
2302 2385 2441 2419 aevo
2470 2373 2624 2417 tenu-

1537 2443 1716 2507 erint²
1770 2441 1915 2490 uude
1966 2439 2259 2504 indigenae
2305 2438 2422 2487 sive
2469 2442 2626 2487 auto-

1536 2509 1799 2559 chthones
1822 2510 1935 2559 sint
1956 2508 2240 2572 appellati,
2278 2522 2388 2571 qua
2406 2506 2623 2570 quidem

1535 2577 1905 2642 appellatione
1939 2576 2298 2626 Athenienses
2331 2590 2463 2638 prae
2501 2573 2622 2623 reli-

1537 2647 1659 2711 quis
1699 2646 1923 2698 Graecis
1969 2645 2211 2710 insignes
2249 2643 2489 2693 voluisse
2534 2657 2624 2690 ue-

1536 2716 1732 2765 minem
1785 2714 1944 2778 fugit.
2018 2713 2178 2763 Unde
2234 2728 2343 2761 non
2398 2708 2624 2759 multum

1540 2783 1741 2845 differt,
1779 2784 1827 2831 si
1871 2780 2134 2847 Pelasgos
2180 2781 2396 2832 Atticae
2446 2784 2624 2828 terrae

1536 2853 1671 2904 fines
1710 2854 1985 2917 ingressos
2019 2851 2199 2915 prisco
2236 2865 2372 2899 aevo
2411 2852 2465 2897 et
2502 2863 2623 2897 cum

1535 2922 1811 2988 indigenis
1841 2921 1898 2970 in
1921 2935 2086 2970 uuam
2113 2919 2227 2970 fere
2250 2923 2466 2983 gentem
2502 2933 2624 2967 coa-

1535 2991 1705 3041 luisse
1739 2990 1966 3050 dixeris3
1997 3006 2103 3055 quo
2131 2988 2286 3039 ducit
2315 2987 2520 3055 Herod.
2546 2987 2622 3049 11,

1537 3062 1598 3111 51
1642 3059 1767 3111 0011.
1803 3060 1893 3122 (ut
1928 3060 2016 3110 Cr.
2043 3055 2254 3121 monet)
2275 3056 2336 3108 C.
2365 3056 2432 3106 Ο.
2454 3054 2623 3107 Muel-

1534 3130 1633 3179 ler.
1665 3130 1742 3179 ‘in
1795 3129 2119 3180 Orchomen.
2174 3143 2299 3193 pag.
2356 3126 2460 3177 439
2505 3141 2619 3190 seq.

1540 3198 1642 3249 129
1676 3214 1790 3263 seq.
1825 3200 1965 3249 Nam
2006 3203 2156 3248 terra
2189 3196 2376 3247 Attica
2405 3194 2623 3245 commi-

1538 3268 1816 3334 grationes
1851 3267 2150 3318 incolarum
2173 3266 2351 3315 minus
2389 3268 2473 3315 est
2505 3278 2624 3328 per·

1538 3352 1729 3401 pessa,
1777 3342 1922 3387 teste
1965 3335 2288 3399 Thucydide
2326 3334 2381 3394 1,
2431 3334 2463 3381 2
2507 3332 2619 3389 fiu.;

1539 3422 1605 3456 ex
1643 3421 1749 3471 quo
1784 3405 1929 3455 haud
1967 3406 2081 3454 scio
2115 3420 2187 3453 an
2207 3404 2409 3453 Nostro
2443 3404 2622 3464 patro-

1537 3476 1712 3526 cinari
1749 3475 1950 3538 possis‚
1989 3473 2135 3537 apud
2182 3485 2341 3535 quem
2394 3468 2623 3546 eundem

1538 3544 1666 3605 VII,
1699 3543 1816 3593 161.
1852 3541 2211 3592 Athenienses
2245 3538 2500 3589 dicuntur
2523 3551 2623 3597 αρ-

1537 3607 1844 3678 χαιότατον
1877 3603 1981 3672 μὲν
2013 3603 2191 3665 ἔθνος
2224 3596 2621 3670 παρεχόμενοι,

1548 3678 1756 3743 μοῦνοι
1799 3671 1864 3727 δὲ
1916 3667 2102 3733 ἐόντες
2159 3667 2228 3725 οὗ
2282 3664 2623 3738 μετανάσται

1515 3739 1804 3812 ”Ελληνες.
1868 3747 2023 3796 Haec
2046 3744 2327 3796 sufficiant
2362 3742 2431 3792 ad
2452 3742 2623 3791 Hero-

1536 3818 1655 3868 doti
1690 3816 2057 3867 testimonium
2094 3813 2450 3880 probandum,
2476 3809 2622 3875 quod

1536 3903 1659 3938 cum
1695 3900 1916 3951 prorsus
1962 3883 2162 3935 falsum
2202 3881 2483 3948 perhibeat
2516 3880 2621 3933 Go-

1536 3956 1676 4005 dofr.
1719 3954 2064 4005 Hermannus
2107 3954 2165 4004 in
2209 3953 2502 4003 Dissertat.
2555 3947 2622 3996 de

1538 4025 1728 4077 Graec.
1791 4024 2038 4075 Minerva
2105 4022 2284 4088 (Lips.
2344 4018 2506 4084 1837)
2565 4032 2619 4080 Ρ.

1535 4096 1568 4144 4
1608 4110 1760 4159 seqq.
1805 4093 2066 4160 (Opuscc.
2102 4092 2227 4157 VH.
2268 4106 2322 4152 p.
2361 4088 2482 4139 262.
2519 4086 2621 4136 265

1537 4163 1734 4229 seqq.),
1770 4163 2129 4215 Athenienses
2160 4157 2311 4209 nullo
2334 4156 2494 4206 medo
2521 4155 2622 4204 Pe·

1535 4233 1723 4297 lasgos
1778 4233 1950 4283 fuisse
1999 4231 2259 4282 dictitans
2307 4239 2483 4289 neque
2525 4237 2622 4271 un·

1540 4317 1702 4366 quam
1742 4304 1907 4351 etiam
1935 4301 2039 4351 hoc
2070 4297 2472 4364 pronuntiasse,
2491 4291 2620 4339 licet

1540 4372 1835 4421 vetustatis
1884 4385 2018 4420 suae
2074 4366 2278 4429 ubique
2323 4363 2617 4412 iactatores

2115 4442 2204 4504 8*
