3109 5092
1175 352 1424 414 CLIO.
1470 355 1521 415 I.
1571 361 1692 418 175.
2533 357 2657 420 343

1741 362 1859 419 176.

382 531 654 598 Κνίδιοι
689 528 851 615 μέν,
898 531 1107 594 ταῦτα
1143 533 1262 617 τῆς
1287 536 1562 617 Πυθίης
1600 528 1967 619 χρησάσης,
2004 535 2128 599 τοῦ
2166 558 2239 600 τε
2279 528 2658 622 ὀρύγματος

385 630 762 702 ἐπαύσαντο
812 632 927 698 καὶ
974 625 1286 724 Αρπάγω
1301 684 1319 718 ,
1380 632 1636 704 ἐπιόντι
1689 632 1822 703 σὺν
1865 639 1958 727 τῷ
2011 639 2306 728 στρατῷ,
2372 632 2663 725 ἀμαχητί

382 756 596 823 σφεας
627 730 875 813 αὐτοὺς
905 735 1305 822 παρέδοσαν.
1364 727 1575 806 Ησαν
1613 735 1689 806 δὲ
1719 741 2063 825 Πηδασέες
2102 744 2446 820 οἰκοῦντες
2480 734 2792 828 ὖπὲρ175

374 835 903 926 Ἁλικαρνησσοῦ
940 837 1335 925 μεσόγαιαν·
1405 857 1577 910 τοῖσι
1626 867 1799 921 οκως
1835 869 1900 909 τι
1938 844 2167 931 μέλλοι
2209 838 2655 932 ἀνεπιτήδεον

384 947 702 1026 ἔσεσθαι,
746 937 1015 1010 αὐτοῖσί
1052 969 1123 1011 τε
1158 944 1271 1011 καὶ
1299 958 1468 1012 τοῖσι
1507 951 1942 1033 περιοίκοισι,
1983 940 2024 1035 ἡ
2056 950 2265 1034 ίερείη
2300 951 2416 1036 τῆς
2449 943 2652 1034 Ἀθη-

382 1053 577 1134 ναίης
623 1044 918 1132 πώγωνα
955 1047 1172 1134 μέγαν
1213 1056 1403 1133 ἴσχει.
1485 1056 1629 1137 τρίς
1682 1067 1804 1135 σφι
1856 1053 2054 1118 τοῦτο
2103 1051 2386 1136 ἐγένετο.
2469 1038 2657 1119 οὗτοι

381 1155 519 1219 τῶν
546 1150 700 1235 περὶ
734 1155 998 1238 Καρίην
1026 1145 1299 1238 ἀνδρῶν
1326 1155 1579 1238 μοῦνοί
1597 1178 1669 1219 τε
1709 1147 2032 1239 ἀντέσχον
2056 1152 2305 1241 χρόνον
2320 1148 2654 1245 Ἁρπαγω,

380 1254 494 1321 καὶ
536 1250 889 1341 πρήγματα
926 1255 1261 1340 παρέσχον
1310 1262 1622 1338 πλεῖστα,
1674 1244 1874 1345 οὖρος
1912 1261 2351 1342 τειχίσαντες,
2404 1262 2497 1349 τῷ
2533 1253 2650 1326 οὔ·

380 1353 552 1443 νομᾰ
589 1358 724 1424 ἐστι
753 1359 946 1444 Λίδη.
1018 1358 1364 1444 Πηδασέες
1402 1361 1527 1446 μέν
1559 1385 1691 1428 νυν
1725 1356 1943 1449 χρόνω
1981 1359 2443 1449 ἐξαιρέθησαν.
2505 1360 2644 1428 Λύ-
2671 1367 2789 1430 176

376 1486 513 1528 κιοι
548 1458 661 1543 δὲ,
698 1452 789 1538 ὧς
832 1462 898 1538 ἐς
922 1455 998 1527 τὸ
1028 1457 1332 1534 Ξάνθιον
1360 1467 1601 1532 πεδίον
1635 1459 1844 1550 ἤλασε
1869 1456 1906 1530 ὁ
1922 1457 2257 1550 ’Ἅρπαγος
2290 1458 2411 1533 τὸν
2448 1482 2647 1552 στρα-

448 1673 510 1726 se?
537 1666 585 1725 κ’
621 1666 906 1743 ἐβούλετο]
946 1690 1009 1724 κε
1047 1683 1240 1729 contra
1274 1678 1463 1744 vulga-

376 1763 487 1798 rem
526 1762 681 1797 usum
708 1745 797 1795 hic
829 1746 1038 1809 protasi
1068 1748 1312 1798 additum
1347 1750 1461 1800 iure

377 1822 537 1867 notat
568 1814 839 1866 Matthiae
863 1815 957 1867 Gr.
985 1815 1079 1867 Gr.
1107 1816 1157 1879 5.
1185 1818 1303 1870 508.
1342 1824 1458 1870 not.

378 1887 429 1942 1,
468 1885 562 1936 ubi
597 1884 707 1936 vid.
745 1883 913 1935 Plura
955 1885 1096 1936 citat
1130 1887 1457 1939 Schaeferus

374 1958 431 2005 in
466 1955 677 2006 Melett.
713 1954 861 2005 critt.
899 1970 954 2018 p.
983 1955 1072 2006 51.
1143 1957 1284 2010 Add.
1320 1959 1459 2008 Har-

324 2030 533 2090 οἱιιιιςι
572 2024 733 2075 Lehr.
776 2023 830 2074 d.
876 2024 1088 2075 Partik.
1125 2026 1205 2077 11.
1242 2043 1297 2091 p.
1335 2028 1455 2079 220.

376 2094 616 2145 Fritsch.
664 2094 720 2143 in
766 2092 997 2144 Jahrbb.
1057 2094 1097 2143 f.
1156 2096 1354 2148 Philol.
1403 2113 1456 2148 ιι.

374 2165 617 2228 Paedag.
653 2162 841 2228 Suppl.
878 2163 976 2213 IV.
1003 2178 1056 2227 p.
1093 2163 1180 2214 95.
1232 2167 1461 2216 Baeum-

373 2234 512 2284 lein:
542 2234 765 2284 Unters.
809 2232 944 2283 iiber
975 2232 1028 2284 d.
1059 2232 1274 2285 Griech.
1312 2236 1461 2285 Modi

374 2320 427 2369 p.
472 2303 595 2365 136,
636 2303 731 2368 qui
768 2317 954 2352 omnes
985 2301 1217 2353 alterum
1249 2295 1296 2351 κ’
1336 2306 1461 2354 reti-

372 2378 532 2434 nent,
568 2373 840 2437 epicorum
865 2387 931 2421 ex
960 2387 1062 2421 usu
1089 2373 1171 2422 sic
1204 2375 1459 2437 positum.

376 2444 557 2505 Quare
575 2458 684 2492 non
703 2456 857 2505 opus,
883 2443 1029 2506 quod
1054 2441 1266 2506 Steger.
1298 2445 1460 2494 Prae-

372 2513 474 2563 fat.
534 2511 603 2562 ad
662 2510 927 2563 Herodot.
986 2525 1114 2576 pag.
1162 2513 1228 2563 X.
1295 2515 1457 2564 scribi

372 2581 492 2632 vult
527 2578 588 2630 εἶ’
612 2571 665 2644 γ’
706 2571 995 2646 ἐβούλετο,
1033 2597 1356 2646 comparans
1378 2584 1455 2647 II,

370 2651 467 2712 43,
520 2650 666 2716 quod
718 2649 846 2699 inde
893 2664 928 2699 a
972 2650 1226 2703 Bekkero
1272 2669 1457 2704 recen-

373 2721 541 2774 tiores
579 2719 703 2772 edd.
742 2724 1081 2785 receperunt.

697 2911 830 2962 Car.
874 2909 1132 2962 CLXXV.

429 3000 607 3065 Ἠσαν
642 3009 707 3064 δὲ
740 3010 1034 3077 Πηδασέες
1070 3003 1420 3071 οἰκοῦντεςε
1392 3029 1453 3062 υ-

367 3076 501 3147 πὲρ“
500 3080 928 3166 Αλικαρνησσοῦ
954 3074 1281 3146 μεσόγαιαν]
1312 3081 1457 3131 Male

364 3155 533 3219 vulgo
558 3145 1040 3216 Αλικαρνασσοῦ.
1115 3152 1230 3201 Nos
1279 3152 1453 3202 secuti

364 3239 552 3274 sumus
587 3221 972 3274 Gaisfordium.
1037 3220 1192 3271 Oonf.
1216 3225 1359 3271 nott.
1384 3220 1454 3270 sd

366 3295 412 3352 Ι,
463 3294 509 3343 l.
583 3292 667 3342 Ad
702 3295 1079 3356 argumentum
1117 3290 1260 3341 conf.
1290 3290 1451 3353 VIII,

366 3363 487 3424 104,
527 3362 621 3412 ubi
656 3361 825 3422 idem,
875 3358 1020 3424 quod
1057 3359 1346 3423 hocloco,
1385 3358 1452 3409 de

364 3431 651 3482 sacerdote
695 3431 979 3480 Minervae
1022 3434 1304 3489 narratur,
1355 3427 1450 3478 sed

362 3503 441 3553 bis
473 3506 689 3552 tantum
723 3499 871 3549 istud
906 3499 1175 3549 accidisse
1207 3499 1284 3548 ibi
1319 3496 1453 3563 legi-

363 3587 510 3631 mus,
566 3571 623 3620 id
667 3570 812 3634 quod
860 3584 926 3618 ex
967 3567 1071 3618 hoc
1120 3566 1240 3618 loco
1288 3567 1453 3617 corri-

258 3691 261 3694 ,
364 3641 600 3705 gendum
630 3640 842 3690 censuit
872 3637 1179 3689 casaubon.
1204 3636 1277 3687 ad
1302 3637 1452 3688 Stra-

362 3711 490 3762 bon.
536 3709 695 3761 xm.
748 3725 802 3773 p.
866 3707 989 3760 909.
1038 3721 1166 3771 pag.
1215 3706 1313 3757 611
1361 3708 1448 3757 ed.

266 3800 279 3811 ·
363 3780 618 3841 Casaub„
682 3779 776 3843 qui
833 3776 977 3827 idem
1027 3777 1261 3841 scriptor
1314 3776 1449 3826 haec

360 3851 500 3899 citat
532 3847 800 3899 Herodoti
830 3847 1019 3897 verbs..
1200 3880 1215 3895 .

430 3920 580 3967 τοῖσι
635 3930 786 3973 οιιως
837 3932 891 3965 τι
935 3911 1126 3993 μέλλοι
1178 3904 1449 3978 ἀνεπιτή-

360 3985 495 4036 δεον
528 3980 781 4050 ἔσεσθαι]
820 3974 1199 4047 ἀνεπιτήδεον
1231 3984 1450 4034 videtur

359 4055 646 4121 scripsisse
679 4070 777 4119 pro
810 4069 956 4105 more
977 4054 1309 4104 Graecorum
1336 4067 1447 4103 rem

359 4139 582 4193 gravem
636 4116 863 4174 leniori‘
888 4123 1180 4186 designans
1233 4125 1449 4173 nomine

359 4200 526 4259 atque
562 4193 784 4244 mitiori.
849 4192 941 4243 Sic
976 4182 1375 4254 ἀνεπιτήδεον,
1408 4193 1446 4243 i.

358 4281 409 4317 e.
439 4267 780 4329 superamus,
811 4259 1172 4330 incommodum,
1212 4260 1350 4310 dixit
1383 4261 1450 4311 de

356 4337 487 4384 malo
538 4335 692 4396 aravi
734 4318 954 4394 publice
989 4332 1266 4381 invninenti.
1362 4330 1449 4391 In,-

357 4403 446 4454 fra
478 4401 640 4465 VIII,
678 4400 781 4452 104
814 4400 1035 4466 scripsit
1076 4391 1341 4466 χαλεπόν.
1376 4429 1449 4440 -

1562 1670 1797 1730 αὐτοῖσί
1833 1695 1892 1730 τε
1940 1676 2038 1730 καὶ
2083 1682 2230 1730 τοῖσι
2277 1680 2650 1746 περιοίκοισιι

1564 1758 1616 1800 et
1680 1752 1808 1814 ipsis
1878 1749 2344 1815 (Pedasensibus)
2403 1759 2455 1800 ee
2521 1754 2652 1813 ipso-

1561 1835 1669 1868 rum
1704 1821 1922 1876 accolis,·
1967 1819 2092 1869 hinc
2130 1818 2282 1870 nulla
2326 1820 2649 1870 emendandi

1561 1904 1747 1940 causa.

1631 1981 1878 2054 πώγωνα
1912 1988 2087 2054 μέγαν
2113 1987 2278 2055 ἴσχει]
2314 1986 2457 2056 ἴσχει
2484 1985 2648 2058 (ἔχει)

1563 2060 1652 2109 hic
1690 2060 1833 2110 idem
1861 2061 1973 2110 fere
2011 2065 2176 2125 atque
2198 2058 2458 2125 παρέχεις
2490 2077 2649 2124 prae·

1564 2130 1661 2192 bet,
1698 2132 1897 2193 accipit.
1925 2161 1996 2169 —-
2020 2131 2142 2192 „De
2174 2130 2348 2180 barba
2371 2130 2528 2180 huius
2565 2146 2649 2181 sa-

1565 2199 1829 2260 cerdotis,
1881 2215 1989 2265 qua
2033 2215 2119 2249 res
2170 2200 2389 2250 futurae
2432 2205 2648 2264 porten-

1563 2268 1791 2330 dantur,
1837 2268 2079 2333 loquitur
2124 2269 2290 2319 etiam
2325 2269 2648 2320 Aristoteles

1562 2338 1711 2388 Hist.
1761 2338 1994 2388 Animal.
2039 2338 2149 2400 111,
2203 2338 2327 2388 ll.“
2411 2340 2498 2389 Gr.
2567 2341 2646 2389 Ac

1564 2407 1792 2458 similem
1841 2407 2111 2473 quandam
2149 2408 2349 2457 famam
2386 2408 2454 2458 de
2488 2409 2649 2472 virgi-

1562 2478 1648 2526 nis
1682 2482 1908 2527 sanctae
1941 2478 2202 2542 imagine,
2244 2478 2331 2527 cui
2366 2478 2536 2527 barba
2562 2493 2649 2527 ac-

1564 2552 1805 2608 crescat,
1849 2547 1906 2596 in
1941 2547 2063 2597 vico
2104 2546 2340 2611 quodam
2372 2546 2644 2596 'Periclen-

1562 2617 1728 2678 sium,
1783 2617 1876 2681 qui
1933 2620 2163 2665 vocatur
2222 2614 2531 2665 Castelruth
2590 2616 2644 2665 in

1561 2685 1767 2735 ditione
1805 2685 2106 2735 Groedensi
2140 2686 2379 2746 narrari,
2426 2683 2538 2749 legi
2585 2684 2642 2734 in

1560 2753 2017 2819 ephemeridibus,
2051 2754 2247 2821 quibus
2275 2769 2468 2804 nomen
2499 2755 2642 2804 Mor-

1560 2823 1809 2890 genblatt
1847 2822 1998 2874 1834.
2037 2839 2119 2873 nr.
2160 2825 2280 2873 245.
2319 2839 2372 2888 p.
2412 2821 2535 2876 979.

1623 2918 1899 2991 ἀντέσχον
1931 2918 2166 2992 χρόνον]
2203 2918 2417 2993 χρόνον
2452 2932 2535 2977 est
2558 2928 2643 2977 diu

1554 2998 1620 3062 (i.
1670 3012 1719 3047 e.
1766 3012 1859 3062 per
1907 2997 2128 3062 aliquod
2164 2996 2421 3080 tempus),
2469 3002 2531 3047 ut
2572 2997 2641 3060 V,

1554 3068 1644 3116 44.
1716 3067 1893 3131 Supra
1929 3066 1977 3128 Ι,
2021 3066 2117 3118 116
2153 3056 2245 3145 ἐπ)
2279 3081 2510 3131 χρονον,
2548 3065 2640 3116 ubi

1555 3135 1704 3186 conf.
1751 3140 1891 3187 nott.
1965 3136 2074 3187 Sed
2119 3127 2335 3203 χρόνῳ,
2384 3134 2530 3201 quod
2581 3135 2640 3185 in

1554 3205 1662 3255 fine
1686 3221 1808 3270 cap.
1835 3210 2034 3267 exstat,
2062 3211 2170 3256 est·
2209 3206 2427 3256 taudem.
2478 3205 2636 3255 Cous.

1554 3290 1719 3340 supra
1744 3275 1814 3325 ad
1851 3276 1897 3325 Ι.
1927 3275 2014 3327 68.
2039 3276 2127 3326 84.
2183 3277 2289 3326 Ρι·ο
2316 3265 2468 3338 ὅρος,
2494 3274 2639 3339 quod

1555 3360 1740 3394 omnes
1789 3343 1915 3394 libri
1961 3349 2176 3406 tenent,
2236 3359 2357 3393 cum
2406 3348 2634 3393 recentt.

1553 3413 1673 3464 edd.
1709 3413 1838 3464 inde
1878 3413 2182 3464 aBekkero
2215 3411 2409 3476 scripsi
2444 3400 2637 3475 οὖρος,

1552 3483 1697 3547 quod
1736 3482 1880 3532 idem
1915 3481 2098 3547 placet
2131 3481 2398 3532 Bredovio
2423 3497 2476 3544 p.
2512 3479 2632 3530 164.

1551 3582 1624 3591 —-
1654 3552 1739 3601 De
1770 3556 1955 3602 monte
1986 3552 2145 3612 Lide,
2195 3550 2349 3600 cuius
2393 3550 2635 3612 proxime

1551 3621 1755 3671 mentio
1791 3620 1883 3682 fit,
1929 3624 2116 3670 tacent
2162 3619 2454 3683 scriptores
2491 3623 2636 3669 vete·

1552 3705 1664 3752 res,
1704 3689 1796 3755 qui
1826 3689 1896 3739 ad
1924 3703 2023 3739 nos
2048 3692 2427 3754 pervenerunt.
2476 3687 2633 3752 Apud

1549 3775 1714 3810 unum
1759 3758 2131 3810 Ptolemaeum
2174 3759 2250 3820 V,
2300 3757 2332 3808 3
2377 3756 2634 3822 oppidum

1550 3829 1741 3880 Cariae
1775 3828 2006 3878 inveniri
2035 3796 2250 3890 Λύδαι,
2275 3832 2459 3877 monet
2483 3827 2636 3876 Wes-

1548 3898 1838 3963 selingius,
1899 3898 1994 3948 sed
2051 3899 2198 3949 idem
2249 3896 2428 3959 addit,
2485 3896 2635 3947 varie

1549 3969 1716 4086 scrigi
1777 3969 1924 4019 istud
1982 3983 2203 4031 nomen,
2258 3971 2316 4018 et
2361 3967 2517 4032 Οἶμαι
2578 3970 2635 4016 et

1548 4030 1641 4089 Xv'
1681 4053 1759 4088 αι.

1858 4209 1986 4261 Car.
2030 4209 2323 4261 CLXXVI.

1619 4320 1675 4386 ἐς
1711 4320 1775 4378 τὸ
1812 4321 2082 4384 ,Ξάνθιον
2129 4326 2354 4396 πεδίον]
2406 4329 2636 4380 Xanthus

1548 4399 1758 4466 Lyciae
1783 4399 1913 4450 urbs
1937 4399 2173 4450 maxima
2192 4399 2394 4451 dicitur
2424 4414 2458 4450 s
2483 4400 2634 4451 Stra-
