3109 5092
451 299 578 361 Mn

1304 296 1843 359 HERODOTI

357 449 362 456 ι
451 474 577 561 μὲν
604 477 870 562 Κρῶφι,
896 473 990 562 τῷ
1023 469 1100 537 δὲ
1128 474 1367 558 Μῶφι.
1399 468 1515 551 τὰς
1543 461 1643 540 ὧν
1675 469 1759 559 δὴ
1785 465 1999 557 πηγὰς
2028 473 2149 536 τοῦ
2179 475 2460 554 Νείλου,
2493 465 2732 549 ἐούσας

453 694 504 741 2.
549 691 612 742 18
646 706 761 755 seq.
803 687 1049 753 (Recueil
1087 688 1133 737 1.
1170 703 1297 752 pag.
1326 687 1393 740 36
1421 701 1538 751 seq.

452 760 521 811 88
566 759 742 826 seqq.)
788 760 1071 824 ipsumque
1118 757 1279 806 istius
1327 756 1539 806 insulae

453 846 647 880 nomen
693 829 798 878 huc
847 828 1041 888 refert,
1093 828 1138 875 si
1185 825 1426 892 quidem,
1473 830 1537 874 ut

453 899 654 950 dudum
699 896 948 947 voluerat
985 896 1316 957 Bochartus,
1370 894 1536 944 Φίλαι

453 968 735 1020 descendit
748 983 781 1016 a
799 983 933 1018 voce
948 964 1070 1028 Φίλ,
1096 967 1315 1015 adiecta
1326 966 1536 1015 Graeca

452 1039 861 1098 terminatione,
910 1050 1018 1101 qua
1067 1050 1204 1085 voce
1241 1035 1534 1098 Aethiopes

452 1109 653 1173 aliique
689 1107 854 1158 Asiae
889 1103 1072 1170 populi
1124 1104 1431 1167 elephantem
1466 1103 1535 1152 si-

451 1177 735 1243 gnificent3
784 1176 841 1224 in
887 1189 1009 1224 eum
1047 1174 1189 1222 enim
1227 1173 1403 1224 locum
1443 1172 1535 1222 ad-

452 1252 664 1297 vectum
722 1260 842 1294 esse
889 1246 1046 1294 notat
1094 1258 1123 1291 e
1168 1241 1535 1308 superioribus

451 1315 762 1381 regionibus
805 1313 1026 1362 Africae
1070 1312 1228 1372 ebur;
1275 1327 1415 1377 quae
1449 1325 1535 1360 res

451 1387 567 1435 eius
598 1384 832 1434 nominis
870 1397 1038 1431 causa
1075 1381 1330 1443 fuerit*).
1381 1381 1536 1430 Haec

451 1460 506 1504 et
541 1453 650 1504 alia
699 1451 873 1502 multa
907 1450 986 1510 (in
1034 1450 1228 1516 quibus
1276 1455 1336 1500 tu
1384 1464 1534 1514 prae-

451 1525 608 1589 cipue
653 1522 799 1572 conf.
842 1522 1009 1585 Zoeg.
1054 1520 1122 1569 de
1161 1518 1434 1569 Obeliscc.
1477 1534 1533 1583 p.

449 1594 553 1644 286
597 1597 711 1642 not.
764 1596 821 1641 et
860 1590 1086 1640 Coraem
1135 1588 1203 1637 ad
1251 1587 1532 1639 Heliodor.

449 1662 702 1727 Aethiop.
741 1662 815 1711 11.
865 1675 990 1725 pag.
1039 1658 1163 1722 256)
1209 1661 1264 1707 in
1303 1658 1534 1707 medium

448 1730 674 1797 protulit
694 1730 885 1780 Creuz.
909 1729 1263 1792 (Commentt.
1289 1726 1531 1778 Herodd.

448 1817 575 1866 pag.
641 1801 739 1851 175
804 1798 981 1864 seqq.)
1045 1798 1181 1846 haec
1242 1797 1533 1846 adiiciens:

449 1871 662 1934 „Quam
725 1869 990 1918 rationem
1049 1867 1095 1916 si
1169 1865 1534 1931 amplectaris,

448 1940 584 1990 duae
624 1940 828 1989 fuerint
863 1937 1261 2002 Elephantinae
1302 1934 1533 1996 insulae,

448 2008 620 2058 altera
655 2014 846 2073 postea
874 2008 954 2056 sic
993 2021 1202 2071 quoque
1238 2005 1531 2069 appellata,

447 2077 620 2126 altera
653 2077 859 2126 Philae.
934 2078 1014 2125 Ac
1040 2090 1232 2137 reapse
1260 2090 1399 2138 quae
1425 2076 1532 2124 He-

447 2146 669 2196 rodotus
709 2146 782 2206 11,
819 2147 886 2194 28
925 2145 990 2192 de
1018 2144 1227 2192 duobus
1259 2143 1533 2193 montibus

447 2216 660 2279 Syenen
689 2217 830 2262 inter
847 2219 1010 2277 atque
1033 2212 1431 2276 Elephantinen
1453 2229 1535 2261 re-

448 2285 554 2333 fert
591 2286 645 2332 in
681 2282 802 2332 loco
828 2282 894 2332 de
924 2282 1167 2332 fontibus
1192 2281 1329 2340 Nili,
1370 2297 1435 2330 ea
1461 2281 1530 2330 ad

447 2353 635 2403 Philas
680 2353 949 2418 pertinere
984 2351 1284 2400 arbitratur
1328 2351 1533 2400 lomar-

447 2423 566 2473 dus.
644 2422 800 2484 Quod
845 2422 1033 2471 mirum
1071 2421 1142 2469 sit
1177 2420 1233 2467 in
1267 2418 1529 2469 historico

445 2498 560 2542 tam
596 2497 851 2542 accurato
901 2495 957 2540 et
1004 2490 1097 2554 qui
1134 2487 1336 2539 ibidem
1372 2489 1531 2553 profl-

444 2568 626 2613 teatur
664 2560 808 2626 (cap.
844 2559 959 2622 20),
998 2574 1056 2609 se
1101 2561 1275 2623 ipsum
1320 2564 1530 2624 specta-

446 2639 618 2683 torem
653 2630 967 2697 pervenisse
1001 2628 1407 2693 Elephantinen
1443 2645 1529 2678 us-

446 2718 575 2768 que,
632 2702 862 2766 quique,
900 2714 1039 2764 quae
1073 2698 1219 2747 ultra
1259 2698 1368 2748 sita
1404 2704 1529 2747 sunt

444 2771 659 2831 audita,
725 2772 861 2820 satis
918 2774 1176 2818 accurate
1234 2768 1527 2819 describat.

445 2841 675 2900 Contra,
724 2840 770 2888 si
817 2853 981 2889 unam
1027 2838 1397 2887 tantummodo
1435 2852 1528 2887 no-

445 2915 599 2958 verat
628 2907 1025 2971 Elephantinen
1061 2906 1323 2956 historiae
1347 2912 1528 2972 pater:

445 2976 829 3026 celeberrimae
883 2974 1094 3024 insulae
1142 2975 1418 3024 Philarum
1469 2977 1527 3025 in

445 3047 562 3096 eius
598 3045 751 3094 libris
789 3060 889 3094 nec
927 3043 1051 3093 vola
1096 3059 1196 3093 nec
1234 3045 1526 3108 vestigium

445 3120 688 3180 apparet.
764 3114 1009 3178 Utraque
1045 3117 1225 3162 tamen
1260 3128 1347 3162 res
1384 3129 1526 3163 com-

445 3185 600 3234 mode
631 3182 888 3248 explicari
912 3187 1113 3247 potest.
1178 3183 1365 3247 Neque
1382 3183 1521 3231 enim

444 3255 619 3320 magis
657 3255 959 3317 Tentyrae,
1009 3250 1317 3317 Latopolis,
1365 3251 1524 3301 Ombi

442 3324 775 3388 aliarumque
793 3320 1051 3371 nobilium
1071 3321 1282 3370 urbium
1304 3322 1522 3386 templa,

442 3394 652 3460 palatia
684 3392 997 3457 reliquaque
1036 3396 1384 3441 monumenta
1420 3407 1526 3441 me·

443 3469 636 3514 morat.
709 3462 952 3516 Strictim
997 3461 1373 3510 tantummodo
1411 3476 1525 3510 car-

444 3534 523 3596 pit
584 3529 877 3598 superi‘oris
940 3530 1179 3594 Aegypti
1247 3529 1524 3595 reliquias,

440 3602 697 3653 videlicet
747 3602 850 3651 hac
887 3614 1081 3649 caussa
1122 3599 1342 3660 ductus,
1383 3598 1524 3664 quod

443 3677 569 3721 ante
616 3687 734 3722 eum
783 3672 1095 3720 Hecataeus
1145 3668 1391 3718 Milesius
1430 3684 1522 3717 eas

442 3756 565 3790 oras
593 3755 880 3806 earumque
913 3738 1283 3788 memorabilia
1305 3753 1526 3787 accura-

671 3884 908 3892 -————-—

1642 687 1750 736 tius
1793 690 1913 735 erat
1950 691 2265 750 persecutus
2308 684 2406 750 (cf.
2442 686 2637 751 fragm.
2676 703 2730 751 p.

1643 757 1705 806 21
1753 771 1901 820 seqq.
1942 760 1997 804 et
2040 760 2155 804 not.
2200 755 2269 804 ad
2308 756 2513 806 Herod.
2551 756 2625 816 11,
2668 757 2730 806 15

1640 825 1779 889 fin.).
1828 825 2014 888 Neque
2064 825 2233 890 igitur
2278 824 2594 875 doctissimo
2646 825 2731 874 Io-

1640 894 1827 944 mardo
1859 894 2149 955 assentiar,
2186 895 2276 960 qui
2293 893 2428 945 illud
2456 894 2731 945 silentium

1637 963 1765 1013 inde
1803 963 2069 1028 explicat,
2123 964 2266 1028 quod
2312 963 2390 1014 nil
2436 965 2542 1014 nisi
2580 965 2727 1029 ipsas

1638 1033 1855 1083 Thebas
1893 1034 1949 1082 in
1973 1032 2251 1083 Thebaide
2276 1033 2595 1099 cognoverit
2621 1033 2730 1084 He-

1638 1102 1862 1152 rodotus
1901 1103 2200 1167 (Descript.
2234 1103 2301 1153 de
2335 1103 2481 1169 l'Eg.
2517 1103 2565 1153 1.
2602 1118 2725 1165 cap.

1638 1173 1689 1222 5.
1747 1187 1871 1236 pag.
1932 1172 2055 1236 3).“
2112 1173 2265 1222 Haec
2320 1171 2439 1236 ille,
2498 1172 2731 1238 plurima

1639 1241 1706 1291 de
1742 1240 1914 1290 Philia
1950 1240 2129 1290 insula
2167 1242 2391 1306 eiusque
2437 1243 2610 1292 sacris
2649 1241 2729 1290 di-

1639 1318 1894 1375 sputans,
1942 1324 2081 1375 quae
2128 1310 2198 1359 ad
2235 1311 2504 1361 Herodoti
2550 1310 2729 1360 locum
2820 1341 2833 1354 ·

1639 1381 1817 1430 minus
1842 1380 2137 1445 pertinent.
2191 1380 2297 1441 Qui
2317 1380 2545 1430 sinnam
2569 1380 2727 1435 modo

1636 1455 1867 1499 noverat
1893 1448 2311 1513 Elephantinen,
2351 1464 2512 1515 quam
2542 1450 2618 1512 11,
2664 1449 2724 1499 17

1637 1522 2046 1580 commemorat,
2097 1518 2243 1567 haud
2284 1518 2531 1584 equidem
2569 1517 2729 1568 intel-

1637 1587 1774 1653 ligo,
1837 1588 2104 1653 quomodo
2136 1586 2230 1638 ille
2274 1589 2343 1637 ab
2397 1589 2593 1638 erroris
2640 1604 2729 1637 su-

1636 1658 1879 1721 spicione
1914 1656 2135 1707 liberari
2172 1663 2365 1722 queat,
2417 1658 2559 1723 quod
2594 1658 2645 1708 h.
2686 1658 2726 1708 l.

1636 1727 1799 1776 istam
1857 1727 2089 1776 insulam
2146 1743 2265 1776 cum
2312 1727 2486 1778 Philis
2526 1725 2725 1789 insula,

1637 1810 1778 1860 quae
1821 1795 2070 1846 nonnihil
2115 1802 2326 1846 remota
2362 1802 2447 1847 est
2488 1797 2557 1847 ab
2604 1796 2728 1846 Ele-

1636 1865 1895 1929 phantine
1947 1866 2223 1915 meridiem
2268 1882 2487 1929 versus,
2540 1866 2728 1916 confu-

1638 1935 1797 1987 derit.
1882 1935 2021 1985 Nam
2070 1936 2285 1994 Philae,
2346 1941 2408 1985 ut
2470 1935 2723 1986 Salmasii

1635 2009 1760 2053 utar
1795 2005 1978 2054 verbis
2028 2003 2244 2068 (Exere.
2283 2005 2464 2055 Plinn.
2507 2022 2558 2070 p.
2598 2005 2720 2056 310.

1635 2072 1697 2123 31
1716 2074 1780 2138 l),
1795 2090 1959 2137 supra
1983 2076 2335 2123 novissimum
2357 2079 2723 2136 catarracten,

1634 2148 1970 2193 catarractes
2016 2159 2180 2207 supra
2216 2143 2460 2208 Syenen,
2506 2144 2592 2194 cui
2630 2160 2723 2208 op-

1633 2209 1812 2274 posita
1858 2212 2222 2276 Elephantine
2259 2214 2358 2263 sub
2404 2215 2582 2278 ipsum
2635 2229 2724 2262 ca-

1634 2285 1910 2331 tarracten
1947 2283 2057 2330 sita
2077 2288 2187 2345 est,
2228 2297 2393 2345 supra
2415 2298 2571 2347 quem
2601 2282 2723 2332 Phi-

1631 2348 1718 2400 lae
1757 2357 1901 2400 sunt.
1973 2351 2083 2400 Hic
2130 2357 2310 2401 autem
2362 2350 2596 2402 insulam
2642 2353 2722 2400 in-

1636 2419 1988 2484 telligendam
2037 2435 2182 2483 esse,
2232 2436 2369 2486 quae
2414 2437 2579 2485 supra
2632 2436 2721 2470 ca-

1635 2495 1912 2539 tarracten
1948 2489 2056 2539 sita
2096 2495 2207 2552 est,
2248 2504 2348 2539 nec
2378 2490 2524 2540 infra
2549 2490 2718 2550 illum,

1634 2558 1798 2608 dubio
1836 2560 1927 2608 vix
1949 2565 2118 2609 caret.
2189 2558 2357 2609 Plura
2381 2560 2586 2611 Ritter:
2624 2561 2721 2608 Er-

1634 2627 1814 2677 kunde
1848 2629 1891 2679 1.
1932 2644 2057 2694 pag.
2092 2627 2214 2679 680.
2242 2629 2363 2679 681.
2440 2631 2523 2678 De
2550 2628 2720 2679 Philia

1633 2703 1891 2747 accurate
1930 2698 2230 2763 disputavit
2279 2698 2345 2748 G.
2385 2699 2623 2762 Parthey
2662 2700 2719 2746 in

1632 2768 2086 2817 commentatione
2144 2768 2260 2830 „de
2312 2767 2488 2817 Philis
2542 2766 2721 2816 insula

1631 2838 1852 2901 eiusque
1905 2838 2305 2887 monumentis“
2364 2837 2514 2887 edita
2557 2838 2720 2887 Bero-

1631 2904 1730 2955 lini
1774 2906 1923 2956 1830.
1979 2906 2085 2968 Qui
2111 2908 2248 2956 satis
2273 2905 2508 2969 edocuit,
2533 2922 2566 2955 a
2595 2906 2719 2955 Phi-

1627 2974 1696 3024 lis
1733 2975 1947 3040 Syenen
1991 2975 2217 3026 duarum
2257 2974 2507 3026 horarum
2548 2975 2716 3040 (tiens)

1629 3043 1958 3095 Gallicarum
2010 3061 2131 3096 esse
2187 3047 2318 3102 iter,
2379 3061 2518 3110 quae
2574 3060 2715 3093 com-

1628 3114 1785 3164 mode
1821 3115 2031 3164 duabus
2071 3115 2215 3164 boris
2249 3116 2317 3164 ab
2344 3115 2598 3179 expedito
2625 3131 2715 3178 pe-

1629 3183 1742 3232 dite
1785 3182 2170 3247 conficiantur,
2219 3199 2261 3234 s.
2311 3185 2506 3247 30,000
2552 3183 2710 3249 pedd.

1624 3252 1851 3314 Pariss.,
1888 3254 2030 3302 unde
2053 3258 2266 3304 centum
2302 3255 2601 3304 stadiorum
2638 3255 2717 3303 in·

1625 3321 1941 3384 tervallum,
1978 3324 2122 3388 quod
2148 3323 2286 3372 dixit
2313 3323 2513 3374 Strabo
2534 3323 2711 3375 XVII.

1628 3408 1678 3455 p.
1717 3393 1839 3450 818,
1879 3392 1947 3440 ad
1988 3392 2266 3441 dimidium
2304 3392 2417 3443 fere
2456 3408 2714 3442 revocan-

1626 3461 1749 3510 dum
1773 3462 1844 3511 sit
1868 3460 1970 3524 (cf.
2006 3478 2059 3525 p.
2094 3464 2115 3512 l
2157 3477 2270 3526 seq.
2296 3461 2360 3513 81
2385 3461 2578 3528 seqq.).
2617 3463 2717 3511 Ni-

1627 3530 1735 3579 lum
1769 3544 1930 3590 vero,
1973 3532 2061 3594 qni
2092 3531 2219 3580 inde
2257 3547 2290 3579 a
2327 3533 2594 3595 superiori
2624 3547 2713 3581 ca·

1623 3603 1865 3666 tarracta
1888 3599 2048 3648 Wadi
2076 3599 2328 3649 Halfensi
2353 3599 2567 3665 placide
2598 3601 2717 3650 fluit

1624 3684 1795 3733 usque
1846 3667 1914 3718 ad
1963 3668 2178 3728 Philas,
2228 3670 2337 3719 iam
2384 3670 2486 3720 hac
2535 3669 2718 3719 insula

1624 3737 1834 3801 relicta,
1872 3754 1903 3786 a
1936 3743 2085 3788 recta
2124 3739 2232 3801 via,
2260 3754 2419 3803 quam
2446 3745 2714 3803 tenuerat,

541 3981 586 4028 ⁴)
617 3977 944 4031 Etyniologiam
975 3981 1096 4022 vocis
1124 3981 1354 4024 plenarum
1381 3982 1591 4034 disquirit
1620 3980 1811 4034 Partliey
1842 3995 1884 4036 p.
1914 3984 1965 4024 &⁴3
1995 3997 2119 4037 seqq.
2152 3987 2263 4026 bene
2292 3997 2477 4025 monens
2507 3985 2713 4025 Graecam

437 4049 535 4078 esse
568 4050 715 4078 vocem
747 4051 770 4078 a
808 4033 974 4096 φίλος
1008 4040 1177 4080 ductam
1209 4047 1386 4095 propter
1425 4042 1511 4082 loci
1541 4042 1870 4092 amoenitatem,
1911 4057 2022 4095 quae
2061 4051 2233 4096 quanta·
2253 4045 2334 4092 sit,
2372 4044 2487 4084 iden·
2518 4047 2717 4087 ostendit

439 4097 510 4155 yir
539 4095 766 4158 doctusjv.
786 4100 806 4137 ⁴
835 4109 924 4150 seq.
958 4100 1009 4139 60
1027 4111 1150 4162 seqq.
1169 4101 1413 4159 *attulitque
1443 4102 1572 4142 etiam
1602 4113 1759 4143 nomen
1790 4103 1960 4144 insulae
1990 4104 2251 4144 Arabicum:
2281 4106 2711 4158 Anas-et-nodiud.

439 4159 469 4188 ι.
501 4159 542 4188 e.
572 4146 781 4188 hilar-neas
808 4157 1024 4194 naturae:
1052 4153 1140 4191 alia
1167 4151 1337 4192 insulae
1366 4164 1480 4192 nunc
1509 4152 1647 4204 vulgo
1678 4154 1839 4195 tributa
1870 4156 2045 4194 nomina
2075 4160 2313 4195 taceamus:
2353 4154 2397 4194 id
2431 4168 2533 4195 vcro
2563 4161 2713 4196 tent-n-

437 4209 533 4237 mus

590 4209 720 4257 unam
748 4197 970 4258 elephanti
1001 4201 1255 4262 imaginem⁹
1284 4203 1425 4262 adhuc
1455 4204 1498 4242 in
1531 4205 1729 4256 Aegypti
1760 4206 2054 4246 monumentis
2091 4212 2331 4258 repertam,
2369 4207 2491 4246 cerni
2530 4207 2575 4246 iu
2606 4214 2709 4247 ten:-

471 4248 512 4289 lo
541 4228 765 4289 l'hilarum
794 4250 1078 4297 occidentali:
1112 4253 1202 4293 vid.
1237 4254 1345 4296 ibid.
1378 4268 1419 4308 p.
1451 4255 1500 4293 37
1528 4268 1633 4315 περ..
1682 4254 1729 4295 ln
1770 4257 2135 4309 inscriptionibus
2174 4263 2554 4297 monumentorum
2592 4257 2711 4297 insu-

454 4311 505 4339 ae
535 4305 577 4340 et
602 4299 896 4340 adiacentium
924 4299 1094 4341 Nubiae
1121 4309 1206 4342 terr.
1245 4304 1383 4345 lorum
1413 4307 1591 4346 nomina
1624 4306 1795 4348 inetilae
1825 4307 1929 4347 hacc
1959 4309 2145 4362 reperiri
2176 4307 2327 4348 scribit
2348 4306 2590 4348 Russellini
2622 4308 2651 4348 l.
2681 4309 2713 4348 l.

435 4363 479 4403 p.
515 4350 602 4391 17⁰.
661 4347 867 4399 Manlak,
899 4349 1090 4393 Hanueb
1117 4367 1153 4393 s.
1235 4355 1488 4397 annet-oon.
