3109 5092
1156 354 1409 414 OLIO.
1452 355 1504 413 Ι.
1549 365 1639 419 33.
1684 366 1772 419 34.
2513 361 2594 419 77

312 532 583 620 Κροίσῳ
618 523 702 596 οὔ
734 553 869 605 κως
913 521 1070 595 οὔτε
1118 522 1485 616 ἐχαρίζετο,
1537 523 1695 596 οὔτε
1736 526 1942 615 λόγου
1984 556 2102 616 μιν
2147 528 2595 618 ποιησάμενος

311 628 592 710 οὐδενὸς
620 626 1081 718 ἀποπέμπεται
1099 680 1119 715 ,
1154 629 1367 719 κάρτα
1395 628 1591 712 δόξας
1629 627 1895 719 ἀμαθέα
1936 630 2143 716 εἶναι,
2199 628 2270 712 ὃς
2308 631 2389 701 τὰ
2418 658 2590 722 παρ-

316 733 511 804 εόντα
569 730 798 821 ἀγαθὰ
865 734 1084 822 μετεὶς
1136 730 1262 822 τὴν
1328 731 1651 823 τελευτὴν
1711 730 1958 815 παντὸς
2032 734 2360 826 χρήματος
2426 732 2595 829 ὁρᾷν

316 835 609 907 ἐκέλευε.

470 937 668 1010 Μετὰ
699 938 775 1008 δὲ
802 936 1090 1008 Σόλωνα
1115 938 1467 1028 οἰχόμενον
1497 946 1698 1030 ἔλαβε
1734 938 1808 1010 ἐκ
1837 944 2012 1010 θεοῦ
2039 943 2304 1030 νέμεσις
2337 941 2591 1031 μεγάλη
2609 961 2690 1023 34

312 1052 607 1132 Κροῖσον
630 1065 644 1079 ·
712 1038 801 1122 ὥς
842 1040 1133 1128 εἰκάσαι,
1191 1038 1292 1111 ὅτι
1341 1039 1612 1132 ἐνόμισε
1665 1042 1922 1115 ἑωυτὸν
1980 1043 2156 1113 εἶναι
2207 1042 2595 1135 ἀνθρώπων

314 1144 635 1216 ἁπάντων
659 1142 1102 1233 ὀλβιώτατον·
1134 1142 1374 1215 αὐτίκα
1406 1150 1488 1216 δέ
1512 1152 1584 1216 οἰ
1613 1144 1882 1218 εὕδοντι
1921 1142 2162 1235 ἐπέστη
2201 1145 2493 1240 ὄνειρος,
2524 1146 2597 1229 ὅς

312 1255 385 1320 οἱ
415 1248 541 1339 τὴν
570 1246 905 1338 ἀληθείην
944 1254 1184 1336 ἔφαινε
1226 1254 1365 1320 τῶν
1393 1248 1780 1339 μελλόντων
1815 1254 2135 1339 γενέσθαι
2165 1258 2397 1323 κακῶν
2429 1251 2599 1321 κατὰ

318 1417 459 1467 tinet
491 1406 670 1479 κάρτα
706 1407 911 1478 δόξας-ς
957 1431 1132 1482 neque
1168 1416 1411 1468 offendor

318 1485 483 1536 celeri
519 1486 771 1544 subiecti,
810 1485 956 1550 quod
985 1486 1192 1548 dicunt,
1231 1492 1409 1537 trans-

315 1557 430 1619 itu,
471 1555 619 1606 nullo
658 1555 846 1606 addito
875 1557 1215 1620 pronomine,
1266 1555 1409 1622 quod

317 1627 377 1675 in
422 1625 625 1675 talibus
684 1625 892 1687 omitti,
958 1625 1092 1676 satis
1150 1630 1409 1691 poterunt

314 1700 649 1757 monstrare,
699 1710 839 1760 qnae
887 1695 945 1743 in
993 1696 1248 1745 Creuzeri
1295 1696 1408 1746 Me-

311 1765 435 1814 lett.
462 1764 572 1815 111.
600 1781 652 1830 p.
680 1765 749 1815 36
785 1764 975 1825 attuli,
1017 1763 1215 1829 quibua
1240 1780 1405 1814 unum

308 1834 473 1884 modo
509 1833 597 1884 hie
633 1833 831 1884 addam
854 1833 1031 1883 locum
1058 1849 1286 1898 eumque
1322 1835 1405 1883 in-

312 1905 524 1989 signem
561 1919 624 1952 ex
648 1903 795 1954 Plnt.
821 1903 961 1953 Fab.
1000 1904 1149 1953 Max.
1186 1904 1219 1954 3
1252 1903 1404 1954 init.:

309 1970 384 2022 οὗ
430 1964 547 2036 μὴν
595 1967 780 2022 ἔπεισε
825 1964 930 2021 τὸν
977 1970 1055 2020 Φλ
1138 1969 1373 2038 ίνιον(

311 2032 571 2109 Φάβιος),
606 2033 746 2090 ἀλλὰ
776 2033 967 2106 φήσας
992 2031 1046 2105 (ὁ
1058 1962 1406 2108 ἷιλαμίνιοὲ)

309 2142 384 2151 —-
414 2100 533 2160 ἐπέλ
505 2109 665 2160 λευσε
714 2126 767 2160 ιι.
807 2125 855 2159 τ.
892 2110 940 2161 λ.
1011 2111 1203 2176 Neque
1245 2111 1406 2162 aliter

310 2181 454 2231 hune
498 2180 679 2231 locum
724 2179 997 2230 intellexit
1052 2180 1252 2246 Georg.
1298 2181 1402 2232 Iul.

312 2250 439 2300 Eltz
509 2250 569 2300 in
632 2252 855 2312 Quaest.
913 2249 1156 2302 Herodd.
1197 2197 1404 2316 g(Lipu.

315 2318 494 2384 1841.)
545 2336 596 2384 p.
648 2320 707 2371 6:
780 2319 953 2385 „haee
1003 2319 1173 2370 Solon
1219 2321 1406 2371 dicens

312 2405 527 2455 „neque
575 2389 777 2439 Croeso
826 2395 1015 2454 gratus
1065 2394 1183 2440 erat
1232 2396 1287 2441 et
1327 2390 1407 2441 hic

313 2456 648 2523 „(Croesus)
689 2474 812 2509 enm
836 2456 957 2523 (μιν
992 2459 1029 2510 i.
1058 2474 1103 2510 e.
1128 2459 1402 2527 Solonem)

311 2528 501 2591 „nullo
535 2528 659 2579 loeo
696 2543 984 2579 numerans
1019 2544 1053 2578 a
1087 2544 1147 2579 se
1178 2529 1402 2592 dimisit,

308 2604 505 2661 „ratus
540 2599 773 2649 inscium
808 2598 1095 2651 admodum
1121 2614 1270 2662 esse,
1310 2600 1404 2665 qni

310 2668 739 2750 „praesentibnq
794 2668 949 2719 bonis
1006 2669 1405 2733 praetermissis

310 2739 561 2799 „iuberet
595 2739 835 2789 omnium
883 2753 1061 2787 rerum
1089 2739 1292 2789 exitum
1327 2739 1406 2787 in·

310 2808 551 2872 „epicist‘
643 2807 751 2869 Qui
804 2822 929 2858 oum
986 2808 1165 2858 verbis
1227 2805 1406 2857 ταῦτα

308 2842 489 2941 λέγων
563 2866 841 2941 ἐχαρίζετο
913 2878 1125 2928 confert
1180 2878 1403 2927 Homer.

311 2945 517 3011 Odyse.
555 2945 601 3009 1,
640 2944 737 3008 60·
776 2946 844 2997 de
870 2947 1023 2996 verbi
1047 2947 1209 2997 medii
1237 2936 1405 3009 (ἄπο-

308 3011 593 3079 πέμπεται
639 3045 711 3055 -
754 3031 789 3066 a
834 3031 892 3067 se
940 3017 1153 3080 dimittit)
1202 3014 1406 3080 signifi-

310 3086 532 3135 catione
578 3083 767 3136 laudat
818 3086 1025 3136 Herod.
1066 3086 1184 3148 111,
1225 3086 1295 3136 50
1340 3100 1405 3135 ae

312 3154 380 3204 de
417 3154 587 3204 simili
613 3154 914 3205 mutatione
940 3155 1172 3206 subiecti
1193 3155 1401 3205 Herod.

306 3223 483 3287 VIII,
554 3222 670 3274 132.
750 3223 991 3275 Dindorf
1052 3228 1109 3275 et
1174 3224 1406 3275 Dietseh

308 3293 463 3357 prius
498 3283 632 3341 οὔτε
668 3294 971 3373 eiecerunt,
1007 3292 1236 3344 alterum
1271 3306 1406 3343 ουτε

306 3367 714 3413 commutarunt
746 3364 802 3412 in
838 3378 869 3413 o
904 3358 996 3427 δὲ,
1047 3365 1192 3429 qnod
1228 3364 1403 3427 ipsum

308 3432 522 3482 Herold
558 3431 615 3481 in
650 3422 748 3482 ἅτε
782 3424 848 3482 δὲ
881 3434 1081 3482 mutari
1117 3432 1263 3494 vult,
1302 3433 1401 3482 im-

308 3502 579 3565 probante
635 3500 883 3553 Dietsoh.
939 3502 1024 3551 in:
1077 3501 1307 3554 Jahrbb.
1358 3502 1399 3554 f.

308 3570 509 3621 Philol.
545 3587 599 3621 ιι.
632 3571 860 3636 Paedag
1183 3572 1305 3624 431.

376 3632 559 3721 κάρτα
592 3631 771 3719 δόξας
788 3586 1022 3704 ἀμαθέα
915 3572 1228 3705 megum]
1265 3640 1397 3691 Vul-

308 3724 375 3772 go
417 3700 681 3774 αμαθὴς,
731 3710 1001 3775 probante
1040 3710 1218 3761 Gaias.
1237 3746 1250 3771 ,
1305 3710 1399 3775 qui

309 3778 587 3829 Sanerofti
623 3779 743 3830 eod.
792 3779 1178 3830 auctoritatem
1222 3780 1398 3843 eequi-

309 3851 412 3898 tnr.
498 3847 716 3913 Reliqui
761 3848 885 3899 libri
930 3839 1193 3912 ἀμαθέα,
1256 3848 1399 3913 qnod

311 3930 427 3966 eum
464 3932 571 3968 ree.
624 3917 746 3968 edd.
802 3918 1147 3968 retinendum
1191 3918 1398 3968 censui.

310 3984 427 4036 Erit
490 3988 632 4037 enim
693 3978 872 4047 δόξας
930 3987 1269 4039 referendum
1330 3987 1401 4036 ad

314 4054 572 4131 Croesum,
634 4055 705 4105 ad
750 4071 906 4121 quem
967 4058 1130 4108 etiam
1186 4060 1402 4122 spectat

311 4094 736 4189 ἀποπέμπεται,
793 4125 895 4176 boe
939 4126 1053 4177 fere
1101 4141 1290 4176 sensu·
1350 4133 1406 4175 ut

313 4195 394 4254 qui
424 4192 715 4260 (Croesus)
757 4195 1001 4258 putabat,
1056 4196 1208 4246 valde
1250 4200 1401 4259 impe-

312 4264 453 4313 ritum
486 4280 601 4316 eece
635 4264 822 4329 (eum),
859 4268 947 4332 qui
980 4270 1085 4316 ete.
1143 4266 1229 4316 Cf.
1259 4266 1402 4315 Mat-

313 4330 599 4385 thiaeGr.
653 4334 746 4386 Gr.
797 4338 849 4399 ξ.
898 4334 1030 4396 480,
1088 4350 1140 4385 e.
1196 4335 1398 4388 not..l

315 4412 366 4461 p.
402 4402 525 4453 898.
585 4403 824 4455 BredoV.
863 4419 917 4469 p.
958 4372 1046 4457 25’.

1848 1418 1981 1471 Cu.
2016 1420 2269 1473 XXXIV.

1582 1516 1739 1589 ἔλαβε
1796 1512 1946 1573 ἐκθ
1898 1520 2077 1573 θεοῦ
2121 1521 2344 1589 νέμεσις
2387 1516 2597 1590 μεγάλη

1510 1589 1786 1668 Κροῖσον]
1826 1582 1885 1641 ἐκ
1918 1590 2066 1642 θεοῦ
2103 1594 2294 1660 optimi
2330 1594 2483 1656 libri3
2538 1587 2599 1644 ἐκ

1510 1656 1669 1708 θεῶν
1716 1661 1809 1710 alii
1855 1663 2030 1712 minus
2075 1664 2230 1714 bene.
2269 1695 2339 1704 —
2387 1632 2598 1730 λαμβά-

1510 1743 1631 1778 νειν
1669 1729 1734 1779 de
1772 1731 1887 1781 fato
1924 1732 2062 1789 dici..
2101 1749 2206 1797 qno
2240 1734 2362 1798 quie
2401 1733 2600 1797 abripi-

1508 1803 1627 1861 tur,
1677 1805 1861 1849 monet
1898 1802 1993 1856 Cr
2041 1801 2098 1849 in
2133 1803 2379 1866 Dionyso
2411 1819 2464 1867 p.
2510 1802 2595 1852 76.

1509 1868 1848 1919 Sententiam
1883 1870 2058 1935 ipsam
2088 1886 2154 1920 ea
2189 1872 2326 1921 satis
2362 1871 2599 1921 illustra-

1506 1938 1673 1999 bunt,
1724 1954 1864 2003 quae
1912 1955 2077 2005 supra
2122 1940 2192 1990 ad
2238 1940 2295 2003 1,
2338 1939 2406 1992 32
2451 1941 2600 1990 dieta

1508 2012 1665 2067 snnt3
1738 2008 1834 2060 Cr.
1914 2024 2036 2058 oum
2099 2008 2247 2059 hisce
2318 2015 2600 2077 comparat

1506 2077 1732 2126 Homeri
1787 2077 1954 2129 verba
2008 2078 2066 2128 in
2126 2079 2324 2146 Odyss.
2383 2081 2597 2144 XVIII,

1507 2144 1805 2200 130—157.

1580 2224 1657 2291 ὥς
1692 2225 1935 2299 είκασαι]
1990 2234 2027 2285 i.
2068 2251 2113 2286 e.
2160 2243 2214 2286 ue
2255 2237 2503 2288 conficere
2536 2238 2596 2288 li

1509 2311 1621 2361 cet‚·
1658 2304 1729 2356 ef.
1767 2303 1954 2370 Vigor.
1989 2321 2044 2371 p.
2082 2305 2203 2358 206.
2240 2307 2361 2358 744.

1577 2404 1666 2439 οτι
1695 2380 1926 2472 ἐνοῖμισε
1950 2381 2166 2442 ἑωυτὸν
2194 2384 2344 2442 εἶναι
2364 2382 2522 2456 ἀνθρ
2525 2383 2596 2440 ω’-

1507 2473 1635 2508 πων
1682 2474 1954 2510 απαντων
2007 2452 2373 2528 ὀλβιωτατον]
2420 2462 2596 2511 Acen-

1506 2529 1686 2578 sativo
1721 2530 1778 2579 in
1813 2529 1898 2579 his
1945 2531 2142 2593 utitur,
2181 2546 2322 2595 qnae
2355 2531 2596 2579 nomina-

1503 2598 1678 2648 tivum
1714 2614 1780 2648 ex
1812 2598 1932 2663 lege
1970 2600 2220 2665 flagitare
2252 2599 2594 2649 videbantur.

1508 2667 1618 2718 Sed
1652 2668 1764 2717 vid.
1803 2668 2010 2720 Herod.
2050 2669 2096 2731 1,
2139 2670 2256 2719 171.
2294 2668 2370 2729 11,
2408 2670 2459 2718 2.
2496 2668 2593 2729 IV,

1505 2738 1576 2788 94
1612 2741 1669 2786 et
1701 2737 1971 2788 Kuehner.
2009 2738 2101 2788 Gr.
2141 2738 2234 2788 Gr.
2270 2737 2319 2799 ἃ.
2359 2737 2481 2799 646,
2524 2737 2593 2798 1.,

1505 2806 1600 2870 qui
1630 2807 1774 2857 idem
1801 2806 1849 2869 9.
1876 2806 1980 2857 614
2014 2808 2177 2856 etiam
2201 2806 2418 2872 attigit,
2455 2821 2596 2884 quae

1505 2875 1665 2926 initio
1719 2876 1915 2956 eapitis
1961 2875 2242 2959 leguntur:
2294 2869 2434 2940 μετὰ
2482 2866 2595 2924 Σό-

1504 2944 1660 2995 λωνα
1706 2938 2035 3011 οἰχόμενον,
2088 2947 2123 2997 i.
2162 2962 2208 2996 e.
2240 2951 2364 3011 post
2395 2944 2596 2996 Solonis

1501 3015 1792 3067 discessum.

1576 3076 1782 3135 αὐτίκα
1846 3081 1914 3134 δέ
1980 3078 2041 3134 οῖ
2102 3071 2332 3134 εὕδοντι
2390 3074 2592 3148 ἐπέστη

1503 3143 1796 3222 ὄνειρος]
1779 3171 1818 3205 ι.
1855 3170 1902 3205 e.
1940 3159 2149 3219 „statim
2181 3169 2303 3205 vero
2335 3154 2599 3205 dormienti

1502 3226 1579 3274 illi
1619 3225 1879 3276 adstitit
1936 3225 2009 3291 (e.
2056 3222 2295 3275 oblatum
2355 3226 2462 3288 est)
2512 3239 2593 3273 εο-

1500 3298 1693 3347 mnimn.
1703 3294 1738 3321 “
1810 3294 2135 3345 Notavimus
2195 3298 2414 3376 propter
2471 3308 2592 3343 ver-

1505 3362 1634 3414 bum
1662 3354 1977 3427 ἐφιστάναι,
2009 3362 2154 3429 quod
2179 3364 2267 3413 hic
2304 3363 2361 3412 in
2384 3363 2590 3413 aoristo

1504 3434 1743 3484 seeundo
1779 3433 2019 3484 occurrit
2039 3433 2328 3496 adparendi
2350 3431 2588 3491 notione,

1505 3502 1672 3552 dandi
1707 3517 1840 3552 caen
1876 3501 2161 3561 adinnetO,
2201 3505 2341 3550 teste
2368 3498 2592 3549 Locella

1504 3571 1575 3621 ad
1623 3570 1970 3635 Xenophont.
2017 3570 2216 3633 EpheS.
2268 3585 2323 3633 p.
2362 3569 2462 3618 170
2509 3569 2587 3632 (p.

1500 3641 1606 3692 226
1643 3641 1726 3689 ed.
1765 3635 2157 3719 Peerlkamp).
2232 3638 2317 3688 Of.
2361 3637 2507 3686 infra
2543 3636 2589 3697 Ι,

1501 3708 1571 3761 38
1600 3710 1722 3759 init.
1754 3700 2043 3772 ἀληθείην
2077 3713 2131 3757 et
2166 3707 2220 3759 h.
2260 3708 2296 3757 1.
2346 3711 2402 3757 et
2439 3707 2484 3769 Ι,
2521 3673 2591 3756 46

1503 3795 1534 3829 e
1551 3777 1868 3828 Florentino
1895 3777 2172 3858 alteroque
2189 3777 2443 3828 Parisino
2467 3775 2587 3827 eod.

1503 3848 1700 3911 scripsi
1765 3863 1863 3912 pro
1921 3837 2246 3912 ἄληθηΐην,
2324 3847 2590 3912 probante

1503 3932 1720 3983 qnoque
1763 3916 1994 3967 Bredov.
2053 3933 2106 3981 p.
2158 3916 2427 3968 127.185
2471 3933 2589 3999 seq.

1503 3985 1744 4037 Dindorf
1784 3990 1838 4036 et
1873 3987 2100 4037 Dieteeh
2147 3986 2412 4037 dederunt
2455 3977 2590 4051 ἄλη-

1503 4053 1706 4117 θειαν,
1744 4057 1887 4120 quod
1922 4057 1979 4106 in
2012 4056 2158 4106 nullo
2195 4055 2396 4120 leg-itur
2428 4054 2586 4105 libro.

1505 4125 1591 4175 Cf.
1626 4126 1789 4176 etiam
1822 4125 2135 4189 1,116.,‚11
2165 4125 2280 4176 106.
2352 4126 2482 4174 Mox
2518 4123 2590 4173 ad

1502 4196 1670 4246 verba
1714 4192 1829 4244 τῶν
1881 4163 2197 4259 μελλόντων
2244 4189 2588 4258 γενέσθαι

1503 4265 1572 4315 de
1610 4264 1803 4317 aoristi
1832 4262 2105 4314 infinitivo
2139 4262 2332 4313 laudat
2368 4262 2462 4312 Gr.
2500 4263 2590 4311 Fi-

1502 4334 1679 4387 scher.
1729 4334 1801 4383 ad
1843 4332 2065 4385 Weller.
2113 4333 2236 4395 111,
2286 4332 2341 4385 b.
2393 4346 2448 4395 p.
2501 4330 2585 4381 19.

1505 4402 1659 4465 Quae
1696 4402 1940 4467 nequitur
1971 4401 2216 4452 narratio
2234 4435 2249 4465 ,
2286 4414 2404 4451 eam
2440 4398 2587 4449 haud
