3109 5092
496 354 620 417 302
1360 357 1897 421 HERODOTI

498 537 788 621 Καείρας
819 536 1052 620 ἔσχον,
1100 536 1241 602 τῶν
1290 531 1674 621 ἐφόνευσαν
1719 527 1877 611 τούς
1921 532 2177 618 γονέας.
2257 528 2369 601 διὰ
2404 534 2646 599 τοῦτον
2694 528 2772 599 δὲ

494 634 616 705 τὸν
664 632 879 724 φόνον
922 639 999 704 αἱ
1036 651 1353 722 γυναῖκες
1397 625 1630 720 αὗται,
1681 634 1892 723 νόμον
1931 637 2216 724 θέμεναι
2234 685 2253 719 ,
2293 640 2486 723 σφίσι
2530 630 2771 724 αὐτῇσι

496 736 739 827 ὅρκους
786 736 1127 826 ἐπήλασαν
1169 739 1280 807 καὶ
1326 743 1709 829 παρέδοσαν
1775 742 1925 829 τῇσι
1983 737 2396 825 θυγατράσι,
2461 735 2551 826 μή
2614 739 2768 805 κοτε

498 837 890 931 ὁμοσιτῆσαι
934 856 1106 911 τοῖσι
1139 838 1424 931 ἀνδράσι
1442 894 1461 928 ,
1518 841 1690 929 μηδὲ
1737 838 2058 930 οὐνόματι
2091 846 2305 929 βῶσαι
2351 838 2469 910 τὸν
2517 842 2770 927 ἑωυτῆς

498 941 747 1033 ἄνδρα,
787 950 987 1015 τοῦδε
1027 950 1291 1030 εἵνεκα,
1331 944 1432 1016 ὅτι
1463 943 1848 1033 ἐφόνευσαν
1886 946 2117 1032 σφέων
2155 941 2309 1024 τούς
2345 946 2630 1033 πατέρας
2656 942 2768 1011 καὶ

499 1044 751 1137 ἄνδρας
791 1049 904 1117 καὶ
954 1053 1232 1133 παῖδας,
1280 1051 1392 1119 καὶ
1433 1055 1732 1135 ἔπειτεν,
1787 1051 1996 1116 ταῦτα
2044 1046 2474 1135 ποιήσαντες,
2522 1043 2765 1136 αὐτῇσι

367 1154 480 1213 147
499 1158 873 1221 συνοίκεον.
954 1156 1165 1220 ταῦτα
1203 1150 1280 1220 δὲ
1331 1144 1416 1242 ἦν
1452 1150 1777 1241 γινόμενα
1818 1153 1894 1220 ἐν
1934 1148 2239 1243 Μιλήτῳ.
2327 1152 2651 1229 Βασιλέας
2692 1148 2767 1216 δὲ

498 1252 860 1343 ἐστήσαντο
902 1258 972 1322 οἰ
1008 1254 1133 1342 μὲν
1165 1250 1393 1324 αὐτῶν
1420 1263 1756 1339 Λυκίους,
1797 1249 1928 1323 ἀπὸ
1967 1252 2280 1322 Γλαύκου
2306 1258 2426 1323 τοῦ
2462 1248 2763 1322 Ἱππολό-

498 1385 621 1446 χου
669 1355 1059 1444 γεγονότας,
1115 1360 1186 1426 οἱ
1224 1356 1301 1426 δὲ
1354 1357 1731 1437 Καύκωνας
1773 1361 2109 1439 Πυλίους,
2149 1352 2280 1425 ἀπὸ
2327 1355 2600 1445 Κόδρου
2647 1358 2769 1423 τοῦ

500 1459 913 1530 Μελάνθου·
973 1463 1044 1528 οἱ
1066 1458 1142 1528 δὲ
1182 1460 1293 1529 καὶ
1320 1462 1891 1550 συναμφοτέρους.
1967 1455 2137 1527 ἀλλὰ
2176 1456 2304 1549 γὰρ
2347 1461 2765 1548 περιέχονται

497 1568 619 1656 τού
655 1560 1024 1652 οὐνόματος
1058 1561 1314 1652 μᾶλλόν
1347 1591 1408 1633 τι
1450 1570 1588 1634 τῶν
1623 1560 1849 1632 ἄλλων
1869 1558 2134 1631 Ἰώνων.
2208 1567 2510 1632 ἔστωσαν
2547 1560 2623 1631 δὲ
2652 1561 2763 1628 καὶ

498 1672 569 1737 οἱ
592 1670 912 1758 καθαρῶς
945 1666 1296 1754 γεγονότες
1320 1665 1584 1748 Ἴωνες·
1630 1667 1759 1735 εἰσὶ
1797 1664 1873 1734 δὲ
1909 1660 2429 1750 πάντεςἼωνες,
2477 1660 2620 1734 ὅσοι
2654 1658 2762 1732 ἀπ’

490 1767 805 1861 Ἀθηνῶν
846 1769 1164 1858 γεγόνασι
1207 1772 1319 1840 καὶ
1352 1768 1757 1859 Ἀπατούρια
1801 1765 2043 1856 ἄγουσι
2092 1762 2316 1857 ὁρτήν.
2416 1764 2651 1855 ἄγουσι
2693 1765 2767 1834 δὲ

1756 1959 1895 2017 ἀλλὰ
1926 1958 2033 2031 γὰρ
2070 1963 2426 2030 περιέχονται
2460 1961 2564 2014 τοῦ
2600 1951 2771 2013 οὐνό-

498 1970 880 2034 condiderunt,
939 1970 1215 2035 Miletum,
1281 1973 1584 2038 Myuntem‚
2438 2024 2463 2045 ν
2653 2025 2668 2046 ,
2729 2024 2742 2041 Ι

1685 2052 1863 2102 ματος
1906 2034 2119 2100 μᾶλλον
2169 2051 2223 2084 τι
2267 2032 2382 2084 τῶν
2424 2033 2609 2084 αλλων
2665 2037 2770 2083 Ιω-

495 2041 757 2103 Prienen,
794 2045 857 2090 ut
890 2041 1005 2106 ipse
1035 2042 1236 2093 Noster
1273 2046 1465 2093 auctor
1500 2046 1588 2093 est

497 2109 544 2171 Ι,
586 2108 702 2161 142.

565 2166 776 2240 ὅρκους
809 2168 1115 2242 ἐπήλασαν]
1169 2180 1203 2228 i.
1244 2194 1291 2228 e.
1330 2181 1584 2229 iusiuran-

500 2246 613 2295 dum
647 2246 747 2297 sibi
789 2247 1123 2297 adduxerunt
1167 2263 1213 2298 s.
1260 2250 1585 2298 iureiurando

499 2331 557 2365 se
586 2315 983 2366 obstrinxerunt.
1022 2316 1150 2368 Vid.
1174 2317 1272 2378 VI,
1296 2317 1382 2368 62.
1409 2347 1481 2357 —
1515 2318 1584 2368 In

502 2399 657 2449 seqq.
693 2384 759 2434 de
805 2384 981 2434 forma
1017 2382 1195 2452 βῶσαι
1242 2385 1386 2437 conf.
1430 2386 1500 2436 ad
1536 2387 1583 2449 Ι,

505 2454 569 2503 10
600 2455 774 2518 dicta.
810 2483 883 2493 —-
938 2455 1002 2504 ln
1050 2455 1153 2506 fine
1200 2457 1321 2520 cap'.
1370 2456 1586 2520 scripsi-

502 2521 622 2574 mu'e
652 2519 869 2575 ἔπειτεν
917 2540 1036 2575 cum
1072 2525 1262 2576 Reizio
1316 2525 1584 2587 (Praefat.

503 2594 573 2645 ad
608 2594 873 2646 Herodot.
911 2610 963 2658 p.
1005 2593 1166 2657 XVI)
1213 2594 1444 2659 aliisque
1488 2611 1587 2660 pro

502 2663 652 2730 vulg.
690 2655 818 2714 ἐπεί
845 2676 930 2726 τε,
965 2665 1120 2715 cuius
1159 2664 1249 2714 hic
1280 2664 1464 2714 nullus
1500 2669 1586 2715 est

501 2733 675 2787 loona.
744 2732 885 2784 Add.
921 2734 1149 2785 Bredov.
1191 2750 1247 2799 p.
1289 2735 1406 2784 107.

826 2853 958 2904 ΟΔΡ.
998 2853 1272 2904 CXLVII.

570 2936 846 3000 Λυκίους,
886 2928 1000 2986 ἀπὸ
1040 2929 1307 2987 Γλαύκου
1342 2934 1445 2987 τοῦ
1473 2928 1589 2988 Ἰπ-

502 2998 752 3070 πολόχου
799 2998 1118 3070 γεγονότας]
1167 3007 1405 3057 Glaucus
1453 3008 1589 3073 Hip-

501 3074 716 3139 polochi
772 3073 945 3137 filius,
1011 3075 1303 3138 Lyciorum
1362 3075 1472 3126 dux
1527 3077 1587 3127 in

502 3142 644 3194 bello
692 3144 930 3193 Troiano
992 3144 1257 3208 originem
1317 3145 1471 3196 duxit
1516 3147 1585 3197 ab

501 3212 699 3276 Aeolo,
737 3211 981 3263 Hellenis
1017 3212 1153 3274 filio,
1193 3229 1227 3263 a
1256 3230 1361 3279 quo
1398 3215 1587 3267 eodem

502 3282 867 3333 descendebat
886 3281 1113 3345 Cocli-ue,
1133 3283 1398 3333 Melanthi
1420 3284 1583 3335 filius.

499 3352 701 3402 Videas
753 3350 1086 3402 Larcherurn
1136 3352 1208 3402 ad
1265 3353 1318 3403 h.
1375 3352 1414 3406 l.
1498 3356 1584 3405 De

501 3422 709 3474 Glauco
755 3420 864 3470 vid.
902 3422 1169 3472 Homerus
1207 3421 1297 3473 Ili.
1339 3423 1443 3485 VI,
1486 3424 1585 3475 150

500 3491 1133 3680 :32331252112323fiz13ss0
1151 3491 1584 3628 125...¹z²1⁸0g‘{¹¹331

541 3668 556 3683 .
699 3646 724 3680 ε
837 3665 850 3680 .

498 3647 536 3695 p
571 3691 632 3747 οἷ
671 3645 1087 3756 ὃὲθᾳΙὲαύκωνας
1120 3695 1394 3762 Πυλίους]
1446 3699 1586 3749 Ceu·

501 3783 664 3818 conen
700 3767 789 3818 hic
823 3767 1202 3832 intelliguntur
1240 3766 1306 3829 ii,
1347 3766 1441 3831 qui
1475 3767 1584 3817 Le-

499 3840 844 3899 praeeterum
890 3842 944 3885 et
991 3836 1424 3900 Cyparissiorum
1480 3841 1586 3887 ter-

500 3919 615 3954 rem
639 3910 971 3970 occuparant
997 3905 1289 3971 urbemque
1313 3906 1586 3956 Macieten

500 3973 556 4021 in
603 3973 935 4038 Triphylide.
1015 3974 1163 4034 Quos
1213 3972 1402 4039 Pylios
1451 3974 1586 4025 dicit

500 4041 728 4103 Noster,
776 4040 921 4105 quod
955 4040 1361 4106 distinguantur
1398 4044 1467 4093 ab
1513 4044 1582 4093 iis

499 4109 869 4169 Cauconibua,
928 4109 1021 4173 qui
1089 4109 1144 4159 in
1203 4110 1360 4160 Elide
1414 4128 1580 4176 prope

498 4179 710 4242 Dymen
773 4178 957 4228 urbem
1023 4179 1398 4231 consederant.
1489 4181 1581 4231 Illi

499 4248 638 4298 enim
683 4246 903 4298 Nestori
951 4245 1157 4296 subditi
1201 4252 1373 4299 erant.
1448 4250 1576 4301 Vid.

1136 4315 1295 4368 V111.
1322 4333 1375 4381 p.
1401 4316 1499 4368 531
1530 4321 1578 4370 B

496 4316 837 4382 potissimum
860 4314 1057 4366 Strabo

1145 4383 1209 4449 V,
1251 4382 1371 4438 148.

497 4400 611 4450 neq.
649 4381 774 4437 coll.
811 4382 1075 4436 Herodot.

1686 2105 1823 2174 νων]
1870 2108 1987 2156 Hos
2017 2105 2179 2155 Iones
2227 2103 2343 2169 (qui
2390 2103 2673 2155 duodecim
2708 2101 2771 2151 il·

1685 2176 1768 2226 las
1803 2175 2144 2226 condiderint
2178 2174 2339 2225 urbes
2376 2175 2431 2224 in
2469 2173 2623 2239 Asia)
2659 2188 2771 2223 mn·

1687 2247 1771 2311 gie
1827 2245 1952 2294 huic
2014 2243 2252 2309 (Ionum)
2310 2243 2517 2293 nomini
2575 2243 2771 2293 adhae-

1686 2331 1832 2376 rere,
1897 2314 2138 2379 illudque
2188 2314 2364 2376 magis
2418 2312 2556 2363 tueri
2606 2327 2770 2378 quam

1687 2384 1923 2448 reliquos
1971 2383 2155 2446 Iones,
2216 2384 2311 2447 qui
2363 2380 2604 2432 eiusdem
2660 2382 2772 2431 sint

1687 2453 1892 2517 stirme,
1915 2452 2183 2503 Herodoti
2211 2458 2296 2502 est
2314 2451 2604 2512 sententia,
2630 2465 2771 2516 quae

1686 2538 1820 2573 sane
1851 2523 2104 2587 congruit
2141 2537 2263 2571 cum
2297 2520 2391 2584 iis,
2430 2536 2569 2585 quae
2594 2521 2641 2583 1,
2671 2519 2770 2570 146

1685 2593 1827 2643 idem
1861 2597 2119 2656 posuerat
2147 2591 2215 2641 de
2236 2591 2320 2640 his
2343 2591 2595 2652 Ionibus,
2632 2604 2768 2655 quos

1685 2662 1939 2712 nobiliori
1992 2662 2161 2727 stirpe
2204 2665 2503 2725 prognatos
2551 2659 2600 2709 si
2649 2659 2770 2724 quis

1686 2732 1866 2782 dicere
1896 2729 2089 2793 vellet,
2129 2730 2424 2780 absurdum
2456 2728 2513 2778 id
2539 2729 2767 2779 dixerat.

1690 2802 2033 2865 Quapropter
2070 2800 2253 2850 addit:
2289 2794 2539 2848 ἔστωσαν
2574 2793 2640 2848 δὲ
2673 2793 2770 2848 καὶ

1689 2862 1751 2918 οἰ
1793 2866 2067 2932 καθαρῶς
2112 2860 2434 2934 γεγονότες,
2491 2869 2530 2919 i.
2576 2883 2625 2919 e.
2669 2869 2772 2918 sine

1687 2954 1813 2989 vero
1853 2940 2002 2988 etiam
2037 2939 2090 2989 Ιιί
2120 2939 2322 3003 aenaim·
2353 2936 2533 3001 Iones,
2574 2937 2770 3002 quibus

1689 3008 1930 3058 declarat
1965 3023 2025 3057 se
2064 3007 2200 3057 nihil
2235 3006 2569 3058 intercedere
2610 3006 2768 3069 velle,

1688 3078 1738 3127 si
1773 3078 1895 3141 quis
1932 3092 2026 3128 eos
2065 3077 2267 3128 habere
2304 3075 2471 3126 vellet
2505 3076 2770 3140 genuinos

1688 3148 1880 3210 Iones,
1917 3148 2078 3198 modo
2115 3146 2218 3197 hoc
2254 3151 2530 3208 teneatur,
2585 3159 2770 3196 omnes

1688 3216 1825 3267 alios
1862 3231 2076 3282 quoque
2111 3216 2273 3266 Iones
2309 3230 2457 3278 esse,
2505 3217 2771 3280 quotquot

1687 3285 1914 3336 Athenis
1948 3285 2160 3337 oriundi
2189 3285 2574 3349 Apaturiorum
2602 3288 2772 3349 agant

1686 3355 1906 3405 festum.
1993 3354 2152 3406 Unde
2209 3355 2345 3404 satis
2400 3359 2588 3419 patere
2639 3353 2769 3403 mihi

1683 3425 1933 3486 videtur,
1997 3417 2059 3472 δὲ
2115 3424 2269 3490 (poet
2314 3417 2590 3488 ἔστωσαν)
2647 3437 2771 3474 esee

1683 3493 2028 3544 retinendum
2047 3508 2224 3557 neque
2247 3493 2688 3544 commutandum
2709 3493 2769 3541 in

1683 3554 1786 3627 δὴ,
1827 3565 1889 3611 ut
1923 3562 2206 3627 proposuit
2240 3562 2466 3613 Herold.
2499 3561 2766 3616 Emendd.

1684 3630 1929 3682 Herodd.
1966 3630 2013 3680 Ι.
2052 3646 2109 3695 p.
2150 3631 2214 3683 13
2251 3646 2366 3697 seq.

1753 3697 2129 3764 περιέχονται]
2169 3701 2204 3750 i.
2243 3715 2291 3750 e.
2326 3702 2476 3751 valde
2509 3707 2675 3752 tenent
2707 3715 2770 3749 ac

1683 3776 1912 3830 tuentur,
1961 3770 2340 3833 anepleeeuntur.
2422 3770 2547 3821 vid.
2598 3770 2653 3833 Ι,
2699 3769 2762 3819 71

1683 3838 1808 3887 coll.
1844 3838 1959 3899 ΙΙΙ,
2000 3839 2087 3889 72.
2158 3839 2302 3889 Hinc
2350 3840 2622 3906 genitivus
2676 3838 2771 3888 nd-

1683 3906 1830 3956 ditus
1868 3904 2029 3956 facile
2056 3907 2314 3973 explicari
2344 3909 2563 3972 poterit.
2596 3938 2668 3948 —-
2702 3908 2768 3957 In

1683 3975 1924 4041 proxime
1959 3990 2113 4041 seqq.
2151 3975 2346 4042 reliqui
2373 3969 2661 4043 Ἀθηνῶν,
2701 3991 2768 4027 ex

1684 4044 1943 4095 Bredovii
1996 4060 2207 4096 canone
2249 4061 2302 4110 p.
2351 4049 2453 4099 217
2504 4047 2562 4096 in
2600 4037 2764 4110 Ἀθη-

1683 4113 1828 4162 νέων
1871 4105 2337 4176 cor'nmutandum,
2394 4115 2540 4182 quod
2591 4116 2767 4180 ipsum

1681 4188 1806 4246 pont
1825 4182 2174 4235 Schaeferum
2200 4188 2256 4234 et
2275 4183 2584 4235 Bekkerum
2603 4184 2766 4235 etiam

1678 4250 1920 4303 Dindorf
1949 4256 2004 4302 et
2038 4252 2268 4304 Dietach
2300 4260 2639 4319 receperunt.

1749 4316 1844 4371 καὶ
1892 4311 2235 4386 Ἀπατούρια
2302 4311 2507 4385 ἄγουσι
2566 4313 2763 4387 ὁρτήν]

1678 4389 1762 4439 De
1814 4386 2083 4453 Apaturii&
2139 4390 2373 4465 ‘copiose
2432 4390 2768 4456 scripserunt
