3109 5092
1202 386 1456 450 OLIO.
1500 387 1551 446 Ι.
1595 395 1684 450 99.
1734 399 1853 450 100.

2545 384 2669 448 223

385 563 675 651 μηδένα,
717 557 811 630 δι’
853 556 1163 648 ἀγγέλων
1199 561 1273 631 δὲ
1307 560 1522 631 πάντα
1560 564 1909 650 χρέεσθαι,
1955 557 2255 650 ὁρᾶσθαί
2284 589 2355 631 τε
2390 563 2672 650 βασιλέα

385 661 519 734 ὑπὸ
546 665 866 755 μηδενός·
936 663 1100 752 πρός
1137 691 1210 734 τε
1251 664 1546 735 τούτοισι
1588 672 1683 735 ἔτι
1724 672 1931 753 γελᾶν
1974 692 2047 733 τε
2095 668 2206 736 καὶ
2257 664 2496 734 πτύειν
2540 660 2664 733 ἆν-

385 775 533 837 τίον
575 770 686 837 καὶ
727 764 936 837 ἅπασι
980 767 1152 837 εἶναι
1189 768 1390 839 τοῦτό
1426 796 1503 856 γε
1538 768 1837 858 αἰσχρόν.
1938 773 2160 838 Ταῦτα
2195 768 2270 838 δὲ
2302 771 2456 857 περὶ
2493 769 2665 836 ἑωυ-

385 868 506 940 τὸν
540 873 865 961 ἐσέμνυνε
908 876 1124 941 τῶνδε
1171 877 1461 956 εἵνεκεν,
1501 868 1677 951 ὅκως
1719 867 1806 943 ἂν
1846 870 1938 961 μὴ
1981 867 2289 960 ὁρέοντες
2333 877 2404 942 οἱ
2431 867 2666 960 ὁμήλι-

389 1001 534 1060 κες,
593 975 816 1054 ἐόντες
868 974 1245 1064 σύντροφοί
1278 1003 1350 1044 τε
1401 977 1680 1069 ἐκείνῳ,
1736 979 1850 1045 καὶ
1903 982 2116 1064 οἰκίης
2159 974 2243 1045 οὐ
2287 975 2663 1064 φλαυροτέ-

390 1105 541 1168 ρης,
579 1075 741 1149 οὐδὲ
778 1080 846 1157 ἐς
879 1074 1353 1168 ἀνδραγαθίην
1385 1079 1805 1168 λειπόμενοι,
1844 1086 2200 1150 λυπεοίατο
2236 1083 2349 1149 καὶ
2387 1083 2665 1166 ἐπιβου-

390 1179 683 1268 λεύοιεν,
727 1176 877 1251 ἄλλ’
929 1182 1216 1271 ἑτεροῖός
1256 1203 1376 1268 σφι
1414 1186 1634 1252 δοκέοι
1669 1182 1842 1252 εἶναι
1886 1180 1979 1272 μὴ
2014 1178 2301 1272 ὁρέουσι.

391 1285 466 1354 δὲ
503 1291 711 1355 ταῦτα
759 1284 1193 1374 διεκόσμησε,
1239 1287 1352 1354 καὶ
1389 1285 1713 1374 ἐκράτυνε
1755 1285 2009 1356 ἑωυτὸν
2039 1292 2121 1379 τῇ
2153 1291 2543 1378 τυραννίδι,
2585 1276 2672 1373 ἦν

390 1489 535 1552 quod
569 1488 785 1551 attinet,
821 1489 963 1539 idem
997 1487 1135 1538 illud
1159 1488 1375 1538 Deiocis
1401 1487 1478 1536 in-

389 1558 659 1620 stitutum,
693 1574 799 1623 quo
836 1575 992 1624 reges
1017 1558 1220 1609 nemini
1244 1574 1302 1609 se
1330 1558 1477 1622 ipsos

388 1627 623 1678 adeundi
660 1628 979 1678 facultatem
1018 1628 1350 1694 permittant,
1381 1627 1477 1678 sed

388 1712 487 1761 per
520 1698 890 1748 internuncios
927 1698 1109 1748 omnia
1145 1698 1475 1761 transigant,

389 1766 521 1832 quin
578 1767 714 1818 adeo
784 1767 999 1832 populis
1058 1768 1334 1817 rarissime
1392 1766 1477 1815 sui

389 1836 559 1901 ipsius
613 1836 932 1901 adspectum
994 1837 1317 1902 praebeant,
1367 1851 1476 1886 non

390 1905 562 1956 solum
598 1907 671 1957 ad
705 1907 903 1957 Persas
942 1907 1228 1957 transiisse
1265 1907 1479 1956 stricte-

388 1991 491 2040 que
526 1976 873 2027 observatum
897 1992 1015 2027 esse
1043 1977 1228 2026 multis
1265 1993 1295 2026 e
1328 1976 1480 2027 testi-

388 2045 608 2107 moniis,
657 2047 799 2111 'quae
843 2046 1110 2097 Brissonii
1143 2046 1365 2111 collegit
1401 2049 1478 2093 in·

388 2114 602 2165 dustria
636 2113 728 2178 (de
772 2131 886 2182 reg.
930 2117 1113 2166 Perss.
1159 2116 1393 2181 princip.
1429 2114 1475 2176 I,

388 2185 456 2234 27
503 2200 617 2250 seq.
669 2201 719 2249 p.
767 2185 834 2236 34
882 2201 1036 2251 seqq.
1084 2185 1208 2237 coll.
1257 2186 1303 2247 1,
1352 2184 1476 2235 292.

387 2269 515 2319 pag.
575 2252 750 2317 2872),
807 2261 1140 2320 compertum
1193 2255 1474 2316 habemus,

387 2339 573 2373 verum
634 2324 801 2375 etiam
862 2326 1058 2376 ceteris
1118 2324 1475 2376 orientalibus

386 2393 721 2458 principibus
787 2411 1070 2445 commune
1129 2395 1242 2446 sere
1308 2395 1478 2444 fuisse

385 2461 632 2513 indicant
666 2478 757 2524 ea,
793 2480 932 2530 quae
966 2464 1172 2515 similia
1211 2465 1276 2514 de
1312 2465 1478 2529 Assy-

385 2532 588 2582 riorum
624 2534 844 2599 regibus
881 2536 1208 2600 accepimus,
1244 2535 1328 2584 uti
1361 2550 1476 2584 mo-

385 2602 480 2651 nui
523 2602 595 2652 ad
640 2604 860 2655 Ctesiae
906 2605 1160 2670 frag-mm.
1209 2619 1337 2670 pag.
1377 2603 1478 2654 126

386 2686 503 2737 seq.

457 2765 595 2837 μήτε
633 2765 841 2825 ἐσιέναι
875 2767 1030 2838 παρὰ
1071 2773 1303 2841 βασιλέα
1336 2791 1386 2825 κ.
1426 2790 1473 2824 τ.

384 2842 459 2910 λ.]
516 2844 721 2895 Eodem
770 2845 930 2896 modo
987 2845 1091 2896 hoc
1147 2845 1254 2894 sibi
1312 2861 1477 2910 oppo-

385 2917 591 2963 nuntur
607 2905 805 2994 μήτε
852 2920 907 2965 et
952 2908 1045 2972 δὲ,
1084 2928 1190 2980 quo
1236 2915 1382 2964 infra
1427 2914 1474 2975 Ι,

391 2983 508 3034 108.
549 2997 711 3032 ουτε
747 3015 819 3025 —-
853 2979 954 3046 δὲ,
990 2952 1084 3035 ubi
1117 2983 1231 3034 vid.
1258 2984 1476 3035 Etenim

386 3067 578 3110 seusus
600 3057 709 3103 est.
747 3061 801 3103 ut
830 3069 969 3104 nemo
994 3057 1252 3120 qnisquam
1287 3054 1361 3103 ad
1392 3070 1475 3104 re-

379 3138 492 3187 gem
527 3123 820 3184 accederet,
852 3124 949 3173 secl
975 3139 1074 3187 per
1105 3125 1311 3173 nuncios
1344 3125 1479 3189 qnis-

385 3207 483 3257 que
517 3193 678 3242 onmia
704 3195 1014 3258 transtyeret
1046 3208 1150 3242 cum
1173 3208 1311 3257 reae,
1337 3196 1478 3258 isque

381 3263 497 3326 ipsc
532 3277 565 3310 a
602 3265 789 3312 nemine
823 3265 1214 3343 conspiceretur.
1259 3262 1328 3311 In
1361 3261 1478 3327 qui-

383 3331 486 3379 bus
511 3331 682 3381 verba
714 3321 797 3380 δι’
833 3323 1082 3397 ἀγγέλων
1111 3323 1300 3381 πάντα
1324 3328 1475 3395 χρὲε-

385 3398 554 3461 σθαι,
599 3416 739 3465 quae
784 3401 950 3466 vulgo
995 3401 1076 3452 sic
1120 3404 1368 3452 vertunt.
1421 3409 1478 3451 ut

378 3485 479 3534 per
525 3471 865 3521 internuncios·
917 3474 1080 3521 omnia
1134 3474 1475 3535 transigeren-

383 3548 488 3600 tur,
545 3540 627 3588 ita
679 3540 1001 3604 explicanda
1053 3545 1231 3601 erunt,
1292 3545 1354 3590 ut
1404 3540 1476 3591 ad

381 3577 1476 3759 ΞῗίἒῖἶῗζηΐἘζὲᾆῖἒῗιέἶῗῒὲῗιέἴᾱ

383 3747 620 3798 subiecti
656 3748 1031 3799 accusativum
1067 3740 1196 3798 τινὰ
1239 3752 1471 3814 repetas,

381 3816 489 3865 nisi
513 3816 670 3867 malis
691 3819 1065 3869 accusativum
1088 3809 1292 3880 πάντα,
1312 3834 1470 3883 quem

380 3885 547 3952 vulgo
583 3902 678 3951 pro
714 3888 793 3937 rei
834 3889 1181 3938 accussativo
1225 3890 1471 3938 neutrius

381 3956 600 4020 generis
637 3957 917 4022 accipiunt
956 3957 1054 4020 (αά
1081 3972 1245 4008 onmes
1290 3972 1377 4008 res
1420 3973 1465 4008 s.

377 4026 434 4074 in
468 4025 686 4076 omnibus
715 4024 890 4091 rebus)
936 4026 1235 4077 masculino
1273 4042 1470 4092 genere

378 4095 616 4159 positum
649 4095 850 4146 habere
887 4111 950 4146 eo
987 4112 1179 4156 sensu,
1219 4112 1324 4161 quo
1359 4097 1469 4146 No-

378 4168 495 4212 ster
531 4161 642 4221 πᾶς
677 4179 762 4221 τις
793 4165 928 4214 dixit
963 4181 1126 4231 supra
1152 4167 1199 4226 1,
1238 4166 1323 4217 50.
1358 4166 1465 4228 ΙΠ,

379 4233 467 4283 79.
505 4233 602 4295 VI,
642 4234 782 4294 122„
820 4234 900 4284 ita
937 4239 999 4285 ut
1034 4239 1339 4301 opponatur
1374 4250 1467 4284 an-

374 4303 653 4353 tecedenti
688 4301 936 4366 μηδὲναε
974 4306 1071 4354 εεᾱ
1113 4313 1168 4355 ιιι
1209 4307 1470 4371 ιιηιιεφιίε-

375 4388 475 4438 qne
505 4387 606 4436 per
637 4376 842 4425 nunccios
876 4381 1103 4424 uteretur
1132 4388 1254 4438 rege
1286 4389 1330 4423 s.
1363 4389 1471 4424 cum

372 4456 502 4508 reae
534 4448 734 4507 ageret.
770 4443 950 4507 Atque
984 4443 1120 4494 haec
1162 4442 1304 4492 ratio
1338 4441 1470 4493 mihi

1579 1494 1801 1554 propter
1856 1489 2145 1540 articulum
2188 1489 2519 1555 neglectum,
2581 1486 2676 1553 qui

1581 1564 1775 1610 neutro
1813 1557 2039 1623 pluralis
2074 1560 2201 1610 addi
2235 1559 2484 1620 debebat,
2520 1573 2675 1637 prae-

1581 1634 1728 1679 stare
1762 1629 1999 1679 videtur.
2034 1659 2104 1668 —
2138 1630 2223 1680 De
2266 1628 2542 1685 locutione
2586 1616 2667 1676 δι’

1579 1691 1832 1763 ἀγγέλων
1872 1698 2149 1760 of.1,69.

1654 1777 1733 1833 ἔτι
1725 1782 1935 1862 γελᾶν
1969 1797 2028 1832 τε
2072 1780 2169 1833 καὶ
2196 1774 2411 1862 πτύειν
2446 1771 2671 1842 ἀντίον,

1583 1849 1679 1903 καὶ
1714 1866 1892 1903 απασι
1929 1846 2079 1903 εἶναι
2115 1844 2288 1902 τοῦτό
2313 1866 2374 1918 γε
2409 1817 2671 1915 αἰσχρόν]

1582 1918 1700 1972 καὶ
1731 1936 1945 1972 απασι
1969 1928 2120 1973 recte
2133 1922 2389 1987 explicuit
2403 1919 2651 1984 Schwgh.
2660 1936 2673 1969 :

1582 1996 1731 2043 eciam
1760 1991 1880 2057 (vel)
1908 1993 2150 2056 omnibus,
2185 2006 2400 2055 prorsus
2433 1990 2670 2043 omnibus.

1581 2062 1711 2112 Mox
1770 2061 2057 2112 verborum
2116 2062 2358 2113 ordinem
2418 2077 2539 2112 cum
2592 2075 2674 2110 re-

1583 2137 1750 2182 centt.
1790 2132 2138 2183 mutavimus.
2175 2131 2381 2197 Vulgo.
2417 2121 2589 2180 τοῦτο’
2610 2144 2673 2195 γε

1580 2194 1746 2251 εἶναι.
1786 2202 1896 2252 Cur
1930 2218 2059 2253 vero
2103 2203 2240 2253 haec
2279 2202 2446 2253 verba
2479 2201 2550 2251 ad
2586 2216 2672 2250 so·

1578 2270 1662 2323 los
1705 2272 1966 2334 nuncios,
2008 2273 2099 2338 qui
2146 2272 2250 2323 hac
2295 2272 2415 2338 lege
2448 2275 2671 2322 tenean-

1580 2346 1686 2404 tur,
1712 2344 1981 2407 pertinere
2020 2342 2154 2393 velit
2176 2342 2421 2408 Layard.
2459 2342 2667 2391 Nineve

1581 2413 1690 2463 and
1732 2413 1805 2461 its
1850 2414 2093 2467 remains,
2129 2412 2203 2462 11.
2253 2428 2306 2477 p.
2356 2412 2475 2472 335,
2522 2410 2671 2476 equi-

1581 2482 1700 2532 dem
1738 2498 1845 2532 non
1882 2482 2147 2548 intelligo,
2175 2498 2294 2533 cum
2326 2482 2461 2532 haec
2484 2479 2570 2530 lex
2597 2477 2671 2529 ad

1580 2567 1765 2601 omnes
1818 2552 2007 2601 Medos
2060 2558 2243 2616 aperte
2288 2554 2517 2616 spectet.
2586 2550 2671 2598 Dc

1580 2621 1698 2685 ipso
1751 2627 2070 2685 argumento
2103 2619 2422 2671 consulatur
2458 2620 2671 2669 Brisso-

1579 2690 1703 2740 nius
1729 2689 1797 2739 de
1814 2705 1927 2755 reg.
1950 2691 2102 2740 Pers.
2119 2692 2290 2755 princ.
2321 2689 2398 2750 ΙΙ,
2416 2689 2507 2739 121
2538 2686 2667 2737 coll.

1579 2760 1659 2821 Il,
1698 2759 1783 2821 89,
1826 2760 1918 2825 qui
1954 2759 2019 2808 de
2066 2759 2170 2809 hac
2204 2766 2449 2810 veterum
2484 2757 2670 2807 Medo-

1578 2844 1696 2878 rum
1746 2844 1812 2879 ac
1854 2830 2143 2879 Persarum
2200 2827 2491 2893 disciplina
2538 2826 2669 2877 scri-

1580 2903 1792 2963 ptorum
1828 2897 1977 2949 locos
2003 2898 2240 2962 collegit.
2281 2898 2532 2949 Potiores
2559 2895 2668 2947 loci

1580 2972 1708 3018 sunt
1762 2967 1933 3032 ipsius
1990 2968 2260 3019 Herodoti
2320 2968 2377 3030 Ι,
2445 2965 2542 3018 133
2611 2969 2668 3016 et

1579 3038 1956 3102 Xenophontis
1992 3039 2050 3088 in
2084 3039 2212 3104 Cyri
2245 3006 2482 3087 institut.
2529 3038 2576 3098 1,
2610 3038 2662 3098 2,

1583 3107 1648 3156 16
1683 3108 1809 3158 coll.
1848 3107 1999 3159 Suid.
2041 3124 2086 3158 s.
2124 3125 2178 3158 v.
2218 3099 2513 3172 Κάρδαμα.
2558 3106 2667 3157 Ad-

1580 3176 1660 3226 dit
1706 3178 1790 3228 Cr.
1842 3177 1988 3244 quod
2043 3177 2111 3227 de
2155 3178 2427 3229 Arabibus
2476 3176 2667 3227 scribit

1577 3245 1904 3297 Niebuhrius
1942 3248 1997 3297 in
2035 3249 2277 3298 itinerar.
2326 3248 2372 3298 I.
2410 3262 2536 3312 pag.
2578 3248 2664 3308 57,

1579 3320 1632 3366 et
1669 3332 1808 3382 quae
1845 3317 1957 3367 alia
1989 3315 2074 3367 his
2106 3318 2261 3368 addit
2307 3318 2572 3368 Gesenius
2609 3315 2665 3378 in

1578 3386 1945 3437 commentar.
1986 3387 2057 3437 ad
2092 3387 2329 3437 Iesaiam
2364 3402 2485 3451 cap.
2516 3386 2582 3446 L,
2607 3383 2662 3434 6.

1577 3472 1630 3520 p.
1682 3457 1807 3520 143,
1856 3472 2082 3506 monens
2134 3471 2348 3521 quoque
2392 3455 2460 3505 de
2509 3453 2663 3504 libris

1578 3528 1767 3586 sacris,
1803 3541 1832 3574 e
1867 3525 2062 3589 quibus
2102 3531 2156 3575 et
2200 3525 2336 3589 ipsis
2385 3527 2542 3587 turpe
2583 3524 2664 3572 in-

1574 3594 1904 3659 dignumque
1946 3593 2137 3645 haberi
2181 3592 2563 3658 intelligimus,
2609 3595 2663 3642 et

1575 3664 1839 3728 adspuere
1875 3662 2110 3728 aliquem
2145 3667 2198 3712 et
2233 3662 2342 3714 alio
2376 3666 2664 3727 praesente

1575 3748 1787 3797 spuere.
1862 3734 2034 3796 Quam
2094 3733 2181 3781 in·
2206 3748 2318 3781 rem
2371 3733 2664 3797 praecipue

1574 3802 1719 3853 conf.
1755 3802 1877 3853 Iob.
1900 3802 2071 3864 XXX,
2111 3801 2194 3851 10.

1645 3903 1792 3945 cume
1836 3903 1909 3937 αν
1959 3877 2037 3967 μῂ
2084 3876 2328 3950 ὁρῶντες
2373 3901 2423 3937 οι
2464 3875 2658 3951 ὁμήλι-

1571 3970 1665 4014 κες
1700 3973 1752 4007 κ.
1788 3973 1834 4007 τ.
1868 3953 1940 4021 λ.]
1990 3946 2250 4018 ὁρέοντες
2294 3956 2489 4021 scripsi
2533 3973 2657 4007 cum

1571 4030 1797 4077 recentt.
1865 4026 2085 4077 iubente
2146 4026 2380 4078 Bredov.
2440 4043 2494 4092 p.
2552 4026 2657 4078 384

1569 4112 1667 4162 pro
1706 4087 1979 4158 ὁρέωντες
2022 4113 2068 4148 s.
2107 4085 2381 4178 ὁρωντες,
2419 4096 2657 4162 itemque

1569 4182 1694 4216 mox
1741 4164 1872 4246 (vid.
1921 4181 2050 4232 pag.
2111 4163 2235 4231 385)
2283 4156 2527 4249 ὁρέουσι
2558 4181 2655 4230 pro

1568 4234 1719 4301 vulg.
1756 4224 1932 4299 ὁρῶσι
1968 4236 2049 4285 ita
2084 4235 2441 4286 reddendum.
2478 4236 2527 4285 ei
2550 4249 2658 4285 eum

1565 4319 1664 4355 non
1701 4308 2059 4368 conspicerent,
2087 4308 2138 4356 εἰ
2158 4308 2211 4356 in
2249 4321 2418 4356 eorm
2450 4319 2658 4384 conspe-

1568 4381 1697 4424 ctum
1734 4389 1832 4424 non
1888 4379 2095 4426 veniret.
2140 4403 2213 4414 --
2254 4374 2340 4424 De
2384 4388 2535 4430 οιιως
2583 4388 2658 4422 αν

1569 4458 1689 4493 eum
1729 4444 1977 4508 optativo
2012 4441 2314 4493 monuimus
2362 4439 2432 4492 ad
2481 4441 2528 4505 Ι,
2565 4442 2654 4492 75.

2375 1179 2561 1252 Ἐπεί
2594 1208 2665 1249 τε
2686 1180 2805 1241 100
