3109 5092
1252 347 1507 410 CLIO.
1553 347 1604 407 Ι.
1655 356 1774 410 185.

373 522 449 590 δὲ
490 517 706 591 ἐώθεε
734 516 773 588 ὁ
816 517 1107 608 ποταμὸς
1151 517 1282 590 ἀνὰ
1319 516 1395 589 τό
1439 523 1679 589 πεδίον
1707 524 1846 589 πᾶν
1886 526 2290 607 πελαγίζειν.
2348 516 2436 590 Ἡ
2454 521 2532 591 δὲ
2560 519 2645 611 δὴ
2668 527 2785 588 185

2523 347 2648 411 367

374 623 696 715 δεύτερον
728 624 1057 713 γενομένη
1096 622 1341 713 ταύτης
1369 630 1712 711 βασίλεια,
1766 628 1847 712 τῇ
1887 620 2144 713 οὔνομα
2185 615 2270 713 ἦν
2306 632 2647 715 Νίτωκρις

372 791 593 856 perfuso
640 806 750 841 non
788 789 949 840 aliter
998 793 1164 856 atque
1198 790 1325 841 Nilo
1360 791 1464 841 Ae-

372 862 561 926 gyptio
607 860 789 910 omnia
834 859 997 925 longe
1043 860 1259 925 lateque
1307 861 1462 910 inun-

373 931 589 981 dentur.
663 931 765 980 Oui
798 931 878 980 rei
928 929 1228 980 incolarum
1275 930 1461 980 soller-

370 1000 453 1051 tia
476 1002 556 1051 ita
581 1001 887 1066 prospexit,
926 1004 989 1049 ut
1024 1015 1132 1050 non
1156 1000 1330 1050 solum
1365 1016 1459 1066 ag·-

373 1070 592 1135 geribus
620 1069 963 1120 exstruendis
983 1069 1218 1119 fluminis
1240 1070 1350 1120 vim
1370 1085 1457 1120 co·

372 1140 648 1202 biberent,
706 1155 893 1190 verum
948 1139 1111 1189 etiam
1174 1139 1457 1190 canalibus

371 1208 497 1259 inde
534 1209 810 1272 deductis,
847 1208 1043 1273 quibus
1065 1208 1224 1259 simul
1257 1214 1457 1259 terram

371 1278 512 1329 alias
551 1279 752 1329 siccam
788 1282 844 1328 et
868 1277 1000 1328 solis
1036 1278 1217 1329 calore
1253 1283 1458 1329 tostam

370 1349 661 1413 irrigarent
685 1363 910 1413 eamque
931 1347 1322 1398 fertilissimam
1339 1350 1459 1399 red-

370 1417 580 1469 derent.
653 1419 738 1468 De
761 1417 959 1483 quibus
983 1416 1195 1469 consul.
1220 1419 1455 1469 Heeren.

370 1487 537 1538 Ideen
568 1489 614 1550 1,
643 1490 694 1538 2.
734 1502 858 1554 pag.
891 1486 991 1538 135
1024 1502 1179 1553 seqq.
1217 1487 1334 1551 139,
1361 1488 1455 1538 ubi

368 1558 536 1607 etiam
570 1557 706 1607 illud
739 1558 939 1622 optime
972 1562 1185 1620 monet,
1234 1573 1326 1608 eos
1364 1573 1457 1623 ag·

370 1642 526 1692 geres
560 1627 955 1693 antiquissimis
975 1628 1310 1693 temporibus
1347 1628 1455 1677 iam

370 1702 676 1747 exstructos
727 1696 901 1747 videri
946 1697 1178 1761 ideoque
1223 1698 1455 1747 Semira-

368 1766 499 1816 midi
521 1766 688 1832 vulgo
713 1766 975 1828 adscribi,
1014 1768 1214 1832 quippe
1249 1769 1335 1816 cui
1360 1782 1455 1832 per

365 1841 539 1886 totam
564 1836 752 1886 Asiam
776 1836 1003 1902 quaevis
1038 1851 1203 1901 opera
1235 1851 1453 1901 magna,

366 1905 634 1968 aedificia,
671 1905 869 1967 moles,
903 1904 970 1954 de
1006 1921 1233 1971 quorum
1269 1911 1456 1956 aucto-

367 1976 517 2025 ribus
575 1991 683 2025 non
753 1975 988 2039 liqueat,
1062 1976 1451 2026 attribuantur.

369 2044 443 2094 Ut
504 2044 574 2094 ad
621 2045 959 2095 Herodotum
1012 2046 1261 2108 redeam,
1317 2046 1455 2095 bene

365 2113 507 2163 hunc
544 2115 721 2179 ipsum
755 2114 935 2164 locum
969 2115 1038 2163 ad
1074 2114 1453 2180 explicandum

366 2184 664 2248 prophetae
695 2182 871 2233 locum
910 2183 1040 2246 (les.
1079 2185 1229 2245 XXI,
1272 2183 1321 2251 1)
1359 2184 1453 2234 ad·

365 2252 541 2303 hibuit
578 2253 842 2305 Gesenius
866 2252 923 2302 in
953 2253 1345 2305 Commentarr.
1381 2253 1452 2304 ad

368 2321 475 2372 Ies.
512 2322 548 2372 l.
585 2323 624 2373 l.
663 2338 790 2387 pag.
828 2322 930 2372 652
966 2338 999 2372 a
1048 2325 1134 2375 Gr.
1172 2323 1450 2386 laudatus,

367 2392 459 2457 qui
494 2392 601 2442 iam
637 2392 704 2442 de
727 2389 1007 2457 Babylone
1041 2392 1337 2458 Euphratis
1355 2409 1451 2443 un-

366 2460 452 2511 dis
488 2466 638 2512 tecta
674 2466 791 2512 erat
826 2460 1232 2526 intelligendus.
1307 2462 1452 2527 Aby-

366 2530 561 2581 denum
595 2546 810 2596 quoque
847 2532 933 2581 Cr.
974 2530 1164 2582 laudat
1190 2531 1304 2597 (ap.
1340 2534 1451 2583 Eu-

366 2602 481 2650 seb.
518 2602 778 2666 Praepar.
815 2600 1061 2665 evangel.
1088 2602 1189 2651 lx.
1216 2618 1271 2666 p.
1301 2601 1444 2667 457),

364 2676 672 2720 narrantem
723 2685 933 2720 omnem
987 2668 1127 2720 hanc
1172 2672 1447 2736 reg-ionem

362 2739 614 2802 primitus
648 2740 803 2805 aquis
824 2740 1156 2790 submersam
1181 2757 1279 2804 pro
1310 2740 1450 2790 mari

362 2807 607 2858 habitam
640 2825 777 2860 esse.
851 2809 959 2860 Sed
996 2808 1130 2860 haec
1181 2808 1293 2860 alio
1330 2825 1449 2874 spe-

360 2884 512 2928 ctare
546 2878 819 2929 videntur.

658 3049 792 3100 Car.
833 3048 1148 3102 CLXXXV.

622 3113 647 3139 0

428 3148 500 3216 τῇ
544 3140 766 3216 οὔνομα
821 3138 895 3217 ἦν
942 3151 1250 3219 Νίτωκρις]
1308 3153 1447 3204 Nito-

357 3223 463 3270 cris
497 3221 732 3285 Aegypti
767 3222 957 3286 regina
995 3228 1446 3274 commemoratur

364 3289 595 3349 infraIL
622 3291 735 3351 100,
764 3292 861 3341 ubi
885 3291 996 3343 vid.
1019 3296 1158 3343 nott.
1195 3293 1279 3342 De
1298 3297 1447 3342 utra-

359 3373 467 3424 que
526 3359 838 3422 Nitocride,
906 3365 962 3410 et
1022 3361 1331 3426 Babylonia
1389 3366 1444 3410 et

359 3429 727 3492 Aegyptiam,
765 3434 1009 3480 veterum
1042 3431 1358 3481 testimonia
1378 3447 1443 3481 ac

357 3498 721 3548 recentiorum
760 3499 964 3550 iudicia
1002 3500 1218 3550 exhibet
1247 3502 1312 3552 L.
1342 3501 1444 3552 Ge-

359 3567 498 3630 orgii
534 3567 590 3616 in
624 3566 800 3634 Pauly
835 3568 1253 3635 Realencyclop.
1288 3571 1356 3621 V.
1386 3586 1442 3633 p.

357 3636 461 3686 662
498 3651 613 3701 seq.
687 3638 839 3688 Deae
885 3654 1081 3689 nomen
1116 3654 1236 3689 esse
1272 3654 1445 3704 aeque

358 3721 424 3755 ac
471 3706 840 3758 Semiramidis
893 3706 1026 3770 (vid.
1086 3711 1224 3759 nott.
1281 3708 1350 3758 ad
1397 3708 1443 3770 Ι,

360 3774 482 3840 184)
534 3776 814 3826 contendit
855 3778 1071 3828 Movere
1117 3776 1155 3828 l.
1204 3776 1241 3827 l.
1290 3777 1338 3828 Ι.
1389 3793 1442 3840 p.

360 3844 495 3894 028:
572 3845 718 3911 quod
780 3861 910 3896 vero
977 3845 1110 3896 nihil
1168 3846 1445 3911 impedire,

358 3927 466 3977 quo
507 3915 685 3964 minus
737 3914 1055 3966 mortalibus
1107 3931 1321 3982 quoque
1366 3931 1448 3966 re-

357 3983 501 4047 ginis
550 3983 692 4034 idem
738 3984 1009 4035 tribuatur
1055 4000 1283 4047 nomen,
1335 3986 1445 4035 iam

356 4054 679 4105 monuimus.
740 4053 963 4105 Nitocn‘s
987 4056 1156 4119 igitur
1180 4054 1317 4104 haec
1338 4055 1445 4106 Ba-

358 4120 581 4186 bylonia
616 4123 898 4173 cuiusnam
924 4125 1067 4190 regis
1101 4139 1236 4175 uxor
1260 4123 1441 4187 fuerit,

356 4190 519 4241 valde
553 4193 695 4241 inter
742 4193 888 4243 viros
937 4192 1127 4244 doctos
1177 4193 1443 4258 discepta-

355 4264 466 4310 tur.
539 4260 699 4311 Multi
736 4259 813 4324 (in
859 4263 1053 4326 quibus
1102 4265 1263 4313 etiam
1297 4264 1442 4312 Hee-

357 4344 476 4378 ren.
524 4329 693 4380 Ideen
741 4334 846 4381 etc.
897 4331 943 4395 Ι,
983 4333 1034 4382 2.
1070 4347 1125 4396 p.
1178 4330 1302 4395 154)
1335 4332 1443 4382 Na-

353 4395 792 4450 buchodonosori
849 4413 896 4451 s.
966 4398 1443 4453 Nebucadnesaris

1565 804 1788 840 uxorem
1811 803 1932 839 esse
1955 787 2146 839 volunt
2162 827 2175 852 ,
2211 788 2442 854 indeque
2469 790 2648 839 aviam

1564 858 1742 909 ultimi
1786 857 2212 923 Babyloniorum
2270 861 2417 925 regis
2471 860 2650 924 Laby-

1565 930 1677 980 neti
1715 946 1761 980 s.
1797 928 2107 992 Nabouedi,
2159 930 2253 995 qui
2301 930 2446 994 apud
2479 930 2648 980 Dani-

1563 998 1698 1049 elem
1733 1005 1963 1049 vocatur
2003 998 2304 1049 Beltzasar.
2378 1001 2527 1061 Quos
2566 1015 2649 1047 se-

1560 1070 1744 1134 quitur
1762 1068 2088 1132 Larcherus,
2122 1070 2216 1134 qui
2244 1067 2461 1119 Medica
2479 1070 2648 1133 stirpe

1561 1138 1709 1188 illam
1757 1140 2102 1203 progenitam
2135 1144 2224 1200 (ut
2261 1139 2531 1189 Eusebius
2568 1144 2650 1188 at·

1561 1224 1665 1273 que
1718 1206 2003 1272 Syncellus
2068 1208 2311 1270 tradunt)
2359 1208 2650 1273 Babyloni·

1560 1291 1712 1327 orum
1748 1278 1865 1342 regi
1902 1278 2029 1327 huic
2057 1276 2326 1327 elocatam
2357 1278 2514 1341 ponit
2538 1277 2647 1327 620

1560 1361 1612 1397 a.
1653 1346 1780 1397 Chr.
1819 1362 1872 1396 u.
1901 1346 2264 1412 Wesselingio
2295 1345 2524 1412 aliisque
2543 1348 2647 1397 Ne-

1559 1415 1954 1466 bucadnezaris
1978 1415 2117 1479 filio,
2157 1418 2251 1481 qui
2276 1417 2473 1466 dicitur
2498 1415 2647 1466 Evil-

1559 1485 1940 1549 merodachus,
1985 1491 2159 1551 nupta
2205 1486 2375 1537 fuisse
2412 1485 2644 1548 videtur,

1559 1570 1718 1620 quem
1784 1571 1953 1621 regno
2024 1557 2298 1621 exceperit
2361 1554 2647 1606 Beltzasar

1560 1623 2056 1688 (Nebucadnezaris
2074 1641 2243 1690 nepos
2267 1625 2515 1691 idemque
2532 1627 2582 1675 N
2585 1642 2644 1674 a·

1555 1694 1804 1745 bonedus
1838 1694 2060 1760 dictus),
2094 1695 2517 1759 Babyloniorum
2557 1711 2644 1744 ex-

1554 1769 1782 1814 tremus.
1845 1764 2067 1814 Addunt
2096 1764 2429 1814 Herodotum
2463 1766 2642 1829 ipsum

1559 1834 1606 1896 1,
1650 1834 1767 1897 188,
1803 1833 1898 1883 ubi
1931 1834 2196 1883 Nitocrim
2225 1834 2512 1898 Labyneti,
2546 1834 2642 1899 qni

1555 1918 1745 1968 reg-um
1779 1902 2204 1967 Babyloniorum
2248 1902 2471 1953 ultimus
2517 1903 2639 1966 fuit,

1555 1978 1784 2022 matrem
1825 1970 1955 2036 (non
2001 1973 2209 2036 aviam,
2250 1976 2312 2021 ut
2352 1971 2430 2021 illi
2466 1972 2640 2038 perhi-

1555 2042 1708 2108 bent)
1748 2041 2003 2106 appellat,
2042 2042 2500 2107 comprobantque
2537 2041 2641 2092 hoc

1555 2113 1770 2163 lesaiae
1804 2112 1949 2161 vatis
1986 2113 2298 2162 testimonio
2323 2112 2551 2174 XXVII,
2586 2112 2639 2174 7,

1554 2181 1805 2232 canentis
1823 2181 2272 2233 Nebucadnezari
2289 2218 2303 2243 ,
2339 2180 2450 2231 filio
2478 2186 2533 2232 et
2549 2197 2641 2232 ne-

1550 2254 1695 2317 poti,
1729 2266 1838 2301 non
1872 2251 2020 2302 ultra
2043 2252 2193 2302 dicto
2217 2250 2500 2302 audientes
2522 2251 2639 2301 fore

1552 2327 1763 2386 gentes.
1841 2322 1998 2383 Quod
2039 2337 2169 2372 vero
2217 2321 2500 2385 obiicitur,
2547 2323 2640 2373 Ni-

1551 2406 1679 2441 num
1717 2392 1929 2446 Nitonri
1976 2396 2239 2456 regnante
2275 2392 2382 2441 iam
2418 2395 2636 2456 captam

1551 2461 1752 2524 fuisse,
1793 2461 1848 2510 id
1885 2461 2029 2527 quod
2066 2462 2330 2511 acciderit
2361 2476 2503 2511 anno
2533 2461 2637 2512 603

1550 2545 1604 2580 a.
1655 2531 1780 2580 Chr.
1830 2546 1886 2582 n.
1935 2529 2024 2579 vel
2078 2533 2260 2595 potius
2306 2529 2408 2580 607
2460 2531 2636 2597 (conf.

1550 2604 1666 2649 not.
1698 2599 1767 2649 ad
1796 2600 1841 2660 I,
1882 2596 2028 2663 106),
2065 2600 2233 2663 igitur
2255 2599 2484 2649 multum
2510 2602 2637 2663 post

1550 2669 1817 2719 Nitocrim
1832 2682 1973 2718 anno
1992 2669 2098 2719 620
2110 2684 2160 2720 a.
2177 2668 2301 2718 Chr.
2320 2684 2373 2718 n.
2399 2667 2638 2718 locatam

1548 2736 1975 2803 Babyloniorum
2011 2737 2155 2802 regi,
2191 2736 2250 2785 id
2286 2736 2422 2786 nihil
2451 2737 2635 2786 valere

1550 2812 1740 2857 censet
1789 2804 2136 2872 Wesseling.,
2189 2822 2309 2856 cum
2356 2803 2502 2857 haud
2544 2821 2636 2856 ne-

1549 2889 1704 2926 cesse
1740 2876 1841 2939 sit,
1877 2890 1978 2925 nec
2016 2877 2136 2941 ipsa
2170 2876 2437 2926 Herodoti
2465 2877 2636 2927 verba

1549 2946 1797 3011 exigant,
1847 2950 1910 2994 ut
1942 2944 2093 2996 illius
2129 2946 2352 3010 reginae
2393 2952 2634 3012 tempore

1548 3016 1680 3065 urbs
1726 3015 1957 3064 subacta
2000 3021 2304 3066 censeatur.
2386 3018 2634 3082 Namque

1548 3099 1692 3135 anno
1735 3083 1838 3136 633
1882 3084 1990 3135 iam
2037 3101 2072 3136 a
2109 3085 2355 3150 Cyaxare
2397 3086 2494 3137 illa
2541 3086 2635 3136 ob·

1548 3154 1714 3204 sideri
1751 3169 1848 3205 coe
1888 3159 1947 3205 ta
1982 3159 2084 3207 est.
2166 3155 2273 3205 Sed
2319 3157 2487 3207 verba
2523 3156 2637 3205 He·

1545 3223 1802 3275 redotea=
1878 3222 1978 3272 λλα
2013 3238 2070 3274 τε
2091 3214 2447 3288 ἀραιρημένα
2464 3215 2635 3274 ἄστεα

1543 3283 1800 3356 αὐτοῖσι,
1841 3284 1906 3341 ἐν
1932 3287 1996 3342 δὲ
2034 3286 2107 3357 δὴ
2146 3290 2241 3342 καὶ
2277 3286 2385 3359 τὴν
2421 3294 2630 3356 Νῖνον,

1546 3360 1693 3412 clare
1731 3362 1974 3412 indicare
2003 3362 2285 3424 videntur,
2324 3364 2524 3413 Ninum
2549 3377 2635 3411 ur-

1543 3430 1668 3480 bem
1692 3447 1759 3482 ex
1781 3431 2048 3482 Herodoti
2087 3433 2266 3494 mente
2311 3448 2419 3482 uon
2454 3431 2637 3481 obses-

1545 3515 1681 3562 sam,
1705 3515 1890 3551 verum
1910 3504 2126 3564 captam
2146 3501 2495 3551 ac.d0mitam
2514 3515 2636 3550 cen-

1546 3570 1771 3619 sendam
1796 3584 1934 3619 esse.
2006 3570 2193 3633 Neque
2228 3585 2356 3620 vero
2386 3574 2630 3635 propter-

1547 3653 1613 3688 ea
1657 3638 1984 3690 Bouherium
2021 3653 2248 3703 sequar,
2296 3640 2388 3704 qui
2421 3639 2631 3690 Ninum

1544 3708 1632 3757 bis
1668 3708 1724 3757 iu
1760 3707 2040 3757 Medorum
2085 3707 2342 3757 ditionem
2389 3713 2442 3758 et
2481 3713 2631 3773 pote-

1548 3780 1749 3828 statem
1791 3777 2010 3827 venisse
2055 3777 2465 3841 suspicabatur,
2525 3775 2630 3841 pri-

1547 3860 1694 3896 mum
1753 3846 2001 3912 Cyaxare
2059 3846 2372 3909 obsidente,
2434 3846 2627 3896 iterum

1546 3916 1792 3981 Astyage
1828 3920 2156 3980 occupante;
2208 3916 2352 3966 conf.
2389 3916 2626 3966 Dissert.

1546 3984 1813 4035 Herodot.
1847 3999 1967 4048 cap.
1994 3985 2081 4046 21,
2117 3984 2199 4035 11.
2225 4001 2280 4049 p.
2317 3985 2439 4036 240.
2488 3986 2630 4036 Nam

1542 4054 1799 4103 universa
1840 4053 2142 4118 antiquitas
2180 4053 2487 4106 huiusmodi
2512 4070 2632 4104 sen·

1542 4123 1774 4173 tentiam
1807 4123 2033 4188 respuit.
2092 4123 2361 4189 Equidem
2382 4124 2548 4175 nolim
2573 4124 2632 4173 iu

1543 4192 1629 4242 his
1695 4191 1988 4258 quidquam
2050 4194 2428 4257 pronuntiare,
2492 4208 2631 4258 quae

1543 4263 1638 4313 vix
1673 4277 1910 4327 unquam
1959 4263 2096 4313 satis
2133 4264 2374 4328 expediri
2410 4267 2630 4329 queant,

1543 4331 1654 4381 nisi
1703 4346 1849 4384 nova
1891 4330 1986 4382 lux
2031 4331 2279 4395 aliunde,
2329 4348 2394 4384 ex
2442 4331 2633 4381 inscri-

1540 4400 1823 4466 ptionibus
1870 4399 2119 4452 cuneatis
2174 4414 2345 4466 nuper
2401 4400 2630 4451 detectis
