3109 5092
547 369 671 432 850
1335 363 1879 428 EXCURSUS
1928 366 2019 427 VI

1282 784 1928 863 EXCURSUS
1995 783 2107 858 VI

1015 957 1185 1022 AD
1275 953 1982 1020 HERODOT.
2071 951 2171 1035 ΙΙ,
2266 957 2362 1014 17.

1402 1287 1498 1341 De
1552 1286 1703 1341 Nili
1751 1287 1980 1342 ostiis,

727 1440 833 1493 Est
875 1439 961 1491 hic
989 1437 1254 1490 classicus
1291 1437 1446 1491 locus
1490 1440 1560 1491 de
1595 1439 1708 1492 Nili
1742 1440 1937 1505 ostiis,
1983 1452 2127 1506 quae
2161 1442 2355 1488 nostra
2386 1441 2570 1488 aetate
2612 1435 2848 1488 minime

559 1526 744 1579 eadem
785 1542 908 1576 esse
958 1530 1124 1591 atque
1169 1522 1438 1575 Herodoti
1476 1529 1659 1576 aetate
1714 1542 1868 1577 nemo
1907 1524 2023 1575 fere
2076 1521 2272 1573 nescit.
2338 1520 2633 1590 Hodieque
2690 1521 2846 1573 enim

558 1612 687 1663 bina
719 1609 1058 1679 potissimum
1090 1614 1223 1660 sunt
1253 1608 1413 1675 ostia,
1446 1609 1651 1678 quibus
1683 1625 1949 1678 aquarum
1977 1606 2185 1675 copiam
2204 1605 2368 1658 Nilus
2404 1605 2463 1657 in
2496 1623 2648 1658 mare
2677 1606 2843 1658 emit-

561 1697 648 1762 tit,
684 1695 912 1747 alterum
942 1710 1111 1762 prope
1147 1693 1334 1745 urbem
1363 1692 1738 1760 Rosettanam,
1773 1692 2001 1745 alterum
2038 1709 2211 1760 prope
2238 1690 2565 1755 Damiatam‚
2601 1690 2843 1761 reliquis

563 1781 723 1833 ostiis
753 1777 1025 1831 obturatis
1057 1794 1295 1830 arenave
1327 1784 1425 1829 aut
1444 1778 1570 1831 limo
1606 1778 1880 1830 obductis.
1928 1777 2067 1828 Nam
2090 1781 2301 1844 septem
2321 1774 2491 1843 vulgo
2513 1784 2845 1827 enumerata

560 1872 696 1918 sunt
724 1863 838 1916 Nili
869 1863 1011 1915 ostia
1029 1902 1043 1927 ,
1077 1861 1173 1931 qui
1204 1861 1331 1914 inde
1359 1868 1695 1933 septemfluus
1724 1863 2011 1914 dicebatur
2042 1859 2252 1913 fluvius
2282 1877 2330 1912 s.
2359 1862 2845 1931 septemgeminus:

562 1968 595 2001 a
637 1966 748 2020 qua
788 1946 1065 2000 sententia
1112 1964 1214 1998 nec
1247 1946 1588 2000 Herodotum
1630 1948 1867 2000 alienum
1904 1946 2112 2009 fuisse,
2161 1944 2290 1996 licet
2327 1944 2573 2014 quinque
2620 1952 2841 1997 tantum

561 2035 707 2087 ostia
737 2032 852 2085 Nili
887 2038 1275 2096 commemoret,
1310 2031 1543 2085 vidimus
1576 2032 1645 2084 ad
1674 2033 1748 2101 ll,
1775 2038 1859 2091 10.
1919 2029 2030 2082 Sed
2060 2028 2219 2082 valde
2250 2028 2470 2081 variant
2497 2029 2554 2081 in
2592 2028 2840 2097 singulis

564 2119 715 2170 hisce
761 2116 922 2169 ostiis
968 2122 1175 2184 septem
1214 2116 1602 2184 recensendis,
1646 2115 1735 2169 vel
1764 2134 1954 2169 errore
1984 2114 2156 2182 lapsi,
2210 2113 2331 2180 vel,
2381 2114 2465 2165 uti
2507 2113 2629 2167 fieri
2670 2112 2839 2177 solet,

563 2219 705 2271 quae
740 2201 810 2253 ad
851 2200 1076 2252 diversa
1113 2207 1356 2266 tempora
1385 2201 1765 2270 pertinerent,
1812 2218 1922 2252 non
1957 2198 2096 2252 satis
2129 2206 2387 2251 accurate
2425 2198 2837 2251 discernentes.

562 2287 740 2348 Quam
769 2285 826 2336 in
855 2301 967 2336 rem
990 2300 1131 2353 quae
1161 2283 1390 2351 plurima
1418 2303 1448 2336 a
1473 2284 1609 2338 viris
1630 2285 1808 2336 doctis
1838 2290 2030 2337 nostra
2059 2282 2403 2352 potissimum
2432 2289 2611 2336 aetate
2641 2282 2839 2351 dispu-

563 2375 681 2421 tata
711 2376 877 2435 sunt,
912 2384 978 2420 ea
1007 2367 1260 2420 nolumus
1292 2369 1397 2421 huc
1426 2369 1865 2435 transscribere3
1911 2382 2165 2422 summam
2194 2367 2350 2421 modo
2386 2385 2601 2433 eorum,
2638 2372 2839 2438 quate-

567 2470 673 2507 nus
708 2453 777 2505 ad
808 2452 1148 2504 Herodotum
1181 2452 1287 2504 rite
1324 2453 1743 2521 intelligendum
1774 2455 2009 2520 faciant,
2050 2454 2260 2505 referre
2294 2459 2561 2521 praestat.

735 2539 812 2590 Ac
856 2536 1052 2589 statuit
1097 2537 1359 2590 Mannert
1389 2539 1659 2610 0(Geogr.
1695 2538 1751 2591 d.
1784 2540 1885 2591 Gr.
1923 2555 1978 2590 u.
2009 2536 2197 2590 Roem.
2230 2537 2296 2602 X,
2336 2545 2381 2596 1.
2431 2555 2487 2606 p.
2522 2542 2628 2596 528
2663 2536 2839 2606 seq.),

565 2621 835 2676 Herodoti
877 2622 1205 2676 sententiam
1245 2623 1312 2675 de
1343 2624 1525 2676 tribus
1566 2623 1840 2692 primariis
1872 2622 1989 2693 Nili
2034 2622 2223 2689 ostiis,
2273 2622 2421 2675 unde
2455 2620 2668 2690 reliqua
2701 2627 2841 2673 ten·

571 2725 764 2778 porum
795 2708 1034 2760 decursu
1073 2707 1284 2759 suerint
1311 2708 1577 2775 deducta,
1624 2725 1739 2760 eam
1768 2707 1977 2773 videri,
2013 2722 2156 2776 quae
2185 2713 2242 2758 et
2274 2706 2499 2759 maxime
2534 2705 2839 2774 probabilis

570 2800 628 2845 et
666 2810 789 2847 cum
834 2793 959 2861 ipsa
997 2810 1057 2844 re
1099 2800 1471 2845 consentanea
1511 2793 1604 2844 sit.
1665 2793 1843 2855 Quem
1874 2792 2107 2845 medium
2148 2790 2239 2844 ille
2268 2791 2417 2844 dicat
2445 2790 2560 2843 Nili
2608 2790 2842 2843 fluvium

569 2877 997 2944 Sebennyticum
1017 2915 1031 2942 ,
1064 2893 1184 2929 eum
1216 2875 1341 2929 olim
1368 2878 1547 2930 fuisse
1578 2876 1754 2930 videri
1783 2877 2084 2947 principem
2111 2892 2174 2928 ac
2202 2876 2549 2944 primarinm3
2581 2892 2649 2927 ex
2680 2892 2746 2926 eo
2778 2875 2837 2926 in

575 2966 863 3030 utramque
892 2967 1100 3029 partem
1129 2966 1186 3011 et
1218 2960 1549 3013 occidentem
1583 2968 1640 3013 et
1669 2961 1933 3015 orientem
1964 2976 2163 3014 versus
2207 2960 2273 3012 ad
2315 2978 2461 3013 mare
2503 2959 2841 3012 discessisse

571 3044 681 3096 duo
728 3043 978 3096 brachia:
1026 3043 1363 3112 Canopicum
1403 3052 1460 3097 et
1503 3044 1877 3112 Pelusiacum,
1933 3051 2079 3099 teste
2118 3044 2298 3097 Plinio
2326 3046 2477 3098 Hist.
2515 3046 2648 3097 Nat.
2682 3043 2751 3110 V,
2782 3047 2840 3102 9.

573 3132 625 3192 S.
662 3133 750 3185 48.
820 3127 941 3179 Hoc
971 3126 1163 3195 utique
1195 3128 1368 3194 magis
1397 3129 1578 3181 videri
1606 3147 1940 3198 congruum,
1983 3146 2143 3201 quam
2172 3130 2320 3199 quod
2355 3129 2688 3198 Canopicum
2734 3127 2841 3180 flu-

570 3211 721 3263 vium
765 3211 941 3264 fuisse
974 3211 1308 3280 primitivum
1347 3213 1499 3266 dicas
1544 3213 1793 3285 adeoque
1832 3221 2113 3284 parentem
2155 3213 2524 3284 reliquorum,
2566 3220 2847 3283 quotquot

573 3295 739 3364 vulgo
770 3296 1182 3366 perhibeantur.
1243 3297 1515 3367 Equidem
1546 3304 1726 3352 tamen
1770 3317 1866 3352 eos
1898 3300 2059 3369 sequi
2090 3298 2291 3363 malim,
2334 3299 2538 3369 quibus
2573 3297 2844 3350 verisimi-

573 3380 682 3434 lius
714 3388 772 3435 et
797 3399 916 3435 cum
947 3382 1072 3451 ipsa
1100 3386 1281 3434 terrae
1316 3381 1500 3436 indole
1530 3385 1703 3452 magis
1734 3391 2165 3437 consentaneum
2194 3384 2446 3449 videtur,
2493 3386 2599 3437 duo
2629 3388 2845 3434 tantum

572 3467 826 3536 primitus
854 3466 1033 3519 fuisse
1063 3466 1311 3533 brachia,
1348 3467 1696 3522 Pelusiacum
1724 3476 1781 3520 et
1811 3469 2166 3538 Canopicum,
2200 3469 2350 3521 intra
2380 3484 2522 3537 quae
2550 3474 2719 3533 terra,
2756 3467 2847 3519 cni

574 3569 768 3605 nomen
801 3551 962 3604 Delta
976 3547 1053 3618 *),
1092 3550 1215 3604 olim
1247 3552 1579 3605 substiterit.
1640 3552 1984 3606 Vid.Ritter.
2012 3553 2318 3606 Erdkunde
2335 3553 2379 3605 1.
2404 3556 2584 3622 p-853
2611 3558 2670 3605 et
2699 3556 2845 3604 nott.

573 3636 643 3688 ad
675 3636 881 3690 Herod.
921 3636 995 3700 11,
1025 3642 1078 3695 5.
1137 3635 1332 3689 Paulin
1377 3636 1616 3689 Talabot
1660 3638 1750 3690 in:
1790 3636 1983 3691 Revue
2029 3638 2084 3690 d.
2117 3640 2172 3691 d.
2207 3635 2386 3690 mond.
2430 3637 2625 3708 (1855)
2666 3637 2738 3688 T.
2773 3635 2843 3688 X.

575 3739 628 3789 p.
661 3725 784 3780 485.
847 3721 1047 3790 Neque
1075 3721 1275 3774 Strabo
1304 3722 1567 3775 dissentit
1600 3721 1776 3774 XVII.
1814 3740 1869 3792 p.
1907 3725 2011 3782 788
2038 3741 2085 3775 s.
2117 3741 2173 3793 p.
2211 3726 2346 3782 1136
2378 3722 2449 3774 D.
2527 3722 2689 3783 Quae
2727 3738 2849 3774 cum

576 3804 656 3856 ita
692 3806 837 3875 sint,
896 3806 996 3859 hoc
1041 3805 1134 3857 vix
1169 3807 1364 3874 negari
1402 3806 1634 3875 poterit,
1689 3805 1963 3876 primitiva
1992 3805 2109 3860 Nili
2154 3806 2376 3860 brachia
2416 3805 2671 3875 ostiaque
2716 3812 2850 3876 post

577 3888 860 3944 admodum
900 3891 1078 3944 fuisse
1120 3896 1356 3958 mutata,
1401 3898 1514 3945 tum
1547 3891 1818 3945 hominum
1858 3908 2027 3962 opera
2057 3896 2224 3961 atque
2270 3896 2390 3945 arte
2421 3889 2642 3944 canales
2673 3890 2845 3944 dedu-

719 4085 772 4150 *)
821 4087 941 4136 Hoc
975 4085 1141 4136 Delta
1176 4088 1359 4151 prisco
1407 4087 1699 4138 admodum
1738 4103 1876 4139 aevo
1914 4088 2194 4141 extensius
2243 4088 2416 4139 fuisse
2459 4087 2705 4138 dubitari
2747 4088 2841 4138 vix

580 4156 803 4220 poterit,
835 4161 985 4206 reete
1023 4156 1350 4207 observante
1371 4158 1714 4223 Russeggero
1750 4158 1953 4208 Reisen
1992 4163 2096 4209 ete.
2135 4158 2245 4219 1‚1.
2277 4175 2329 4223 p.
2346 4158 2578 4223 250seq.
2616 4164 2845 4223 propter

578 4227 820 4275 rationes
855 4225 1184 4291 geologicas.
1255 4229 1503 4292 Namque
1527 4229 1643 4278 Nili
1677 4226 1961 4279 brachium
1991 4227 2245 4292 superius
2281 4227 2567 4278 discedens
2586 4243 2685 4292 per
2722 4243 2843 4278 eum

576 4294 784 4359 Libyae
813 4299 1071 4357 tractum,
1108 4295 1202 4359 qui
1235 4310 1376 4346 nunc
1412 4297 1662 4348 desertus
1698 4297 2009 4362 sterilisque
2047 4300 2194 4347 iacet
2231 4295 2363 4362 (vid.
2404 4296 2564 4361 plura
2604 4298 2663 4346 in
2700 4302 2840 4347 nott.

576 4364 648 4413 ad
685 4364 761 4426 H,
801 4364 914 4425 10),
961 4364 1033 4414 ad
1067 4378 1215 4415 mare
1251 4366 1489 4415 tetendit
1527 4371 1697 4431 atque
1736 4365 1838 4415 hoe
1880 4368 2039 4417 modo
2079 4366 2228 4417 hunc
2266 4366 2449 4430 ipsum
2483 4369 2724 4417 tractum
2759 4382 2843 4417 re-

572 4432 728 4497 gioni
761 4433 928 4484 Delta
964 4447 1031 4484 ac
1067 4437 1277 4498 terrae,
1322 4448 1460 4500 quae
1492 4435 1606 4485 coli
1638 4436 1889 4500 poterat,
1929 4434 2161 4488 addidit.
