3109 5092
491 319 615 381 720

1355 322 1897 385 HERODOTI

490 497 894 583 διαχρᾶσθαι
937 502 1031 589 τῷ
1079 497 1281 589 ἑτέρῳ
1300 548 1318 582 ,
1366 497 1448 568 τά
1491 525 1564 567 τε
1601 494 1771 566 ἄλλα
1802 498 1913 566 καὶ
1944 489 2293 585 πυραμίδα
2325 502 2595 585 ποιῆσαι
2616 548 2637 582 ,
2692 501 2765 577 ἐς

488 596 613 685 μὲν
637 595 719 665 τὰ
746 601 1013 667 ἐκείνου
1038 600 1246 688 μέτρα
1276 597 1401 669 οὐκ
1428 597 1821 690 ἀνήκουσαν
1841 622 1855 635 ·
1902 605 2113 669 ταῦτα
2143 598 2271 688 γὰρ
2301 592 2401 670 ὦν
2427 603 2540 670 καὶ
2568 596 2764 689 ἡμεῖς

490 700 947 789 ἐμετρήσαμεν
967 723 981 737 ·
1027 700 1182 770 οὔτε
1217 701 1345 792 γὰρ
1374 699 1612 772 ῧπεστι
1645 701 1971 791 οἰκήματα
1999 698 2134 771 ὑπὸ
2162 709 2314 791 γῆν,
2344 701 2500 772 οὔτε
2532 707 2604 773 ἐκ
2634 709 2761 776 τοῦ

491 810 746 872 Νείλου
788 808 1038 893 διῶρυξ
1078 801 1226 893 ἥκει
1255 808 1321 886 ἐς
1351 804 1601 894 αὐτὴν,
1647 802 1872 893 ὥσπερ
1902 809 1968 885 ές
1996 803 2122 893 τὴν
2155 808 2425 895 ἑτέρην,
2476 809 2723 894 ῥέουσα
2744 829 2758 841 ·

489 904 580 974 δι’
615 910 1146 996 οἰκοδομημένου
1174 909 1248 977 δὲ
1276 906 1582 988 αὐλῶνος
1615 915 1745 977 ἔσω
1774 914 1984 996 νῆσον
2011 912 2351 998 περιρρέει
2368 961 2387 995 ,
2414 911 2491 978 έν
2518 914 2600 997 τῇ
2629 905 2758 976 αὐ-

485 1006 606 1078 τὸν
649 1013 917 1096 λέγουσι
949 1022 1219 1080 κεῖσθαι
1253 1014 1499 1080 Χέοπα.
1591 1007 1961 1099 ὑποδείμας
1989 1011 2065 1079 δὲ
2095 1009 2217 1080 τὸν
2243 1018 2515 1101 πρῶτον
2544 1011 2763 1100 δόμου

555 1173 650 1226 καὶ
686 1174 982 1242 πυραμίδα
1031 1173 1359 1244 ποιῆσαι]
1413 1177 1571 1227 Inve-

484 1247 632 1297 nitur
663 1248 902 1297 activum
937 1246 1162 1296 verbum
1185 1247 1329 1297 infra
1353 1262 1570 1311 quoque

485 1316 559 1378 11,
606 1316 717 1378 136,
755 1331 877 1366 cum
909 1315 1049 1365 alias
1086 1315 1323 1366 solemne
1360 1317 1434 1365 sit
1461 1332 1570 1365 me·

483 1382 648 1435 dium.
705 1385 832 1435 Vid.
858 1384 904 1446 I,
934 1384 1023 1436 31.
1059 1385 1136 1448 11,
1160 1384 1278 1436 129.
1322 1384 1421 1435 1:33
1449 1400 1567 1450 seq.

484 1452 558 1502 Su
599 1469 662 1502 ra
695 1454 785 1517 11,
826 1455 927 1504 124
963 1454 1125 1505 dixit:
1180 1446 1431 1504 κελεύειν
1480 1446 1568 1517 έρ-

482 1469 770 1587 γιέέεσθαι.
1488 1568 1502 1581 ,

554 1586 610 1649 ές
644 1586 749 1656 μὲν
783 1583 851 1640 τὰ
884 1583 1167 1641 ἐκείνου
1202 1589 1397 1657 μέτρα]
1428 1582 1566 1640 ἐκεί-

482 1674 614 1722 νου,
652 1664 803 1724 ιἹΙίιιε,
843 1662 880 1710 i.
920 1676 967 1712 e.
1007 1661 1216 1723 fratris,
1256 1661 1343 1711 vel
1380 1662 1564 1726 potius

479 1731 778 1796 pyramidis
813 1745 848 1780 a
884 1729 1054 1780 fratre
1089 1735 1419 1780 exstructae.
1479 1728 1566 1778 Ad

479 1797 659 1849 ταῦτα
693 1800 751 1849 in
786 1814 939 1882 seqq.
977 1798 1218 1864 intellige
1268 1794 1336 1848 τὰ
1372 1796 1563 1861 με’τρα,

481 1873 536 1919 et
567 1870 637 1919 ad
674 1869 844 1918 verba
879 1860 993 1919 υπό
1018 1867 1126 1933 γῆν
1163 1868 1307 1918 conf.
1334 1867 1411 1928 11,
1443 1868 1562 1917 124.

481 1938 767 1989 Caeterum
820 1939 989 1989 verba
1049 1936 1226 1986 ταῦτα
1280 1968 1351 1977 --
1403 1927 1567 2000 ἡμεῖς

479 1998 861 2072 ἐμετρήσαμεν
882 2008 1202 2072 adposuisse
1240 2006 1456 2055 videtur
1493 2003 1563 2053 ad

479 2077 736 2127 maiorem
773 2075 931 2126 fidem
974 2092 1373 2137 mensurarum,
1426 2089 1564 2138 quas

477 2161 589 2196 non
620 2161 685 2195 ex
710 2160 802 2195 ore
827 2145 1167 2195 sacerdotum
1201 2150 1459 2207 acceptas
1480 2159 1564 2192 re-

477 2215 630 2276 tulit,
666 2215 762 2265 sed
780 2217 889 2277 ipse
915 2230 1154 2265 emensus.
1191 2214 1256 2263 Id
1283 2213 1424 2263 enim
1451 2212 1565 2277 opi-

479 2299 578 2333 nor
613 2281 921 2333 declaratur
943 2284 1125 2333 verbis
1152 2273 1312 2346 ἡμεῑς
1340 2271 1567 2346 ἐμετρή-

479 2365 682 2416 σαμεν,
721 2367 896 2417 neque
925 2357 1138 2402 tantum
1175 2351 1259 2413 id,
1307 2349 1450 2416 quod
1480 2350 1563 2399 Ia-

480 2421 632 2473 cobs.
670 2422 754 2472 De
789 2437 959 2472 mens.
992 2421 1194 2472 Herod.
1231 2436 1285 2485 p.
1324 2421 1391 2469 25
1426 2418 1564 2480 vult,

479 2505 638 2556 quem
685 2491 733 2540 si
779 2491 1082 2556 sequimur,
1136 2490 1336 2541 Noster
1387 2488 1565 2551 „satis

476 2560 694 2623 habuit,
743 2561 1127 2612 aestimatione
1163 2563 1377 2609 tantum
1410 2556 1566 2607 insti-

476 2635 599 2680 tuta
633 2645 882 2681 numeros
917 2646 1028 2682 non
1066 2630 1227 2681 nimis
1262 2645 1296 2680 a
1329 2628 1564 2678 veritate

478 2699 792 2750 aberrantes
815 2699 1165 2751 tradidisse.“
1221 2697 1411 2749 Talem
1436 2712 1562 2747 vero

478 2769 914 2819 aestimationem
970 2769 1136 2819 verbo
1185 2758 1564 2832 ἐμετρήσαμεν

479 2839 706 2904 exprimi
744 2853 1025 2903 negamus.
1111 2837 1270 2899 Quod
1317 2836 1565 2900 sequitur

479 2908 545 2957 de
582 2907 812 2957 cameris
848 2906 1246 2968 subterraneis,
1284 2920 1420 2971 quas
1448 2902 1567 2953 nul-

478 2976 562 3024 las
596 2976 654 3024 in
691 2975 794 3023 hac
832 2975 1112 3038 pyramide
1159 2975 1330 3024 fuisse
1366 2973 1568 3024 asserit

478 3043 821 3104 Herodotus,
861 3042 1005 3093 haud
1045 3058 1232 3093 verum
1269 3057 1388 3092 esse
1422 3057 1567 3091 nunc

478 3111 769 3176 reperitur,
833 3127 900 3161 ex
955 3126 1060 3176 quo
1112 3117 1354 3175 tempore
1408 3111 1563 3172 (ann.

483 3177 645 3242 1818)
671 3180 873 3244 primus
909 3179 1166 3242 Belzoni,
1204 3180 1298 3244 qui
1333 3178 1567 3243 pyrami-

481 3248 565 3299 dis
612 3247 820 3299 aditum
864 3253 920 3298 et
974 3249 1181 3299 invenit
1236 3252 1290 3298 et
1335 3248 1566 3311 aperuit,

480 3335 546 3369 ae
596 3317 791 3368 deinde
836 3318 1077 3368 Howard
1123 3317 1270 3382 Vyse
1322 3318 1378 3366 in
1433 3317 1568 3366 inte·

480 3389 624 3439 riora
660 3387 894 3453 ingressi
919 3392 1281 3452 aeque.atque
1311 3386 1369 3435 in
1392 3384 1566 3434 altera

481 3456 758 3522 pyramide
804 3457 941 3507 duas
986 3471 1228 3507 cameras
1273 3455 1567 3519 spatiosas,

483 3526 710 3577 alteram
746 3542 867 3576 cum
903 3526 1049 3592 regis
1085 3524 1450 3589 sarcophagO,
1487 3524 1568 3573 in-

481 3599 745 3645 venerunt
762 3602 1124 3660 accurateque
1144 3594 1566 3657 descripserunt.

480 3665 562 3715 Ae
592 3665 886 3729 suspiceris
907 3664 1062 3725 licet,
1088 3663 1356 3713 Herodoti
1383 3665 1569 3711 aetate

483 3732 688 3783 aditum
717 3734 993 3784 occlusum
1017 3732 1188 3783 fuisse
1211 3731 1443 3794 indeque
1462 3730 1571 3779 He-

482 3801 676 3851 rodoto
727 3804 844 3851 sive
888 3800 1201 3852 sacerdotes
1246 3801 1363 3850 sive
1408 3800 1577 3848 inter:

482 3874 662 3932 pretes
693 3869 925 3930 dixisse,
961 3868 1137 3919 nullas
1163 3870 1311 3918 intus
1343 3883 1464 3917 esse
1484 3883 1571 3917 ca-

483 3953 689 3997 meras3
731 3939 876 3988 conf.
905 3937 1085 3988 Raoul
1110 3936 1379 3988 Rochette
1407 3938 1572 3987 Jour-

484 4005 577 4056 nal
611 4005 663 4055 d.
696 4007 826 4056 Sav.
857 4006 1009 4056 1844.
1049 4022 1103 4069 p.
1136 4005 1254 4057 163.
1328 4007 1412 4056 De
1445 4004 1572 4054 reli—

484 4074 634 4139 quis,
661 4089 801 4138 quae
827 4074 899 4123 ad
926 4073 1068 4124 hanc
1094 4074 1429 4138 pyramidem
1455 4089 1573 4138 per-

485 4143 691 4204 tinent,
728 4142 840 4192 vid.
876 4146 989 4191 not.
1025 4142 1081 4190 in
1116 4139 1210 4192 fin.
1250 4157 1371 4208 cap.

556 4201 688 4260 οὔτε
722 4200 782 4259 ἐκ
818 4208 922 4258 τοῦ
947 4208 1161 4258 Νείλου
1200 4205 1410 4273 διῶρυξ
1448 4198 1571 4273 ἥκει

481 4294 537 4331 κ.
573 4294 621 4329 τ.
658 4277 731 4343 1.]
785 4279 939 4328 Haec
977 4281 1031 4328 et
1070 4291 1223 4342 seqq.
1257 4279 1382 4329 dedi
1417 4293 1573 4329 secu-

483 4354 573 4399 tus
611 4346 916 4410 Gaisford.,
964 4346 1059 4411 qui
1091 4346 1230 4397 idem
1266 4352 1414 4398 recte
1447 4353 1573 4412 post

1672 1193 1862 1228 vocem
1900 1169 2108 1242 ρ’ἐουσα
2142 1179 2511 1229 distinctionis
2546 1179 2764 1244 signum

1670 1248 1921 1310 posuisse
1958 1247 2194 1299 videtur.
2265 1249 2406 1299 Nam
2439 1249 2633 1299 verba:
2675 1238 2765 1296 δι’

1671 1311 2129 1381 οἰκοδομημένου
2167 1315 2281 1381 (ubi
2305 1310 2388 1365 δι’
2414 1333 2445 1367 e
2469 1322 2601 1368 vett.
2632 1316 2761 1367 edd.

1670 1389 1726 1434 et
1758 1385 1918 1435 codd.
1957 1401 2226 1436 consensu
2300 1403 2360 1436 ro
2399 1379 2521 1449 διὰ,
2571 1390 2633 1435 ut
2670 1402 2764 1436 su-

1670 1469 1769 1518 pra
1792 1454 1866 1518 11,
1896 1454 1987 1520 34)
2026 1449 2089 1504 δὲ
2111 1453 2256 1503 -Χ
2285 1470 2400 1504 οπα
2432 1472 2531 1521 per
2563 1471 2764 1521 paren—

1670 1523 1849 1573 thesin
1905 1524 2063 1589 quasi
2108 1524 2428 1589 accipienda
2484 1530 2640 1587 sunt,
2696 1531 2765 1574 ut

1669 1592 1868 1642 dudum
1916 1598 2201 1643 monuerat
2248 1593 2455 1645 Stroth.
2494 1595 2763 1659 Aegyptt.

1669 1661 1715 1711 1.
1741 1679 1794 1727 p.
1826 1662 1956 1723 107;
2002 1678 2123 1712 cum
2158 1663 2230 1713 ad
2259 1662 2505 1713 canalem
2542 1678 2609 1712 ex
2631 1660 2763 1713 Nilo

1668 1731 1724 1780 in
1764 1731 2099 1795 pyramidem
2135 1747 2169 1781 a
2209 1732 2425 1796 Cheope
2466 1732 2765 1782 deductum

1668 1803 1942 1862 spectent,
1986 1799 2054 1849 de
2089 1815 2196 1864 quo
2220 1800 2296 1863 11,
2330 1802 2429 1851 124
2454 1800 2546 1852 fin.
2598 1801 2762 1852 Unde

1667 1867 1802 1919 haec
1845 1867 1953 1918 loci
1998 1869 2244 1919 nascitur
2280 1871 2579 1921 sententia:
2631 1886 2762 1930 „ne-

1666 1953 1761 2002 que
1787 1953 1857 1986 ea:
1884 1937 1998 1988 Nilo
2020 1941 2219 1989 canalis
2239 1941 2372 1989 venit
2391 1942 2441 1990 in
2464 1955 2571 1989 eam
2598 1936 2760 2003 (Che-

1666 2006 1885 2070 phrenis
1933 2006 2105 2057 scilic.
2153 2009 2521 2073 pyramidem)
2572 2009 2759 2074 fluens,

1666 2077 2065 2140 quemadmodum
2124 2078 2173 2126 in
2225 2080 2436 2128 alteram
2497 2077 2759 2143 (Cheopis

1667 2145 2048 2210 pyramidem),
2086 2147 2172 2197 ubi
2197 2161 2297 2208 per
2328 2151 2553 2197 canalem
2585 2164 2761 2196 mura-

1665 2218 1743 2264 rio
1780 2228 1934 2276 opere
1962 2223 2294 2265 constructum
2328 2215 2399 2280 (N
2406 2217 2532 2280 ilus)
2567 2217 2760 2267 intror-

1665 2298 1769 2332 sum
1798 2287 2007 2334 insulam
2042 2286 2333 2350 circumluit,
2368 2288 2417 2335 in
2453 2302 2553 2350 qna
2587 2289 2761 2336 iacere

1667 2352 1906 2414 Clteopem
1948 2356 2110 2415 ipsum
2146 2354 2372 2404 εὕρητέ·
2442 2354 2528 2405 Ad
2562 2348 2759 2432 περιᾴ-

1668 2413 1782 2549 ᾇέεξι
1818 2436 1883 2471 ex
1918 2422 2370 2474 antecedentibus
2406 2423 2582 2489 suppl.
2624 2420 2759 2472 διω-

1666 2505 1735 2553 ρυ
1778 2528 1789 2539 .

1734 2553 2053 2625 ὑποδείμας
2084 2553 2147 2610 δὲ
2179 2552 2282 2610 τὸν
2315 2557 2544 2623 πρῶτον
2572 2552 2760 2624 δόμον

1665 2643 1716 2679 κ.
1746 2644 1794 2679 τ.
1823 2627 1894 2692 L]
1933 2630 1999 2678 In
2036 2629 2121 2680 his
2158 2628 2555 2680 constituendis
2588 2631 2759 2693 (quae

1666 2697 1912 2762 pluribus
1949 2696 2295 2749 illustrantur
2320 2714 2354 2749 a
2377 2698 2620 2749 Strothio
2649 2697 2685 2747 l.
2717 2698 2757 2747 1.

1665 2782 1793 2832 pag.
1824 2766 2123 2829 107—109)
2160 2767 2465 2833 Schweigh.
2493 2772 2550 2817 et
2575 2767 2756 2817 Gaisf.

1668 2851 1853 2886 sumus
1898 2837 2091 2887 secuti.
2163 2837 2451 2887 Posuimus
2502 2838 2640 2886 enim
2680 2834 2758 2884 di-

1666 2905 2013 2955 stinctionem
2060 2910 2186 2969 post
2230 2904 2497 2954 ποικίλου
2542 2909 2596 2955 et
2630 2909 2758 2968 post

1666 2971 1937 3037 μέγαθος,
1979 2975 2296 3038 scripsimus
2332 2964 2571 3039 ὑποβὰς,
2612 2973 2757 3037 quod

1665 3040 1792 3092 libri
1845 3041 2123 3104 ferebant,
2179 3044 2477 3108 itidemque
2528 3034 2757 3091 οἰκοδό-

1667 3125 1808 3173 μησε
1862 3125 1927 3160 ex
1975 3112 2143 3162 Henr.
2195 3111 2457 3177 Stephani
2503 3110 2758 3161 emenda-

1665 3181 1815 3231 tione
1870 3194 1968 3243 pro
2022 3175 2367 3245 οἰκοδομῆς,
2430 3180 2573 3245 quod
2629 3179 2757 3228 libri

1670 3248 1887 3313 quidem
1908 3249 2102 3313 scripti
2121 3264 2306 3301 omnes
2330 3249 2566 3300 retinent
2589 3248 2759 3315 quod-

1668 3333 1773 3382 que
1822 3318 1989 3367 etiam
2044 3317 2145 3367 hoc
2190 3318 2349 3369 modo
2394 3318 2633 3368 fortasse
2669 3332 2758 3367 ex·

1670 3386 1861 3451 plicari
1897 3401 2054 3449 posse
2095 3386 2310 3438 videtur
2346 3385 2758 3452 Schweighaeu-

1670 3470 1818 3517 sero,
1881 3459 1943 3505 ut
1986 3471 2051 3505 ex
2098 3456 2544 3506 antecedentibus
2605 3451 2761 3517 (τοῦ-

1668 3537 1770 3573 τον
1796 3550 1860 3559 -
1880 3521 2177 3587 πυραμίδα
2201 3521 2467 3590 ποιῆσαι)
2498 3522 2758 3574 subintel·

1666 3593 1871 3658 ligatur
1906 3582 2165 3670 guesnae,
2215 3593 2286 3643 ad
2313 3592 2456 3659 quod
2483 3595 2591 3643 iam
2614 3584 2756 3642 ὕπο-

1670 3659 1866 3724 δείμας
1903 3665 1958 3710 et
1992 3653 2214 3725 υποβὰς
2239 3663 2416 3712 forent
2450 3661 2753 3712 referenda.

1671 3731 1827 3791 Quae
1846 3734 2123 3779 structura
2145 3746 2306 3795 quam
2330 3731 2465 3780 dura
2482 3732 2572 3793 sit,
2598 3745 2755 3780 nemo

1670 3814 1779 3848 non
1815 3797 2092 3864 intelligit.
2151 3799 2379 3850 Accedit
2411 3799 2573 3861 illud,
2613 3798 2758 3864 quod

1670 3868 1846 3931 ipsum
1879 3867 2201 3918 vocabulum
2234 3860 2514 3932 οἰκοδομὴ
2547 3868 2755 3919 meliori

1672 3951 1807 3986 aevo
1843 3937 2145 3986 inauditum
2185 3952 2251 3987 ae
2286 3941 2406 3987 toto
2441 3951 2642 4002 genere
2675 3937 2755 3986 vi-

1669 4005 1869 4055 tiosum
1896 4005 2222 4055 monstravit
2239 4005 2478 4056 Lobeck.
2499 4006 2572 4055 ad
2589 4004 2758 4070 Phry-

1672 4073 1817 4124 nieh.
1855 4089 1908 4137 p.
1944 4073 2049 4124 409
2086 4089 2200 4138 seq.
2238 4089 2272 4124 a
2310 4074 2410 4127 Gr.
2446 4073 2723 4124 laudatus.

1741 4133 2059 4206 ὑποδείμας
2103 4136 2167 4192 δὲ
2213 4134 2318 4191 τὸν
2373 4139 2605 4205 πρῶτον
2659 4133 2757 4190 δό-

1672 4225 1783 4274 μον
1828 4208 2002 4259 λίθου
2044 4205 2424 4274 Αἰθιοπικοῦ]
2469 4211 2509 4262 i.
2557 4224 2605 4259 e.
2646 4215 2755 4271 pri-

1672 4295 1795 4328 mum
1826 4280 2045 4341 lapidum
2090 4281 2311 4331 ordinem
2344 4278 2498 4329 Aethi
2570 4283 2638 4329 'co
2677 4282 2757 4328 la-

1668 4348 1790 4411 pide
1823 4351 2086 4414 vav-tequea
2120 4348 2429 4400 sub-emnem.
2467 4343 2504 4398 δ
2540 4360 2651 4412 μον
2678 4346 2757 4395 in·
