3109 5092
506 352 632 416 626

507 538 634 607 θος
671 531 918 613 δίπηχυ
933 546 948 560 ·

1372 306 1909 411 uERODOTI

1054 522 1132 593 τὸ
1182 520 1390 593 ἐπεὰν
1434 528 1621 613 φανῇ
1639 572 1659 607 ,
1715 518 2075 608 εὐθηνέειν
2109 515 2380 588 ἅπασαν
2405 527 2780 605 Αἴγυπτον.

509 618 717 699 ταῦτα
771 628 897 716 μὲν
945 628 1249 713 λέγουσι,
1305 630 1571 695 ποιεῦσι
1624 623 1699 693 δὲ
1745 623 1906 692 τάδε
1956 617 2308 710 Ἑλληνικὰ
2356 625 2452 712 τῷ
2497 622 2779 709 Περσέε·

504 730 736 823 ἀγῶνα
782 728 1117 819 γυμνικὸν
1164 739 1414 797 τιθεῖσι
1461 725 1574 796 διὰ
1620 725 1836 814 πάσης
1882 721 2177 812 ἀγωνίης
2238 729 2512 811 ἔχοντα,
2568 725 2777 813 παρέ-

504 860 734 921 χοντες
779 831 1029 918 ἄεθλα,
1073 831 1320 920 κτήνεα
1369 831 1483 898 καὶ
1525 835 1801 917 χλαίνας
1849 829 1963 896 καὶ
2001 828 2313 917 δέρματα.

2425 826 2780 914 εἰρομένου

508 938 590 1005 δέ
614 962 778 1026 μευ,
818 932 856 1005 ὅ
878 962 944 1003 τι
978 956 1102 1024 σφι
1138 932 1446 1021 μούνοισι
1479 936 1658 1000 ἔωθε
1689 927 1725 999 ὁ
1761 927 2066 1019 Περσεὺς
2101 932 2586 1017 ἐπιφαίνεσθαι
2605 980 2624 1011 ,
2665 928 2778 996 καὶ

503 1034 543 1107 ὅ
575 1065 639 1107 τι
671 1043 1113 1127 κεχωρίδαται
1146 1040 1540 1121 Αἰγυπτίων
1571 1038 1711 1103 τῶν
1738 1030 1997 1118 ἄλλων,
2044 1028 2277 1119 ἆγῶνα
2302 1027 2638 1119 γυμνικὸν
2673 1056 2773 1099 τι·

503 1143 775 1225 θέντες,
825 1145 1126 1228 ἔφασαν,
1172 1135 1293 1206 τὸν
1338 1137 1605 1225 Περσέα
1646 1137 1721 1206 ἐκ
1762 1141 1878 1224 τῆς
1925 1137 2198 1205 ἑωυτῶν
2236 1133 2468 1214 πόλιος
2499 1135 2773 1220 γεγονέ-

409 1284 428 1297 -
503 1270 616 1311 ναι
637 1264 651 1277 ·
738 1240 858 1311 τὸν
885 1239 1014 1330 γὰρ
1049 1236 1328 1308 Δαναὸν
1363 1240 1475 1307 καὶ
1504 1236 1624 1307 τὸν
1661 1239 1968 1324 Λυγκέα,
2004 1236 2235 1316 ἐόντας
2264 1244 2623 1326 Χεμμίτας,
2662 1238 2773 1304 ἐκ·

506 1348 766 1412 πλῶσαι
805 1346 871 1422 ἐς
900 1341 1026 1433 τὴν
1050 1337 1357 1410 Ἑλλάδα.
1429 1336 1563 1408 ἀπὸ
1601 1340 1677 1408 δὲ
1703 1339 1966 1408 τούτων
2017 1340 2565 1427 γενεηλογέοντες
2612 1338 2771 1407 κατ-

505 1446 781 1532 έβαινον
830 1446 896 1523 ἐς
949 1440 1070 1512 τὸν
1113 1444 1399 1531 Περσέα.
1493 1438 1907 1531 ἀπικόμενον
1942 1442 2017 1511 δὲ
2052 1437 2263 1511 αὐτὸν
2308 1443 2375 1521 ές
2415 1450 2775 1527 Αἴγυπτον

503 1544 653 1615 κατ’
693 1552 950 1634 αἰτίην,
989 1542 1116 1634 τὴν
1143 1546 1255 1613 καὶ
1268 1541 1595 1635 Ἕλληνες,
1627 1547 1922 1630 λέγουσι,
1953 1553 2224 1613 οἴσοντα
2252 1546 2326 1612 ἐκ
2361 1543 2619 1632 Λιβύης
2649 1540 2777 1631 τὴν

503 1654 804 1739 Γοργοῦς
837 1645 1182 1737 κεφαλὴν,
1228 1649 1762 1734 ἔφασανέλθεῑν
1796 1648 1909 1715 καὶ
1946 1642 2126 1735 παρὰ
2162 1648 2371 1734 σφέας
2392 1697 2411 1730 ,
2453 1647 2567 1714 καὶ
2603 1641 2771 1714 ἀνα·
2860 1647 2866 1651 ’

573 1842 669 1903 ἐὸν
720 1846 784 1902 τὸ
836 1849 1091 1919 μέγαθος
1137 1834 1374 1919 δίπηχυ]
1435 1852 1589 1902 Haec

502 1922 772 1989 quomodo
822 1921 1141 1988 accipienda
1195 1922 1329 1984 sint,
1390 1922 1589 1972 docent

502 2008 643 2058 quae
677 1991 749 2042 ad
775 1992 829 2054 1,
856 1992 925 2042 68
961 1991 1378 2057 disputavimus.
1401 2021 1471 2030 —
1503 1991 1588 2039 De

500 2062 668 2111 verbo
704 2050 1010 2125 εὐθηνέειν
1046 2061 1192 2112 conf.
1225 2059 1270 2122 1,
1298 2058 1365 2110 66
1401 2058 1588 2124 ibique

500 2133 643 2179 nott.

572 2219 768 2292 ἀγῶνα
799 2219 1077 2291 γυμνικὸν
1099 2225 1335 2292 τιθεῖσι]
1373 2229 1411 2279 i.
1438 2244 1494 2279 e.
1511 2230 1588 2278 ἱα-

499 2298 614 2347 dum
636 2298 899 2347 instituunt
933 2310 979 2345 s.
1011 2296 1272 2346 celebrant
1293 2301 1586 2363 aymam,

501 2368 588 2430 qui
619 2368 822 2416 onvtiaeem
853 2367 1165 2415 ceramium
1195 2379 1392 2429 qenera
1426 2368 1586 2417 conei-

500 2443 601 2485 πει.
681 2433 841 2486 Conf.
902 2432 986 2494 11,
1054 2433 1151 2485 160
1204 2432 1388 2499 ibique
1442 2439 1582 2485 nott.

500 2503 684 2554 Verba
719 2496 816 2552 διὰ
859 2494 1047 2565 πάσης
1087 2493 1336 2566 ἀγωνίης
1381 2497 1587 2567 ἔχοντα

497 2587 781 2638 perperam
828 2572 1018 2636 opinor
1051 2572 1133 2621 sie
1177 2571 1416 2623 reddidit
1449 2573 1583 2622 Lar-

497 2642 716 2693 eherus:
754 2643 841 2706 qm·
872 2642 936 2691 de
971 2649 1084 2691 tous
1108 2644 1185 2691 les
1206 2643 1349 2704 J'euoe
1369 2649 1483 2692 sont
1507 2644 1584 2692 les

490 2715 610 2774 plus
646 2712 921 2762 excellens.
992 2709 1190 2760 Melius
1227 2709 1370 2761 alter
1393 2709 1583 2762 Gallus

498 2782 762 2845 interpres
789 2780 1059 2830 recentior
1081 2778 1225 2829 hune
1250 2780 1307 2828 in
1336 2779 1580 2830 modum=

495 2852 560 2898 oia
607 2857 720 2899 tous
761 2851 836 2898 les
879 2863 1065 2912 qenres
1121 2848 1185 2898 de
1227 2848 1419 2899 cumbae
1469 2855 1584 2899 sont

497 2917 677 2966 admi-⁹.
734 2918 809 2965 Et
830 2931 1015 2966 verum
1040 2914 1334 2966 locutionis
1363 2931 1581 2967 sensum

491 2984 635 3034 ‘bene
704 2986 974 3047 expressit
1035 2984 1581 3050 Schweighaeuserus

495 3050 920 3116 Wesselingium
967 3052 1127 3103 aliter
1179 3054 1581 3104 existimantem

496 3120 790 3185 corrigens.
839 3120 923 3171 Ad
947 3126 1322 3185 argumentum
1345 3122 1480 3174 haee
1502 3128 1582 3173 te-

496 3189 615 3241 neri
644 3188 835 3239 velim:
874 3205 908 3239 a
942 3190 1136 3254 priscis
1163 3191 1448 3256 Aegyptiis
1485 3192 1582 3240 mi-

496 3256 640 3308 nime
660 3257 870 3309 alienos
896 3259 1067 3309 fuisse
1092 3257 1250 3310 ludos
1277 3261 1580 3324 gymnicos,

493 3327 688 3393 quibus
734 3326 1119 3393 hippodromus
1169 3329 1224 3377 in
1272 3329 1403 3379 urbe
1441 3328 1581 3380 The·

492 3396 580 3447 bis
630 3397 846 3465 egregie
888 3398 1228 3457 inservierit;
1276 3398 1408 3463 quin
1442 3398 1579 3463 ipsis

491 3466 548 3515 iu
572 3466 895 3531 anaglyphis
914 3467 1148 3516 vetustis
1170 3467 1456 3532 Aegyptiis
1482 3466 1579 3517 hu-

493 3534 726 3586 iusmodi
760 3536 946 3598 ludos,
1001 3537 1327 3599 certamina,
1372 3536 1484 3586 alia
1520 3537 1578 3586 id

489 3620 692 3686 genus,
733 3606 1159 3671 repraesentari3
1214 3604 1399 3670 qualia
1431 3619 1578 3655 nune

489 3681 818 3725 invenerunt
839 3674 986 3725 doeti
1006 3673 1150 3726 Galli
1180 3672 1277 3736 (ef.
1298 3674 1576 3738 Descript.

494 3741 562 3791 de
607 3742 851 3808 l’Egypt.
898 3744 1123 3810 Antiqq.
1177 3743 1257 3794 11.
1302 3759 1355 3807 p.
1402 3743 1470 3794 69
1521 3746 1578 3792 et

492 3816 548 3859 et
578 3811 727 3862 Livr.
765 3813 869 3863 111.
906 3814 1129 3879 Autiqq.
1169 3811 1244 3877 pl.
1282 3812 1368 3863 66.
1408 3828 1489 3862 nr.
1521 3811 1574 3861 1.

491 3876 590 3938 2),
625 3877 824 3944 aliique
855 3881 958 3930 viri
981 3881 1156 3944 docti,
1184 3881 1280 3946 qui
1303 3880 1578 3946 Aegyptia

489 3953 839 4000 monumenta
873 3949 980 4013 ipsi
1016 3951 1366 4014 inspexerunt
1390 3965 1456 4000 ae
1484 3950 1575 4000 de-

487 4014 849 4132 seziipseiitlmn
881 4019 1025 4135 οὲὶηὲ.
1047 4018 1310 4137 Ιῶειίἱιίἑιιὶ
1329 4020 1572 4136 Mopsum.

493 4098 640 4132 οι.
1127 4087 1574 4138 i‘sou.a.n-

491 4166 614 4201 uers
651 4156 757 4201 ete.
795 4101 871 4203 Ili.
909 4168 964 4217 p.
1001 4123 1105 4204 3116
1138 4171 1289 4220 seqq.
1328 4170 1438 4207 see.
1464 4171 1573 4208 ser.

487 4219 568 4271 ΙΙ.
606 4235 659 4282 p.
709 4219 811 4272 293
847 4236 1033 4286 seqq..
1078 4224 1173 4288 qui
1216 4224 1373 4274 varia
1420 4224 1574 4275 ludo-

487 4303 606 4339 rum
664 4288 1116 4353 horum—genera
1184 4293 1420 4356 imagine
1483 4309 1574 4343 ex-

488 4372 677 4424 pressa
723 4359 969 4423 exhibet,
1025 4359 1166 4410 unde
1212 4361 1350 4411 satis
1396 4367 1571 4425 patet,

1690 1868 1801 1903 non
1844 1866 1894 1901 a·
1924 1850 2241 1901 Chemmitis
2292 1849 2454 1914 solis,
2509 1866 2697 1901 verum
2742 1866 2778 1900 a

1690 1921 1886 1971 ceteris
1911 1935 2125 1986 quoque
2144 1920 2429 1986 Aegyptiis
2453 1921 2658 1985 passim
2677 1920 2777 1970 hos

1686 1989 1872 2052 ludos,
1912 1988 2079 2040 solari
2123 1989 2332 2039 numini
2364 1989 2552 2054 opinor
2590 2004 2779 2039 conse·

1690 2063 1900 2120 oratos,
1945 2058 2153 2123 peragi.
2226 2058 2454 2120 Eorum,
2501 2073 2643 2122 quae
2671 2059 2777 2108 Ro·

1689 2126 1866 2178 sellini
1899 2126 2100 2176 tabulis
2135 2124 2380 2191 pluribus
2406 2125 2668 2189 exhibuit,
2695 2142 2777 2176 re-

1688 2211 1908 2247 censum
1957 2196 2053 2246 dat
2088 2195 2135 2244 1.
2179 2195 2250 2246 H.
2288 2195 2501 2245 Kranae
2539 2196 2775 2260 Gymna-

1689 2265 1800 2314 stik
1818 2280 1873 2315 u.
1888 2263 2180 2329 Agonistik
2199 2263 2479 2315 d.Hellen.
2496 2262 2534 2315 l.
2549 2263 2583 2314 1.
2602 2281 2656 2328 p.
2669 2263 2775 2315 934

1689 2349 1839 2399 seqq.
1877 2333 2077 2383 additis
2105 2333 2257 2383 tabb.
2290 2333 2773 2386 xxv—XXVIII.

1686 2403 1822 2453 Inde
1852 2402 1908 2450 in
1944 2418 2150 2468 papyro
2178 2403 2415 2465 Graeco,
2454 2418 2614 2468 quem
2636 2404 2774 2468 Pey-

1687 2487 1787 2523 ron
1834 2469 2054 2537 (Papyr.
2098 2470 2324 2522 Graece.
2376 2472 2436 2521 P.
2492 2472 2540 2523 1.
2586 2488 2641 2537 p.
2682 2474 2769 2523 24.

1686 2542 1753 2591 55
1802 2540 1940 2606 seq.)
1994 2539 2454 2605 Gymnasiarehse
2502 2541 2560 2590 in
2613 2542 2775 2591 Dios-

1686 2608 1796 2674 poli
1819 2610 1950 2659 urbe
1975 2610 2264 2660 constituti
2286 2610 2489 2659 mentio
2517 2608 2604 2669 fit3
2630 2609 2771 2659 udde

1684 2678 1848 2742 Corp.
1901 2678 2185 2743 Inscriptt.
2249 2678 2344 2729 Gr.
2399 2679 2467 2731 T.
2524 2678 2632 2730 111.
2685 2694 2769 2730 nr.

1683 2746 1819 2797 4707
1853 2752 1910 2797 et
1938 2747 2096 2798 4717.

1753 2826 1848 2880 καὶ
1872 2830 2107 2895 χλαίνας
2131 2827 2227 2881 καὶ
2251 2828 2520 2898 δέρματα]
2552 2832 2772 2882 Utrum-

1684 2915 1788 2964 que
1825 2900 1879 2948 in
1913 2901 2168 2965 praemiis
2203 2916 2418 2966 quoque
2442 2901 2773 2952 Graecorum

1681 2966 1930 3019 ludorum
1966 2970 2219 3022 occurrit.
2278 2970 2526 3020 Glalaenas
2561 2970 2619 3019 in
2648 2971 2771 3020 Pel-

1682 3035 1802 3088 lene
1836 3037 1969 3088 urbe
2006 3037 2163 3089 datas
2204 3054 2325 3089 esse
2358 3040 2510 3089 canit
2540 3038 2766 3090 Pindar.

1683 3106 1900 3171 Olymp.
1938 3107 2036 3170 lx,
2082 3108 2195 3158 146.
2233 3108 2390 3158 Nem.
2425 3109 2500 3170 X,
2538 3109 2633 3170 82,
2671 3109 2766 3159 nbi

1682 3175 1936 3225 consulas
1977 3181 2032 3225 et
2068 3182 2282 3227 veteres
2332 3182 2388 3226 et
2436 3178 2767 3227 recentiores

1682 3244 2025 3309 interpretes.
2074 3247 2243 3295 Pelles
2268 3246 2568 3296 victoribus
2606 3246 2768 3296 datas

1681 3311 1767 3363 vel
1791 3314 2060 3364 Homerus
2096 3314 2292 3379 probat
2318 3314 2407 3366 Ili.
2433 3315 2612 3377 xxn,
2645 3316 2765 3378 159,

1679 3382 1775 3432 ubi
1799 3381 1905 3448 leg.
1936 3382 2229 3434 Scholiast.
2265 3384 2348 3434 De
2381 3385 2658 3446 pecudibus
2678 3399 2766 3435 res

1678 3456 1831 3503 nota.

1748 3532 1844 3586 καὶ
1887 3525 1975 3587 ὅτι
2020 3533 2395 3601 κεχωρίδαται
2439 3530 2767 3600 Αἰγυπτίων

1675 3602 1790 3655 τῶν
1824 3596 2031 3671 ἄλλων]
2066 3605 2108 3656 i.
2129 3620 2178 3656 e.
2213 3620 2307 3654 cur·
2339 3608 2550 3656 seiuncti
2578 3608 2681 3656 sint
2710 3609 2763 3657 in

1678 3690 1738 3725 eo
1775 3690 1809 3724 a
1847 3676 2031 3724 ceteris
2064 3674 2357 3739 Aegyptiis,
2406 3676 2543 3739 quod
2569 3677 2763 3739 aymni-

1674 3757 1760 3793 οοε
1797 3743 1942 3793 ludos
1975 3745 2237 3793 inuitum
2273 3759 2319 3794 s.
2345 3758 2438 3793 cnr
2468 3744 2564 3794 hoc
2593 3746 2765 3808 sinqu-

1672 3814 1786 3862 lare
1822 3827 1959 3875 prae
2003 3813 2190 3862 ceter-is
2223 3812 2492 3877 Aeyyptiiae
2524 3812 2763 3875 habeant,

1670 3888 1727 3930 ut
1757 3882 2012 3946 yymm'cos
2044 3882 2192 3931 ludos
2218 3883 2498 3934 instituant.
2546 3881 2639 3932 Sic
2672 3896 2763 3931 κε-

1672 3946 1981 4014 χωρίδαται
2016 3949 2061 4012 Ῑ,
2104 3949 2232 4014 140,
2270 3949 2365 4000 ubi
2404 3950 2515 4000 vid.

1757 4015 2192 4084 κατέβαινον
2249 4010 2305 4075 ἐς
2357 4010 2460 4068 τὸν
2507 4015 2605 4083 Π.]
2677 4020 2765 4070 De

1674 4084 2072 4154 καταβαίνειν,
2141 4088 2177 4139 i.
2234 4103 2282 4137 e.
2343 4087 2651 4138 descendere
2706 4089 2764 4138 in

1674 4157 1949 4219 oratione,
2008 4154 2135 4206 inde
2199 4156 2467 4221 progredi,
2523 4172 2760 4222 per-aere,

1675 4225 1819 4305 qous.
1860 4225 1917 4287 1,
1950 4224 2022 4276 90
2057 4225 2189 4289 ibiq.
2225 4230 2345 4277 not.
2381 4254 2450 4264 —-
2494 4226 2563 4275 Iu
2604 4240 2757 4290 seqq.

1672 4292 1999 4358 αναγνῶναι
2020 4298 2131 4343 est:
2156 4296 2445 4359 agnovisse,
2471 4309 2577 4358 quo
2596 4309 2764 4345 sensu

1671 4363 1948 4413 invenitur
1975 4354 2297 4428 ἀνάγνωσις
2328 4377 2495 4428 supra
2516 4363 2583 4426 1‚.
2604 4363 2723 4414 116.
