3109 5092
1127 309 1623 409 EUTERPE.
1670 347 1754 406 Π.
1795 359 1884 412 28.
2528 350 2645 413 481

369 517 599 608 λήνων
638 524 777 587 τῶν
816 513 1029 606 ἐμά’
991 519 1422 608 απικομένων
1453 516 1520 599 ἐς
1549 519 1811 607 λόγους,
1841 518 2068 602 οὐδεὶς
2106 517 2431 611 ὑπέσχετο
2474 525 2649 595 εἰδέ-

369 650 506 707 ναι,
538 627 602 689 εί
624 620 714 710 μὴ
745 618 823 691 ἐν
849 620 1175 717 Αίγύπτω
1218 621 1295 693 ἐν
1321 622 1461 692 Σάι·
1493 622 1649 693 πόλι
1690 618 1727 691 ὁ
1773 626 2267 715 γραμματιστὴς
2303 632 2439 696 τῶν
2484 634 2652 719 ἱρῶν

369 724 728 815 χρημάτων
753 730 870 813 τῆς
890 722 1267 816 Ἀθηναίης.
1321 716 1517 804 οὗτος
1554 723 1620 795 δ’
1657 723 1810 814 ἐμοί
1832 754 1909 813 γε
1939 735 2199 812 παίζειν
2236 726 2486 816 ἐδόκεε,
2517 732 2647 818 φά-

370 856 569 917 μενος
600 826 854 898 είὸἑναι
880 825 1232 918 ἀτρεκέως.
1280 836 1468 917 ἔλεγε
1497 829 1573 897 δὲ
1603 819 1769 899 ωδε
1815 829 2016 901 Εἶναι
2048 832 2172 902 δύο
2200 861 2406 922 ουρεα
2439 831 2506 914 ἐς
2532 831 2651 917 ὀξύ

371 930 489 1013 τὰς
527 929 832 1020 κορυφὰς
860 928 1245 1023 ἀπηγμένα,
1276 929 1523 1021 μεταξὺ
1552 931 1831 1022 Συήνης
1857 961 1929 1002 τε
1962 935 2192 1015 πόλιος
2231 945 2508 1025 κείμενα
2537 944 2652 1026 τῆς

375 1041 712 1124 Θηβαΐδος
740 1036 853 1104 καὶ
874 1032 1377 1125 Ἐλεφαντίνης·
1409 1032 1748 1124 οὐνόματα
1771 1036 1845 1105 δὲ
1877 1036 2050 1107 εἶναι
2077 1055 2248 1109 τοῖσι
2276 1037 2529 1130 οὔρεσι,
2556 1048 2650 1133 τῷ

374 1200 643 1266 Cambyse
685 1216 814 1266 rege
847 1207 973 1267 post
1019 1204 1306 1267 subactos,
1357 1219 1463 1269 quo

376 1275 618 1335 tempore
667 1271 804 1336 ipsis
849 1273 1087 1336 praefuit
1119 1273 1461 1338 Thannyras‚

375 1341 526 1391 Inari
573 1339 735 1390 filius.
809 1343 892 1392 Eo
942 1343 1084 1392 enim
1135 1358 1308 1408 usque
1355 1344 1464 1392 He-

375 1410 625 1474 rodotum
661 1411 974 1474 pervenisse
1016 1413 1243 1475 statuit,
1279 1412 1465 1475 ibique

377 1479 714 1543 quaesivisse
760 1478 830 1530 de
865 1480 978 1530 Nili
1013 1482 1277 1532 fontibus.
1351 1482 1465 1531 Nec

377 1549 592 1599 omnino
631 1548 1018 1612 dubitandum,
1059 1551 1188 1616 quin
1224 1550 1465 1616 aliquam

375 1624 521 1668 certe
569 1618 779 1683 Libyae
824 1624 1033 1684 partem
1080 1636 1337 1686 oramque
1385 1620 1464 1668 in-

376 1688 563 1753 primis
617 1689 946 1738 maritimam
992 1690 1192 1740 Noster
1245 1689 1461 1740 adierit.

374 1757 497 1806 vid.
536 1757 724 1822 Heyse
758 1760 985 1821 Quaest.
1012 1759 1215 1810 Herod.
1244 1760 1290 1809 1.
1330 1774 1458 1823 pag.

379 1828 478 1879 115
517 1842 632 1892 seq.
678 1828 950 1878 Heerenio
986 1828 1074 1879 hic
1121 1827 1464 1892 intelligendi

375 1895 630 1947 videntur
694 1897 926 1962 Libyes,
999 1897 1093 1963 qui
1156 1897 1464 1952 commercii

377 1981 546 2016 causa
589 1981 655 2016 ex
700 1966 835 2031 ipsis
899 1965 1006 2017 illis
1062 1968 1197 2019 locis
1242 1967 1460 2018 Thebas

374 2036 625 2086 venerint
644 2051 816 2100 eaque
851 2036 907 2086 in
927 2037 1060 2087 urbe
1091 2037 1159 2087 ab
1183 2035 1463 2088 Herodoto

377 2105 580 2156 fuerint
604 2105 862 2164 consulti;
901 2106 1014 2157 vid.
1045 2107 1213 2158 Ideen
1248 2106 1460 2166 etc.11,

374 2176 428 2226 2.
466 2190 521 2239 p.
555 2174 658 2225 439
690 2174 812 2225 coll.
853 2176 1017 2238 11,.1.
1052 2191 1177 2241 pag.
1221 2176 1336 2227 195.

384 2302 400 2323 ε
445 2238 500 2293 εί
539 2235 616 2308 μὴ
666 2233 728 2292 ἐν
765 2212 1029 2322 Αἰγύπτῳ
1069 2235 1131 2294 ἐν
1175 2236 1292 2294 Σάϊ
1327 2236 1460 2293 πόλι

372 2327 403 2361 ο
446 2305 863 2395 γραμματιστὴς
904 2310 1019 2362 τῶν
1056 2306 1202 2376 ἴρῶν
1247 2303 1460 2378 χρημά-

371 2397 486 2431 των
536 2381 635 2447 τῆς
684 2374 1023 2464 Ἀθηναίης]
1089 2383 1241 2444 Quae
1291 2383 1460 2433 verba

373 2452 551 2501 citans
588 2451 784 2502 Pollux
820 2452 878 2501 in
920 2451 1206 2503 Onomast.
1253 2452 1348 2516 IV,
1392 2450 1457 2502 19

371 2513 787 2586 γραμματιστὴς
823 2521 912 2570 hic
946 2520 1088 2571 idem
1116 2537 1237 2572 esse
1276 2522 1355 2572 ait
1376 2525 1458 2570 at·

373 2605 476 2655 que
525 2581 899 2654 γραμματεύς.
981 2591 1313 2654 Larcherus,
1365 2590 1457 2655 qui

372 2659 521 2723 prIus
558 2658 901 2710 intellexerat
932 2659 1275 2711 sacerdotem
1298 2675 1456 2711 sacro

372 2729 583 2779 aerario
638 2735 804 2793 atque
864 2728 1190 2794 supellectili
1249 2728 1459 2796 praefe-

371 2803 518 2849 ctum
558 2800 643 2858 „le
672 2800 840 2862 aar-de
876 2799 966 2849 des
999 2802 1195 2850 tresors
1223 2797 1460 2861 sacr-635⁴

371 2872 523 2933 post,
574 2867 896 2918 Michaelem
942 2874 1162 2919 secutus
1212 2869 1267 2918 in
1305 2870 1460 2918 Com·

376 2942 564 2988 mentt.
604 2938 796 2988 societ.
835 2939 986 2988 Gott.
1028 2939 1073 2987 1.
1112 2955 1165 3003 p.
1205 2940 1305 2989 271
1330 2976 1343 2998 ,
1382 2941 1458 2988 in-

374 3015 646 3071 terpretem
683 3006 918 3057 reddidit
950 3007 1381 3073 loeae’eroolypleorum
1413 3024 1456 3057 s.

372 3092 639 3126 sacrarum
680 3077 1205 3141 scripturarwn.1n
1240 3093 1345 3142 quo
1383 3076 1463 3126 illi

374 3146 568 3196 merito
617 3145 927 3211 obloquitur
970 3147 1273 3212 Schweigh.
1312 3147 1461 3198 Satis

374 3216 515 3265 euim
549 3215 717 3265 verba
748 3215 938 3265 addita
983 3214 1097 3264 τῶν
1140 3210 1285 3280 ἱρῶν
1327 3231 1460 3280 χρη-

372 3299 566 3348 ματων
632 3284 876 3335 indicare
947 3285 1225 3342 videntur,
1301 3284 1460 3349 quale

372 3354 536 3404 huius
574 3354 877 3405 sacerdotis
913 3354 1077 3404 fuerit
1114 3369 1326 3416 munus,
1366 3354 1459 3417 qui

375 3423 583 3473 aerario
633 3438 789 3473 sacro
840 3423 1320 3488 communibusque
1375 3439 1460 3472 sa·

373 3491 667 3542 cerdotalis
679 3492 1165 3556 collegiirediti-bus
1176 3508 1297 3542 cum
1311 3507 1460 3557 prae-

374 3562 585 3625 positus
622 3566 793 3622 esset,
844 3561 912 3610 ab
961 3562 1231 3611 Heerenio
1271 3561 1458 3624 (Ideen

374 3631 450 3688 11,
476 3633 527 3682 2.
569 3647 622 3695 p.
653 3630 774 3693 132)
807 3635 1034 3681 vocatur
1058 3632 1192 3692 „der
1217 3632 1461 3682 Rentmei-

373 3707 484 3750 ster
510 3700 600 3750 des
633 3700 1147 3764 Priestercolleqiums
1181 3716 1242 3749 zu
1273 3699 1457 3751 Sais.“

375 3769 459 3819 De
487 3768 722 3820 Minerva
758 3769 968 3820 Saitica
1003 3774 1057 3818 et
1099 3769 1166 3819 de
1201 3770 1333 3820 urbe
1367 3767 1460 3817 Sai

374 3837 521 3888 conf.
569 3843 682 3888 not.
727 3838 797 3888 ad
845 3839 921 3899 ΙΙ,
969 3838 1056 3889 59.
1105 3837 1193 3889 62.
1267 3829 1459 3900 ,,Σά·ι’ν

373 3901 760 3957 αἰθαλοέσσαν
778 3907 933 3958 novit
952 3907 1224 3958 Nicander
1244 3907 1301 3955 in
1322 3907 1460 3956 The-

374 3976 538 4029 riacc.
579 3991 661 4027 vs.
703 3976 822 4039 566,
874 3976 967 4026 ubi
1012 3976 1123 4026 vid.
1176 3975 1357 4027 Schol.
1402 3991 1456 4039 p.

372 4043 442 4097 90
489 4044 573 4095 ed.
623 4045 878 4097 Schneid.
936 4049 991 4094 et
1039 4044 1279 4095 eius'dem
1335 4043 1462 4094 Ani-

377 4112 907 4166 madvss.148.“
965 4114 1051 4164 Cr.

445 4175 596 4233 εἶναι
647 4132 756 4233 gv‘o
807 4197 982 4248 ονρεα
1026 4212 1097 4223 -
1137 4173 1461 4247 ἀπηγμένα]

377 4252 413 4303 i.
444 4268 490 4303 e.
526 4253 651 4303 duos
687 4268 802 4304 esse
837 4261 1041 4316 montes,
1080 4267 1286 4318 quorum
1317 4266 1465 4301 cacu-

373 4324 504 4371 mina
549 4323 599 4372 in
645 4331 841 4372 acutum
875 4321 1126 4372 desinant.
1197 4323 1302 4372 Pro
1339 4315 1465 4369 ἁπι-

1567 1204 1687 1254 cavi
1734 1220 1854 1254 cum
1899 1209 2125 1255 recentt.
2173 1203 2294 1256 edd.
2332 1195 2650 1270 ἀπηγμένα,

1567 1274 1711 1338 quod
1764 1289 1929 1324 unum
1974 1289 2161 1324 verum
2218 1274 2307 1325 hic
2357 1290 2507 1338 esse,
2563 1271 2651 1325 vel

1565 1343 1732 1393 simili
1780 1344 2091 1394 Pausaniae
2138 1344 2259 1393 loco
2310 1344 2408 1406 IX,
2460 1312 2548 1407 333,
2599 1346 2651 1406 2,

1568 1412 1799 1477 aliisque
1837 1413 2079 1462 ostendit
2111 1413 2346 1464 Bredov,
2383 1429 2439 1478 p.
2470 1415 2556 1464 72.

1590 1472 1842 1545 ,μεταξὺ
1891 1474 2125 1546 Συήνης
2173 1496 2229 1531 τε
2285 1474 2484 1540 πόλιος
2537 1481 2650 1533 κεί-

1565 1564 1707 1614 μενα
1755 1549 1855 1614 τῆς
1909 1548 2234 1622 Θηβαΐδος]
2281 1552 2462 1616 Syene
2519 1553 2650 1604 urbs

1566 1636 1735 1685 prope
1787 1618 2186 1684 Elephantinen
2255 1621 2364 1671 sita
2424 1623 2482 1671 in
2539 1620 2653 1674 Nili

1568 1689 1685 1753 ripa
1745 1689 2024 1750 orientali,
2083 1690 2177 1740 ubi
2237 1690 2359 1755 ipsa
2414 1691 2653 1756 Aegypti

1566 1758 1701 1807 ditio
1734 1758 1926 1822 incipit
1958 1760 2301 1824 Aegyptique
2331 1764 2459 1809 sunt
2493 1760 2648 1810 fines.

1567 1827 1675 1878 Ubi
1693 1844 1813 1877 cum
1845 1826 2001 1878 Nilus
2027 1828 2165 1879 bene
2199 1827 2528 1894 navigabilis
2554 1828 2650 1879 fiat

1564 1897 1893 1961 Aegyptiam
1930 1901 2131 1947 terram
2180 1898 2338 1962 quasi
2381 1898 2648 1963 aperiens,

1566 1967 1740 2030 ipsum
1776 1967 1926 2017 urbis
1963 1982 2157 2016 nomen
2196 1966 2321 2017 hinc
2359 1966 2650 2018 deductum

1567 2035 1818 2098 credunt,
1866 2035 2011 2100 quod
2046 2036 2341 2101 Coptarum
2382 2041 2437 2086 et
2474 2038 2651 2103 Aegy-

1566 2106 1800 2170 ptiorum
1849 2120 2096 2155 sermone
2143 2110 2227 2155 est
2272 2105 2444 2156 Souara
2488 2103 2549 2170 (i.
2599 2122 2647 2156 e.

1565 2176 1829 2238 aper-iem,
1882 2175 2018 2239 quod
2060 2176 2333 2237 aper-iuncti
2362 2175 2513 2226 habet
2552 2191 2650 2239 po-

1563 2241 1838 2305 testatem),
1876 2243 2114 2294 Arabum
2162 2244 2348 2310 lingua
2383 2245 2648 2300 Amnem.-

1564 2312 1659 2362 sed
1697 2313 1961 2363 hodierna
1998 2314 2126 2363 urbs
2162 2313 2325 2379 paulo
2363 2316 2538 2380 magis
2567 2331 2650 2365 se-

1562 2381 1924 2446 ptentrionem
1982 2398 2172 2433 versus
2229 2388 2508 2434 exstructa
2565 2389 2649 2434 est

1561 2452 1629 2501 ab
1654 2452 1949 2516 antiquiori
1977 2452 2106 2508 urbe
2129 2451 2330 2504 dudum
2349 2453 2647 2504 destructa.

1561 2523 1643 2570 De
1679 2521 1958 2585 utriusque
2001 2522 2176 2584 urbis,
2225 2528 2280 2572 et
2323 2522 2648 2588 antiquioris

1563 2597 1617 2638 et
1647 2590 1997 2651 recentioris,
2037 2591 2165 2652 situ,
2219 2597 2275 2641 et
2313 2597 2649 2656 quantopere

1562 2660 1608 2708 is
1664 2659 1965 2708 adverterit
2015 2659 2345 2711 Graecorum
2400 2666 2648 2711 astrono-

1563 2744 1679 2778 mos
1713 2733 1768 2778 et
1798 2729 2169 2792 geographos,
2208 2730 2646 2790 Eratosthenem,

1563 2797 1885 2848 Strabonem
1900 2834 1913 2859 ,
1956 2797 2355 2856 Ptolemaeum,
2390 2805 2647 2849 accurate

1566 2868 1704 2932 egit,
1744 2871 1991 2916 monente
2031 2868 2137 2928 002,
2175 2868 2411 2918 Iomard.
2448 2870 2507 2919 in
2540 2869 2648 2918 De·

1564 2937 1750 3001 script.
1801 2935 1869 2985 de
1904 2936 2047 3002 l'Eg.
2086 2937 2195 2987 vol.
2246 2937 2291 2988 1.
2333 2954 2455 3003 cap.
2504 2940 2555 2991 2.
2590 2955 2644 3003 p.

1567 3007 1590 3056 1
1633 3021 1784 3071 seqq.
1822 3006 1851 3054 7
1895 3020 2046 3072 seqq.
2087 3005 2332 3070 (Recueil
2377 3013 2482 3059 etc.
2519 3024 2574 3072 p.
2620 3010 2636 3059 1

1564 3091 1715 3141 seqq.
1755 3092 1807 3140 p.
1846 3077 1881 3125 8
1917 3075 2126 3141 seqq.),
2164 3077 2256 3126 ubi
2287 3077 2444 3142 plura
2471 3078 2539 3128 de
2566 3093 2648 3128 re-

1562 3145 1746 3210 liquiis
1767 3145 1967 3194 veteris
1984 3146 2150 3198 urbis.
2202 3147 2287 3197 Tu
2309 3147 2435 3201 add.
2457 3146 2649 3198 Cham-

1562 3214 1694 3279 poll.
1735 3214 1974 3279 l'Egypt.
2001 3230 2129 3266 sous
2169 3215 2202 3265 l.
2242 3216 2405 3268 Phar.
2432 3217 2475 3268 1.
2515 3232 2645 3282 pag.

1567 3286 1660 3335 161
1688 3299 1860 3348 seqq„
1890 3285 2090 3334 Ritter:
2127 3285 2423 3336 Erdltunde
2442 3286 2487 3336 1.
2516 3303 2644 3351 pag.

1563 3353 1666 3404 693
1691 3368 1865 3418 seqq„
1904 3354 2167 3404 Rosellini
2194 3355 2531 3405 Monumenti
2560 3354 2647 3404 del

1564 3421 1725 3471 Culto
1760 3437 1886 3486 pag.
1928 3422 2024 3473 191
2067 3439 2181 3488 seq.

1643 3490 1855 3540 Thebais
1891 3496 1946 3539 et
1990 3490 2081 3542 hic
2129 3496 2183 3541 et
2218 3492 2292 3553 11,
2332 3491 2400 3541 92
2435 3507 2544 3540 non
2581 3491 2647 3541 de

1560 3575 1720 3609 nomo
1757 3558 2059 3622 Thebaico,
2095 3562 2189 3625 qui
2217 3560 2416 3610 dicitur
2444 3559 2521 3622 11,
2557 3563 2647 3622 42,

1562 3627 1657 3678 sed
1697 3627 1765 3676 de
1792 3628 1911 3692 ipsa
1932 3630 2169 3693 Aegypti
2196 3634 2352 3693 parte
2373 3629 2647 3692 superiore

1560 3695 1916 3762 intelligenda
1946 3701 2046 3747 est.
2123 3697 2281 3748 Conf.
2308 3698 2382 3760 11,
2422 3697 2482 3748 15
2511 3698 2644 3763 ibiq.

1558 3770 1668 3817 not.

1629 3830 1724 3884 καὶ
1770 3824 2199 3898 Ἐλεφαντίνης]
2243 3835 2326 3884 De
2371 3829 2646 3899 Elephan-

1564 3905 1677 3954 tine
1710 3904 1821 3953 vid.
1853 3907 1993 3954 nott.
2027 3904 2097 3953 ad
2132 3904 2205 3965 11,
2244 3904 2325 3954 17.
2366 3903 2474 3954 Sed
2507 3919 2647 3970 quae

1563 3974 1665 4025 hoc
1700 3973 1819 4037 ipso
1854 3971 1975 4023 loco
2004 3976 2395 4034 memorantur,
2437 3988 2503 4023 ea
2537 3988 2646 4022 non

1564 4042 1634 4092 ad
1668 4040 2100 4106 Elephantinen,
2137 4057 2324 4092 verum
2363 4042 2434 4092 ad
2470 4042 2648 4092 Philas

1565 4110 1738 4175 (cuius
1759 4110 1974 4163 insulae
1998 4110 2149 4162 nulla
2171 4113 2482 4176 caeteroqui
2503 4110 2646 4176 apud

1563 4180 1900 4232 Herodotum
1946 4181 2171 4247 mentio)
2221 4181 2493 4247 pertinere
2533 4185 2648 4231 sta-

1565 4251 1672 4300 tuit
1716 4249 1953 4301 Iomard.
2004 4253 2062 4302 in
2103 4252 2378 4315 Descript.
2426 4249 2493 4299 de
2536 4249 2646 4299 1⁹13-

1565 4323 1718 4386 gypt.
1757 4319 1980 4386 Antiqq.
2028 4319 2136 4370 vol.
2171 4320 2217 4369 1.
2248 4335 2366 4385 cap.
2407 4321 2459 4369 2.
2508 4321 2644 4368 sect.

372 4388 548 4456 γμένα
581 4396 636 4442 et
671 4391 774 4442 hoc
807 4390 931 4442 loco
967 4396 1021 4441 et
1058 4392 1184 4450 VII,
1211 4392 1278 4443 64
1315 4405 1466 4441 revo-
1567 4392 1619 4444 2.
1660 4404 1785 4455 pag.
1826 4389 1908 4441 18.
1960 4388 2026 4442 19
2063 4387 2186 4441 coll.
2236 4404 2358 4454 cap.
2403 4388 2453 4440 3.
2499 4402 2554 4451 p.
2599 4388 2646 4436 1.

463 4495 796 4537 HERODOT.
845 4495 887 4535 1.

2187 4470 2260 4529 31
