3109 5092
492 356 616 418 512
1360 352 1897 415 HERODOTI

490 531 745 618 ἐσθῆτα
771 524 896 597 οὐκ
923 530 1134 609 ἔξεστι
1165 536 1434 615 λαβεῖν,
1488 525 1651 597 οὐδὲ
1682 521 2082 616 ὑποδήματα
2107 523 2297 596 ἄλλα.
2381 528 2660 593 λοῦνται
2698 523 2773 592 δὲ

491 633 595 711 δὶς
615 636 731 720 τῆς
758 627 1002 720 ἡμέρης
1019 632 1298 719 ἑκάστης
1313 636 1572 725 ψυχρῷ,
1604 632 1715 699 καὶ
1733 632 1836 710 δὶς
1861 629 2137 717 ἑκάστης
2170 627 2427 706 νυκτός.
2467 625 2674 707 ἄλλας
2698 654 2773 696 τε

486 741 867 823 θρησκηΐας
882 737 1292 804 ἐπιτελέουσι
1321 742 1567 824 μυρίας
1581 786 1599 820 ,
1629 730 1716 814 ὥς
1734 739 1950 803 εἰπεῖν
1970 733 2167 826 λόγῳ.
2208 732 2538 820 πάσχουσι
2561 729 2638 799 δὲ
2658 731 2772 798 καὶ

486 833 716 923 ἀγαθὰ
745 834 869 906 οὐκ
905 834 1123 926 ὀλίγα.
1178 835 1333 908 οὔτε
1360 865 1423 907 τι
1452 836 1582 927 γὰρ
1609 842 1748 907 τῶν
1767 842 2049 924 οἰκηΐων
2069 843 2378 925 τρίβουσι
2398 885 2416 919 ,
2458 830 2615 903 οὔτε
2645 839 2768 902 δα-

489 944 903 1027 πανέωνται,
950 938 1119 1010 ἀλλὰ
1147 944 1258 1010 καὶ
1280 949 1459 1011 σιτία
1485 949 1615 1029 σφί
1639 943 1776 1009 ἐστι
1809 938 1919 1029 ἱρὰ
1946 939 2325 1027 πεσσόμενα
2343 990 2361 1024 ,
2405 939 2517 1005 καὶ
2550 941 2772 1026 κρεῶν

487 1046 706 1129 βοέων
758 1046 872 1113 καὶ
912 1046 1173 1132 χηνέων
1214 1043 1476 1134 πλῆθός
1515 1073 1580 1112 τι
1636 1043 1889 1136 ἑκάστῳ
1933 1049 2189 1131 γίνεται
2229 1038 2482 1112 πολλὸν
2522 1035 2768 1128 ἡμέρης
2810 1139 2837 1159 .

489 1146 795 1236 ἑκάστης·
830 1153 1089 1217 δίδοται
1119 1152 1199 1217 δέ
1220 1170 1341 1236 σφι
1372 1150 1485 1218 καὶ
1512 1147 1694 1229 οἶνος
1709 1144 2088 1236 ἀμπέλινος.
2132 1145 2395 1233 ἰχθύων
2427 1143 2503 1212 δὲ
2530 1139 2614 1212 οὔ
2644 1164 2765 1230 σφι

490 1345 571 1396 dit
617 1346 799 1412 imago
840 1345 1112 1412 Aegyptia
1162 1349 1308 1414 apud
1347 1347 1577 1397 wilkin-

490 1431 611 1466 son.
645 1416 901 1465 Manners
938 1420 1044 1467 etc.
1085 1417 1191 1468 111.
1229 1434 1279 1482 p.
1312 1417 1428 1469 160.
1492 1419 1578 1467 De

487 1484 652 1550 byblu
690 1485 914 1554 eiusque
956 1487 1108 1536 vario
1145 1502 1248 1536 usu
1287 1487 1467 1537 varias
1506 1486 1577 1536 ad

486 1569 574 1604 res
612 1553 685 1604 cf.
723 1560 863 1604 nott.
882 1554 974 1604 ·ad
1010 1555 1089 1618 11,
1126 1555 1213 1606 02.

556 1619 791 1672 λοῦνται
828 1618 892 1673 δὲ
940 1619 1031 1681 δὶς
1077 1623 1180 1690 τῆς
1225 1615 1437 1690 ἡμέρης
1479 1640 1574 1674 νυ-

485 1685 854 1814 ’ἑὶἶςέωἷέξέἱ
891 1692 1466 1814 ῗέ“ὶῗ.ἔῃ“ἓῖ”ῗῧ
1508 1709 1575 1814 ‘³7¹

870 1824 890 1830 ,,
1194 1802 1206 1815 ·
1322 1800 1335 1814 ·
1470 1801 1483 1826 2
1559 1801 1574 1826 ν

483 1831 641 1896 plura
677 1833 743 1882 de
779 1833 1123 1884 sacerdotum
1158 1834 1358 1884 officiis
1391 1834 1575 1897 dispu-

484 1907 640 1966 tans,
704 1904 810 1953 nisi
857 1902 1000 1968 quod
1053 1913 1134 1954 ter
1187 1905 1291 1954 hoc
1338 1903 1574 1953 interdiu

485 1971 601 2021 fieri
624 1974 861 2037 scripsit.
917 1974 1001 2023 De
1042 1976 1385 2032 sacerdotum
1422 1973 1575 2023 ablu-

484 2041 726 2091 tionibus
763 2041 903 2090 idem
929 2049 1120 2093 auctor
1146 2050 1229 2093 est
1247 2043 1573 2093 Plutarchus

486 2109 554 2159 de
591 2110 724 2160 Isid.
776 2115 941 2176 atque
979 2111 1183 2161 Osirid.
1223 2128 1343 2176 cap.
1392 2115 1478 2163 75.
1515 2129 1569 2177 p.

485 2178 584 2229 381
624 2180 694 2241 D,
742 2180 837 2229 ubi
873 2185 1087 2243 narrat,
1133 2195 1330 2244 aquam
1379 2195 1441 2229 eo
1479 2182 1573 2230 ad-

481 2248 659 2297 hiberi
694 2263 909 2312 puram,
947 2250 1090 2299 unde
1124 2249 1231 2298 ibis
1269 2250 1388 2298 avis
1423 2249 1573 2299 bibe-

483 2318 575 2368 rit.
630 2317 788 2368 Unde
826 2317 1058 2369 lotiones
1095 2319 1361 2369 solemnes
1392 2319 1449 2367 in
1483 2319 1572 2369 Iu-

482 2387 740 2437 daeorum
767 2388 956 2451 sacris,
995 2388 1062 2438 de
1087 2387 1281 2453 quibus
1311 2388 1568 2453 Spencer.

483 2455 520 2506 1.
557 2456 597 2506 l.
625 2457 730 2520 ΙΙΙ,
770 2456 996 2508 3.-sect.
1037 2459 1088 2507 2.
1126 2473 1250 2523 pag.
1275 2458 1376 2508 788
1414 2473 1568 2524 seqq.

482 2525 650 2589 Idem,
685 2532 936 2577 monente
958 2528 1064 2591 Cr„
1097 2527 1363 2592 hodieque
1390 2529 1571 2579 facere

480 2597 781 2662 Aegyptios
827 2601 1101 2648 testantur
1137 2596 1280 2648 Galli
1329 2598 1475 2648 docti
1511 2598 1568 2647 in

479 2665 753 2731 Descript.
793 2667 860 2717 de
893 2667 1037 2732 l'Eg.
1079 2667 1155 2718 11.
1196 2683 1322 2732 pag.
1349 2667 1470 2719 386.
1496 2695 1566 2704 ——

478 2735 562 2785 Ad
599 2735 805 2803 ψυχρῷ
844 2738 1019 2802 suppl.
1056 2726 1253 2797 ῧδατις
1291 2738 1362 2791 cf.
1406 2739 1567 2788 Lam·

477 2805 617 2854 bert.
656 2806 785 2855 Bos.
858 2807 942 2856 De
974 2804 1195 2871 Ellipss.
1270 2844 1282 2856 .
1309 2808 1407 2858 501
1431 2823 1561 2873 seq.

545 2865 717 2929 ἄλλας
761 2888 818 2924 τε
856 2872 1186 2938 θρησκηΐας
1247 2873 1564 2926 πιτελέουσι

476 2939 705 3005 μυρίας]
746 2944 835 2993 Ita
873 2944 1119 2994 dedimus
1147 2945 1449 3011 Schweigh.
1481 2961 1563 2995 se-

477 3010 619 3070 cuti3
658 3011 851 3076 vulg-o:
880 3011 1086 3076 μυρίας
1119 3004 1460 3063 ἐπιτελέουσι
1485 3015 1562 3065 in-

401 3089 406 3094 ·
475 3094 634 3130 verso
671 3080 879 3131 ordine.
954 3080 1039 3132 Ad
1073 3079 1399 3146 θρησκηΐας
1434 3083 1561 3149 (pro

475 3148 625 3215 vulg.
673 3147 982 3214 θρησκίας)
1031 3153 1176 3202 conf.
1226 3152 1300 3214 ΙΙ,
1356 3153 1419 3204 18
1463 3153 1560 3202 ibi-

476 3232 582 3282 que
618 3222 760 3270 nott.
832 3220 915 3270 Ad
953 3211 1032 3277 ὡς
1066 3216 1250 3270 εἰπεῖν
1295 3214 1440 3288 λόγῳ
1478 3224 1554 3286 ΙΙ,

474 3288 539 3338 21
562 3287 749 3354 ibique
767 3295 909 3341 nott.
964 3291 1046 3340 De
1071 3296 1389 3355 argumento
1407 3293 1554 3343 conf.

470 3358 760 3424 Porphyrii
779 3357 955 3410 locum
977 3358 1123 3411 laud.
1179 3361 1415 3411 Verbum
1442 3355 1561 3410 ἐπι-

469 3425 649 3477 τελεῖν
697 3428 753 3478 in
794 3429 956 3480 rebus
1006 3430 1176 3480 sacris
1232 3431 1556 3496 peragendis

468 3497 735 3547 usitatum
783 3497 1173 3552 illustravimus
1220 3500 1290 3549 ad
1339 3500 1556 3550 Ctesiae

470 3565 719 3632 fragmm.
754 3583 878 3633 pag.
908 3568 1031 3619 436.
1071 3600 1139 3609 —-
1173 3569 1239 3618 In
1284 3586 1435 3634 seqq.
1474 3585 1555 3618 re-

471 3633 604 3700 liqui
641 3633 1066 3700 δαπανέωνται,
1108 3654 1138 3687 e
1172 3639 1431 3690 Bredovii
1468 3655 1554 3690 ca·

468 3718 609 3754 none
645 3703 741 3770 (cf.
764 3721 904 3772 pag.
943 3705 1069 3773 387)
1103 3723 1137 3757 a
1167 3713 1397 3760 recentt.
1427 3708 1550 3759 edd.

467 3778 738 3824 mutatum
773 3775 836 3825 in
870 3773 1273 3827 δαπανέονται.

539 3832 671 3891 οὔτε
717 3859 770 3892 τι
818 3836 925 3908 γὰρ
981 3841 1097 3894 τῶν
1146 3841 1389 3910 οἰκηΐων
1436 3845 1553 3909 τρί-

466 3903 631 3974 βουσι
677 3926 729 3961 κ.
779 3927 826 3961 τ.
876 3910 948 3976 λ.]
995 3913 1148 3965 Haec
1204 3914 1554 3965 diiudicanda

467 3981 596 4026 sunt
633 3994 699 4028 ex
749 3981 1006 4032 universa
1039 3984 1430 4049 Aegyptiorum
1467 3999 1551 4034 sa-

464 4045 744 4096 cerdotum
762 4049 1072 4109 conditione
1092 4057 1256 4118 atque
1273 4053 1549 4104 instituto.

469 4113 676 4178 Cuique
711 4118 850 4166 enim
886 4118 1088 4183 templo
1135 4122 1300 4187 ampli
1346 4122 1548 4172 adiecti

466 4187 623 4232 erant
641 4183 811 4247 fundi,
849 4201 916 4235 ex
943 4202 1168 4250 quorum
1198 4191 1378 4241 reditu
1407 4206 1547 4242 com-

465 4265 626 4303 mune
651 4254 840 4320 templi
864 4257 1113 4306 constitit
1146 4261 1432 4323 aerarium,
1458 4262 1546 4310 eui

463 4322 572 4384 ipsi
616 4337 753 4373 unus
798 4339 829 4375 e
880 4325 1253 4377 sacerdotibus
1290 4330 1546 4406 praefuit,

461 4384 492 4442 ὅ
533 4387 952 4459 γραμματιστὴς
997 4392 1111 4445 τῶν
1156 4390 1299 4461 ἱρῶν
1333 4413 1544 4463 πρημα-

1679 1360 1811 1410 των,
1852 1351 1914 1396 ut
1944 1361 2108 1411 supra
2145 1346 2220 1408 ΙΙ,
2258 1347 2327 1397 28
2362 1349 2610 1395 vocatur.
2680 1345 2767 1394 Ex

1677 1414 1781 1465 hoc
1832 1416 2043 1466 aerario
2106 1416 2345 1466 omnium
2401 1413 2765 1475 sacerdotum,

1679 1485 1771 1548 qui
1813 1484 1883 1536 ad
1921 1484 2181 1550 templum
2209 1485 2378 1535 hocce
2399 1484 2764 1549 pertinebant,

1678 1559 1889 1604 sumtus
1926 1556 2322 1620 erogabantur,
2374 1555 2634 1619 ipsaeque
2681 1567 2768 1602 sa-

1677 1623 1956 1674 cerdotum
1980 1624 2221 1675 familiae
2240 1623 2620 1690 quotidianum
2639 1622 2766 1672 inde

1676 1693 2021 1758 accipiebant
2055 1695 2290 1757 victum,
2327 1697 2389 1743 ut
2424 1692 2561 1743 nihil
2597 1709 2627 1743 e
2662 1692 2757 1757 pri-

1675 1763 1823 1812 vatis
1849 1763 2041 1829 opibus
2066 1768 2213 1815 esset
2238 1763 2635 1814 insumendum.
2683 1762 2764 1811 Ac

1676 1838 1962 1897 praeterea
1991 1834 2221 1899 sing-ulis
2252 1832 2631 1883 sacerdotibus
2658 1835 2765 1895 pri-

1676 1909 1840 1953 vatae
1875 1918 2090 1968 quoque
2137 1918 2266 1968 opes
2304 1903 2476 1954 fuisse
2508 1901 2765 1952 videntur

1677 1977 1732 2021 et
1765 1972 1998 2036 peculia.
2070 1974 2155 2023 Tu
2193 1972 2303 2023 vid.
2330 1973 2565 2022 Heeren.
2594 1971 2762 2021 Ideen

1676 2047 1783 2092 etc.
1822 2043 1900 2103 ΙΙ,
1938 2044 1990 2092 2.
2041 2058 2165 2108 pag.
2215 2042 2315 2094 132
2361 2041 2488 2093 coll.
2530 2040 2759 2091 Diodor.

1674 2112 1784 2162 Sic.
1837 2112 1884 2174 1,
1934 2111 2021 2162 73.
2108 2112 2266 2163 Unde
2322 2112 2459 2161 satis
2515 2113 2759 2175 apparet,

1676 2196 1816 2244 quae
1866 2182 1977 2231 sint
2021 2171 2119 2244 ἱρὰ
2163 2173 2421 2247 χρήματα
2466 2180 2542 2243 11,
2593 2180 2662 2232 28
2704 2184 2758 2229 et

1674 2262 1815 2311 quae
1844 2246 1899 2299 h.
1934 2250 1973 2299 1.
2006 2250 2258 2299 dicantur
2304 2248 2456 2299 σιτία
2498 2241 2597 2314 ἷρά
2627 2261 2757 2298 πεσ-

1672 2309 1899 2381 σόμενα,
1937 2318 1973 2369 i.
2013 2333 2058 2368 e.
2098 2318 2207 2368 cibi
2242 2320 2414 2381 eneti,
2449 2319 2543 2384 qui
2571 2334 2603 2369 e
2628 2324 2759 2368 tem·

1671 2386 1881 2450 plorum
1910 2387 2119 2438 aerario
2145 2387 2519 2452 reditibusque
2534 2402 2761 2453 erogan-

1670 2462 1760 2504 tur
1795 2457 2171 2508 sacerdotibus
2193 2472 2483 2522 eorumque
2513 2455 2755 2507 familiis.

1674 2524 1831 2586 Quod
1866 2542 1996 2577 vero
2044 2526 2099 2580 b.
2150 2526 2187 2577 1.
2240 2531 2458 2592 praeter
2501 2526 2757 2577 bovinam

1671 2610 1887 2645 carnem
1923 2599 2164 2647 anser-ina
2199 2611 2413 2661 quoque
2438 2611 2758 2647 commemo-

1670 2669 1852 2727 ratur,
1888 2665 1965 2715 nil
2000 2667 2219 2727 mIrum3
2266 2681 2393 2716 nam
2441 2680 2661 2716 anseres
2698 2665 2755 2714 in

1668 2732 1878 2784 deliciis
1935 2735 2192 2785 babuisse
2233 2735 2486 2786 videntur
2541 2740 2754 2787 veteres

1667 2803 1954 2869 Aegyptii,
2008 2820 2144 2870 quos
2193 2820 2405 2855 omnem
2462 2821 2648 2856 curam
2696 2806 2753 2854 in
2820 2867 2833 2877 ,

1665 2874 1951 2924 anseribus
2024 2874 2235 2925 alendis
2308 2875 2609 2940 iisdemque
2648 2873 2752 2925 -ad

1665 2947 1852 3006 aptum
1890 2944 2070 2994 cibum
2106 2944 2497 3009 praeparandis
2550 2946 2752 3009 impen-

1664 3010 1837 3075 disse,
1878 3013 2034 3078 ipsae
2078 3013 2342 3079 imagines
2382 3014 2624 3065 crebrius
2660 3013 2754 3064 ob·

1662 3081 1785 3131 viae
1845 3083 2169 3143 ostendunt3
2245 3083 2357 3134 vid.
2418 3082 2748 3134 Wilkinson.

1662 3150 1918 3202 Manners
1964 3157 2072 3204 etc.
2118 3152 2194 3203 11.
2243 3168 2296 3217 p.
2341 3151 2425 3202 19.
2479 3152 2600 3204 388.
2638 3152 2744 3213 ΙΙΙ,

1661 3235 1789 3286 pag.
1826 3221 1915 3273 48.
1954 3237 2060 3273 sec.
2102 3237 2206 3274 ser.
2244 3223 2289 3272 Ι.
2318 3237 2447 3288 pag.
2490 3220 2588 3273 132
2626 3236 2745 3286 seq.

1663 3290 1955 3408 13ἓίὸοτοιι
1999 3357 2063 3409 δέ
2103 3373 2202 3423 σφι
2237 3355 2333 3408 καὶ
2371 3351 2533 3416 οἶνος
2567 3350 2745 3424 ἀμπέ-

1660 3427 1838 3492 λινος]
1874 3430 1981 3491 Qui
2015 3429 2317 3494 Aegyptios
2350 3429 2599 3479 narravit
2639 3426 2743 3493 (11,

1660 3496 1749 3562 77)
1788 3498 1915 3548 vino
1952 3499 2031 3547 uti
2056 3514 2122 3548 ex
2145 3497 2344 3550 hordeo
2368 3502 2583 3563 parate,
2621 3514 2743 3550 cum

1657 3566 1839 3617 nullae
1897 3568 2030 3617 sint·
2061 3583 2156 3633 per
2211 3568 2520 3632 Aegyptum
2579 3570 2743 3628 vites,

1656 3636 1800 3686 idem
1843 3639 2027 3686 tamen
2082 3637 2197 3686 vini
2252 3652 2412 3687 usum
2456 3638 2746 3703 Aegyptiis

1654 3705 1800 3756 haud
1834 3705 2014 3769 plane,
2033 3705 2302 3772 denegare
2337 3706 2512 3756 voluit
2545 3707 2621 3770 11,
2654 3706 2741 3758 60.

1654 3776 1727 3825 Et
1760 3779 1991 3840 utroque
2021 3773 2143 3826 loco
2172 3775 2386 3826 addidit
2407 3766 2741 3840 ἀμπέλινον,

1653 3859 1723 3894 ne
1757 3844 1877 3894 scil.
1916 3845 2102 3894 vinum
2144 3844 2486 3908 intelligatur
2532 3836 2592 3894 ἐκ
2626 3860 2744 3911 κρι-

1654 3910 1812 3962 θέων
1849 3917 2101 3978 paratum
2136 3929 2182 3965 s.
2220 3915 2505 3966 cerevisia.
2579 3914 2742 3965 Facit

1652 3983 1757 4033 huc
1791 3997 1951 4047 quam
1987 3983 2220 4033 maxime
2254 3981 2539 4034 Plutarchi
2583 3983 2739 4035 locus

1657 4051 1724 4102 de
1760 4051 1891 4102 Isid.
1934 4056 1989 4103 et
2028 4051 2234 4103 Osirid.
2273 4067 2395 4116 cap.
2442 4051 2496 4104 6.
2534 4069 2588 4117 p.
2636 4051 2741 4104 353

1651 4122 1715 4184 A,
1754 4121 1897 4171 unde
1945 4121 2232 4183 discimus,
2278 4120 2491 4172 modice
2524 4125 2738 4172 tantum

1649 4206 1751 4240 nec
1775 4190 1969 4255 quovis
1996 4195 2237 4255 tempore
2260 4190 2448 4240 vinum
2475 4193 2739 4241 sumsisse

1647 4259 1951 4325 Aegyptios
2009 4260 2319 4310 sacerdotes
2372 4260 2612 4324 itemque
2656 4276 2739 4310 re·

1651 4344 1746 4395 ges
1797 4335 1999 4380 certam
2048 4328 2315 4394 quandam
2369 4328 2485 4378 vini
2524 4344 2739 4379 mensu-

1648 4411 1761 4449 ram
1788 4398 2179 4464 praescriptam
2205 4398 2487 4463 accepisse
2515 4398 2643 4450 inde
2670 4415 2736 4450 ex
