3109 5092
1277 377 1525 440 CLIO.
1573 380 1623 438 Ι.
1672 385 1759 441 17.

2579 381 2660 442 39

309 562 679 645 9ναικηΐου
720 582 795 625 τε
832 553 948 622 καὶ
987 550 1339 643 ἆνδρηΐου.
1416 548 1506 634 ὥς
1548 552 1626 623 δὲ
1661 557 1728 634 ἐς
1771 550 1897 642 τὴν
1931 559 2283 642 Μιλησίην
2322 551 2654 640 ἀπίκοιτο,

355 660 687 752 οἰκήματα
734 660 864 749 μὲν
911 655 993 727 τὰ
1044 660 1153 729 ἐπὶ
1192 663 1332 728 τῶν
1376 655 1612 747 ἀγρῶν
1655 654 1813 729 οὔτε
1855 659 2253 745 κατέβαλλε,
2311 655 2466 729 οὔτε
2503 661 2650 729 ἐνε-

357 828 532 896 κηΐου
581 843 639 878 τε
698 822 794 878 καὶ
840 819 1147 894 ἆνδρηΐου]
1193 817 1309 876 ὑπὸ
1361 838 1455 873 συ-

363 903 576 966 ρίγγων
630 902 740 949 est:
786 900 861 949 ad
906 904 1122 955 cantum,
1172 898 1247 947 ad
1286 911 1456 946 sonum

354 974 676 1040 fiendam:
704 967 850 1035 quod
871 968 1007 1017 satis
1031 973 1222 1017 notum
1241 965 1458 1017 dicendi

364 1058 537 1111 genus
576 1040 819 1090 illustrat
852 1038 1053 1087 Matth.
1095 1037 1331 1089 Gramm.
1361 1035 1454 1087 Gr.

365 1120 416 1179 g.
468 1109 597 1171 592,
649 1108 704 1161 6.
740 1126 796 1174 p.
842 1106 943 1158 118
992 1123 1074 1171 sq.
1154 1108 1230 1157 Et
1274 1120 1458 1170 quam-

364 1197 529 1251 quam
562 1179 742 1244 plures
770 1182 964 1245 gentes
1000 1176 1346 1243 antiquitatis
1371 1190 1459 1224 ac-

365 1254 605 1318 cepimus
629 1250 699 1300 ad
724 1249 894 1299 tibiae
914 1262 1106 1298 sonum
1138 1247 1195 1296 in
1216 1261 1455 1311 pugnam

360 1328 641 1390 ingressas
679 1317 811 1383 (vid.
851 1316 1052 1368 Siebel.
1099 1316 1167 1366 ad
1211 1318 1452 1366 Pausan.

359 1397 429 1455 X,
480 1393 563 1443 15.
604 1394 658 1453 5.
704 1389 780 1456 2),
815 1387 907 1438 hic
966 1387 1131 1437 etiam
1187 1385 1344 1436 locus
1392 1399 1455 1435 eo

360 1462 541 1525 valet,
582 1464 643 1510 ut
681 1465 736 1510 et
769 1458 1036 1508 luxuriem
1069 1456 1457 1519 mollitiemque

361 1533 641 1599 Lydorum
690 1529 931 1579 declaret
981 1531 1036 1577 et
1081 1527 1314 1576 musices
1348 1525 1457 1589 pri·

360 1601 577 1653 mordia
609 1604 774 1665 atque
815 1599 1151 1648 incrementa
1181 1594 1460 1661 Lydorum

361 1672 520 1740 genti
548 1670 805 1732 vindicet,
828 1668 985 1718 cuius
1023 1667 1240 1717 omnino
1273 1665 1331 1714 in
1354 1665 1459 1714 hac

360 1760 421 1794 re
478 1742 734 1806 frequens
801 1738 1024 1788 mentio·
1096 1736 1253 1797 Vide,
1318 1749 1461 1799 quae

361 1815 560 1865 Oreus.
646 1809 833 1860 attulit
903 1806 973 1856 ad
1045 1806 1324 1857 Xanthum
1400 1805 1460 1853 in

358 1885 641 1943 Fragmm.
683 1877 959 1929 historice.
1038 1892 1091 1941 p.
1143 1876 1259 1927 156.
1330 1874 1455 1924 add.

364 1952 537 2003 Orelli
584 1949 771 2014 Suppl.
820 1950 962 1997 nott.
1016 1947 1085 1996 ad
1130 1943 1310 1996 Nicol.
1350 1946 1459 1995 Da-

360 2038 533 2073 masc-
574 2038 627 2086 p.
665 2022 732 2071 57
770 2034 853 2085 sq.
907 2018 1032 2067 Non
1068 2016 1208 2067 enim
1244 2020 1460 2065 tantum

362 2092 645 2158 Lydorum
676 2090 890 2140 musica
927 2103 1016 2138 ars
1054 2088 1112 2136 in
1145 2085 1459 2136 universum

365 2161 719 2228 praedicatur
780 2157 875 2224 (cf.
931 2156 1034 2207 Th.
1075 2156 1308 2205 Mencke
1352 2155 1460 2219 Ly-

364 2234 542 2283 diacc.
584 2248 638 2296 p.
686 2230 751 2282 31
801 2226 1008 2293 seqq.),
1057 2241 1246 2276 verum
1292 2225 1459 2275 etiam

362 2305 730 2353 instrumenta
787 2313 972 2349 eorum
1028 2297 1263 2355 musica;
1326 2310 1456 2359 quo—

364 2389 485 2422 rum
520 2371 625 2421 hoc
658 2370 781 2420 loco
818 2368 1052 2431 primum
1089 2369 1458 2416 memorantur

361 2440 584 2493 fistulae
599 2479 613 2502 ‚
644 2440 709 2490 de
733 2439 931 2504 quibus
950 2435 1160 2486 monitu
1184 2436 1277 2484 vix
1301 2449 1459 2498 opus.

362 2508 641 2575 πηκτίδες
679 2524 819 2574 quae
854 2507 1112 2570 deinceps
1147 2503 1460 2566 laudantur,

367 2597 555 2633 earum
595 2579 740 2643 apud
772 2580 1067 2628 Homerum
1104 2575 1321 2640 quidem
1344 2573 1463 2623 nul-

360 2652 421 2702 la
457 2651 691 2709 mentio3
742 2647 838 2697 sed
884 2645 1123 2697 occurrit
1158 2639 1364 2708 πηκτὶς
1406 2645 1463 2691 ἰιι

367 2720 579 2785 Orphei
615 2720 819 2783 Argon.
854 2732 939 2767 vs.
974 2716 1075 2767 411
1128 2720 1182 2764 et
1228 2716 1283 2763 in
1321 2713 1464 2762 Ana-

366 2795 578 2842 creont.
626 2789 722 2851 VI,
771 2788 864 2849 10,
911 2786 1005 2835 ubi
1053 2783 1197 2834 conf.
1245 2781 1465 2832 Fische-

362 2877 509 2911 rum.
562 2858 700 2909 Add.
753 2856 949 2908 Athen.
993 2855 1090 2904 IV.
1146 2870 1200 2918 p.
1251 2850 1351 2902 183
1396 2853 1461 2900 A.

366 2930 522 2981 xlv.
546 2945 599 2993 p.
633 2927 737 2980 635
770 2928 836 2977 B.
869 2926 1143 2976 Gesnerus
1166 2922 1236 2972 ad
1262 2921 1466 2984 Orphei

366 3000 408 3051 l.
446 3000 488 3053 l.
520 3014 616 3064 pro
653 2997 839 3048 eodem
876 2997 1238 3045 instrumento
1275 2990 1469 3040 haberi

368 3069 495 3119 vult
528 3072 695 3132 atque
729 3057 839 3130 τὴν
874 3056 1183 3128 φόρμιγγα,
1221 3060 1317 3111 alii
1345 3075 1466 3109 cum

367 3137 606 3202 magade
638 3134 997 3186 confundunt.
1037 3133 1217 3195 Atque
1247 3130 1466 3180 omnino

368 3208 531 3270 lyrae
577 3220 748 3267 genus
798 3203 963 3268 idque
1027 3201 1469 3265 antiquissimum

370 3279 491 3328 fere
526 3276 699 3327 fuisse
732 3274 973 3333 videtur,
1018 3271 1164 3336 quod
1199 3269 1341 3335 Lydi
1378 3268 1467 3318 vel

368 3347 484 3411 ipsi
530 3345 841 3395 invenerint
886 3341 970 3391 vel
1021 3345 1169 3391 certe
1217 3338 1466 3389 excolue-

367 3418 485 3466 rint
518 3414 789 3477 valdeque
811 3413 868 3461 in
892 3426 997 3461 usu
1026 3409 1335 3460 habuerint.
1377 3407 1461 3457 Cf.

369 3501 513 3550 quos
570 3483 760 3533 laudat
817 3482 938 3531 Ast.
986 3479 1056 3529 ad
1104 3478 1249 3529 Plat.
1297 3476 1463 3528 Polit.

365 3556 478 3611 ΙΙΙ,
522 3553 604 3603 10.
645 3569 699 3616 p.
739 3550 845 3601 456
878 3550 1082 3600 Comm.
1124 3547 1199 3612 (p.
1251 3544 1371 3597 399.
1413 3562 1469 3610 p.

370 3626 479 3676 132
516 3622 739 3685 Bekk).
776 3620 967 3671 Tertio
998 3619 1122 3669 loco
1160 3615 1468 3680 appellatur

367 3684 549 3748 αὐλὸς
604 3693 720 3741 sive
772 3690 921 3745 tibia,
971 3688 1125 3739 cuius
1162 3686 1363 3736 mentio
1410 3685 1468 3734 in

367 3764 538 3814 rebus
582 3760 806 3825 Lydicis
849 3763 944 3808 aut
978 3756 1266 3821 Phrygicis
1302 3755 1468 3804 nemi-

369 3848 499 3883 nem
538 3830 808 3882 advertet.
848 3828 954 3879 Sed
990 3827 1165 3881 maius
1189 3826 1468 3889 negotium

366 3904 479 3952 hoc
511 3900 634 3952 loco
663 3899 921 3952 exhibent
945 3897 1112 3947 verba
1147 3894 1335 3945 addita
1360 3882 1469 3943 ὑπ’

370 3962 607 4036 (αὐλοῦ)
655 3963 1080 4035 γυναικηΐου
1128 3978 1187 4014 τε
1231 3958 1326 4015 καὶ
1370 3953 1471 4011 ἇν-

370 4036 607 4104 δρηΐου,
669 4054 811 4101 quae
870 4052 939 4087 ne
986 4034 1192 4087 Gellius
1251 4032 1469 4099 quidem

370 4114 528 4161 recte
560 4108 849 4169 intellexit,
887 4122 1008 4156 cum
1054 4105 1113 4154 in
1158 4105 1345 4154 Noctt.
1382 4101 1478 4151 At-

372 4181 507 4229 tice.
546 4180 595 4239 1,
638 4179 697 4230 11
739 4178 877 4229 haec
920 4174 1211 4225 scriberet:
1253 4171 1479 4236 „Alyat-

372 4254 465 4299 tes
503 4252 705 4307 autem,
749 4262 845 4297 rex
878 4250 1059 4295 terrae
1093 4242 1331 4308 Lydiae,
1370 4255 1480 4289 mo-

370 4335 435 4369 re
476 4324 643 4383 atque
690 4317 823 4367 luxu
867 4313 1155 4364 barbarico
1198 4310 1479 4376 praeditus

375 4403 549 4448 quum
601 4386 806 4438 bellum
843 4383 1072 4434 Milesiis
1124 4377 1356 4441 faceret'‚
1417 4383 1480 4427 ut

374 4456 700 4508 Herodotus
736 4457 795 4505 in
827 4452 1076 4504 historiis
1120 4451 1316 4512 tradit,
1356 4463 1480 4498 con·

1563 826 1809 877 cinentes
1838 823 2171 876 fistulatores
2203 828 2258 875 et
2290 823 2537 875 fidicines
2575 829 2656 876 at-

1563 912 1668 961 que
1699 896 1917 959 feminas
1950 896 2100 945 etiam
2132 894 2364 946 tibicinas
2407 895 2463 943 in
2508 910 2657 945 exer-

1561 966 1678 1016 citu
1710 969 1876 1030 atque
1909 964 1968 1014 in
1999 965 2286 1028 procinctu
2317 963 2535 1027 habuit,
2576 965 2653 1015 la-

1562 1034 1910 1085 scivientium
1948 1032 2171 1084 delicias
2225 1033 2658 1084 conviviorum.“

1564 1106 1717 1168 Quae
1752 1105 1799 1153 si
1834 1104 2062 1168 legeris·,
2105 1119 2223 1154 eam
2259 1104 2316 1153 in
2352 1102 2660 1167 opinionem

1561 1173 1749 1225 induci
1802 1174 2037 1238 poteris,
2087 1164 2270 1223 αὐλὸν
2315 1164 2658 1237 γυναικήϊον

1563 1260 1683 1295 esse
1717 1244 1937 1307 tibiam,
1978 1258 2118 1308 quae
2162 1258 2196 1292 a
2240 1242 2456 1292 feminis
2507 1242 2658 1291 infle-

1559 1319 1667 1376 tur,
1707 1304 1888 1362 αὐλὸν
1930 1302 2240 1375 ἆνδρήϊον,
2294 1326 2437 1377 quae
2473 1326 2506 1360 a
2543 1326 2655 1361 ma-

1560 1384 1730 1434 ribus.
1807 1384 1927 1445 Quo
1964 1381 2156 1433 melius
2190 1383 2302 1431 iam
2341 1380 2483 1431 vidit
2520 1382 2653 1431 Lar·

1561 1453 1771 1515 cherus‚
1797 1443 1976 1501 αὐλὸν
1995 1442 2339 1516 γυναικήϊον
2370 1466 2489 1501 eam
2513 1466 2652 1513 esse,

1562 1538 1702 1588 quae
1755 1537 1947 1572 sonum
1992 1520 2293 1571 molliorem
2343 1525 2399 1572 et
2448 1521 2654 1571 acutio-

1561 1608 1674 1642 rem
1711 1591 1985 1652 redderet3
2032 1581 2344 1654 ἆνδρήϊον,
2383 1590 2537 1641 cuius
2569 1605 2656 1640 so-

1562 1677 1664 1713 nus
1702 1661 1932 1727 gravior
1957 1665 2121 1710 esset.
2178 1659 2347 1709 Addit
2373 1661 2659 1725 Boettiger

1565 1730 1636 1795 (U
1640 1732 1765 1781 eber
1801 1730 1891 1781 die
1922 1729 2195 1794 Lydisohe
2223 1728 2570 1793 Doppelfldte
2597 1729 2656 1777 in

1561 1800 1835 1851 Wieland.
1864 1799 2102 1851 Attisch.
2124 1799 2267 1848 Mus.
2305 1797 2349 1848 Ι.
2385 1800 2434 1849 2.
2474 1814 2530 1863 p.
2554 1796 2659 1849 334

1563 1870 1733 1936 sqq.),
1758 1869 1908 1919 illam
1927 1868 2104 1918 videri
2126 1866 2482 1932 probabiliter
2519 1882 2657 1929 eam,

1567 1956 1706 2007 quae
1741 1939 2002 1990 Romanis
2042 1938 2116 1986 sit
2152 1936 2274 1987 tibia
2316 1938 2541 1998 sinistra,
2585 1937 2662 1986 al-

1564 2016 1741 2061 teram
1778 2006 2121 2075 (masculam)
2174 2021 2319 2069 eam,
2372 2021 2512 2072 quae
2553 2007 2663 2057 Ro-

1564 2080 1741 2130 manis
1762 2081 1959 2129 dextra
1976 2076 2296 2141 appelletur.
2338 2077 2492 2138 Quae
2516 2077 2660 2126 enim

1563 2150 1758 2199 dextra
1792 2162 1958 2198 manu
1986 2152 2217 2197 canatur
2245 2145 2403 2207 tibia,
2439 2145 2658 2196 efficere

1564 2236 1684 2270 eum
1723 2233 1945 2279 sonum,
1988 2217 2082 2283 qui
2115 2216 2272 2267 nobis
2324 2216 2465 2266 Bass
2514 2215 2660 2265 dica-

1561 2296 1667 2350 tur,
1708 2288 1987 2338 sinistram
2018 2287 2211 2338 tibiam
2248 2300 2396 2347 eum,
2439 2285 2532 2350 qui
2565 2299 2661 2334 no-

1563 2360 1650 2410 bis
1697 2362 1782 2408 est
1827 2358 2055 2407 Discunt.
2138 2354 2298 2417 Quod
2341 2369 2469 2403 vero
2515 2354 2660 2404 idem

1565 2430 1650 2478 vir
1682 2429 1877 2478 doctus
1906 2426 1943 2476 l.
1982 2425 2020 2476 l.
2055 2443 2109 2490 p.
2144 2424 2247 2476 335
2285 2439 2367 2488 sq.
2403 2423 2531 2473 hinc
2555 2424 2659 2473 ori-

1566 2499 1746 2565 ginem
1795 2501 1962 2561 atque
2010 2494 2171 2545 initia
2216 2492 2489 2557 elegorum
2510 2530 2523 2554 ,
2567 2493 2663 2557 qui

1568 2568 1636 2618 ad
1674 2567 1931 2616 tibiarum
1968 2579 2160 2615 sonum
2196 2563 2404 2612 cantati
2435 2563 2659 2623 fuerint,
2695 2584 2712 2599 ·

1567 2635 1798 2701 repetit,
1840 2632 2043 2683 Callini
2075 2636 2136 2682 ut
2177 2632 2336 2694 primi
2384 2630 2658 2695 elegorum

1567 2710 1764 2771 poetae
1818 2702 2061 2752 carmina
2112 2699 2438 2764 respiciens,
2495 2699 2552 2748 in
2597 2715 2662 2750 eo

1570 2789 1750 2825 acrem
1781 2771 2151 2821 adversarium
2174 2774 2369 2818 nactus
2390 2772 2475 2819 est
2495 2768 2666 2817 Fran-

1571 2844 1752 2894 ckium
1788 2842 1845 2890 in
1890 2839 2103 2890 Callino
2147 2855 2200 2903 p.
2253 2836 2354 2888 118
2402 2852 2522 2902 sqq.
2562 2837 2658 2888 131

1573 2928 1715 2978 sqq„
1773 2910 1867 2977 qui
1917 2924 2024 2974 quo
2081 2906 2302 2973 singula
2356 2906 2662 2971 Boettigeri

1573 2983 1895 3047 argumenta
1930 2977 2280 3039 convelleret,
2307 2992 2372 3026 ex
2395 2976 2665 3027 Herodoti

1570 3052 1753 3104 verbis
1794 3048 2009 3100 omnino
2040 3048 2335 3113 quidquam
2371 3046 2438 3095 de
2463 3045 2663 3096 Callini

1571 3121 1741 3186 elegis
1781 3117 2033 3169 concludi
2068 3132 2230 3181 posse
2264 3120 2458 3180 negat,
2497 3114 2663 3180 idque

1572 3192 1737 3242 etiam
1773 3187 2035 3253 temporis
2081 3186 2289 3250 spatio,
2339 3185 2482 3249 quod
2530 3184 2665 3234 mul-

1573 3265 1688 3310 tum
1739 3259 1881 3308 inter
1927 3254 2224 3317 Callinum,
2273 3253 2501 3319 elegiaci
2548 3267 2664 3304 car-

1571 3330 1731 3380 minis
1767 3329 2125 3387 inventorem,
2165 3330 2221 3374 et
2254 3321 2562 3388 Alyattem,
2597 3322 2664 3372 de

1572 3399 1724 3450 cuius
1749 3396 1958 3447 musica
1991 3393 2212 3443 militari
2236 3391 2552 3442 Herodotus
2586 3390 2665 3440 lo-

1573 3472 1798 3534 quatur,
1857 3462 2188 3524 intercedat,
2257 3459 2667 3525 comprobatum

1571 3540 1749 3603 putat.
1799 3533 1907 3584 Sed
1946 3531 2186 3596 pertinet
2231 3529 2335 3578 hoc
2381 3528 2557 3591 magis
2596 3527 2667 3577 ad

1572 3605 1771 3657 Callini
1802 3606 2057 3659 aetatem,
2086 3598 2154 3649 de
2187 3611 2296 3661 qua
2331 3596 2565 3646 diximus
2597 3596 2669 3645 ad

1570 3676 1616 3737 1,
1670 3674 1753 3723 15.
1801 3672 2094 3720 Praeterea
2144 3666 2465 3717 consulatur
2502 3665 2667 3715 Athe-

1572 3743 1697 3794 naei
1751 3739 1931 3802 locus,
1990 3751 2148 3802 quem
2201 3735 2301 3785 Gr.
2350 3735 2662 3800 adscripsit,

1572 3812 1671 3863 XI.
1711 3826 1766 3876 p.
1806 3810 1908 3860 517
1943 3807 2077 3872 ibiq.
2118 3805 2423 3872 Schweigh.
2472 3804 2570 3857 VI.
2606 3821 2663 3872 p.

1645 3941 1776 3999 οὔτε
1817 3935 2498 4011 ἐνεπίμπρη-ἑστάναι]
2536 3944 2573 3993 i.
2613 3959 2661 3994 e.

1573 4035 1734 4087 neque
1764 4016 2078 4076 incendebat,
2111 4031 2271 4080 neque
2299 4016 2446 4077 sores
2479 4015 2667 4063 avelle-

1585 4091 1701 4153 bat,
1748 4089 1843 4140 sed
1873 4090 2062 4137 intacta
2094 4092 2238 4135 stare
2272 4083 2472 4134 sinebat
2505 4097 2549 4133 s.
2586 4097 2672 4130 re-

1584 4159 1859 4225 linquebat.
1892 4147 2210 4219 ἒνεπίμπρη
2243 4151 2505 4203 Dindorf.
2554 4150 2670 4215 qui·

1586 4231 1708 4280 dem
1747 4233 1801 4277 et
1835 4228 1953 4291 ipse
1989 4224 2156 4285 dedit,
2198 4223 2294 4273 sed
2324 4223 2382 4270 in
2425 4218 2671 4271 Praefat.

1583 4315 1638 4364 p.
1677 4295 1969 4347 XXXVIII
2005 4293 2290 4359 proposuit
2334 4281 2670 4352 ἐνεπίμπρα.

1585 4370 1671 4419 Tu
1705 4366 1834 4415 vide
1878 4363 2111 4415 Bredov.
2153 4378 2206 4426 p.
2245 4359 2389 4421 397„
2427 4372 2535 4422 quo
2579 4371 2672 4405 au-

1585 4442 1737 4488 ctore
1773 4435 1851 4499 (p.
1887 4431 1980 4495 44)
2016 4445 2137 4482 eum
2155 4429 2406 4482 Bekkero
2441 4426 2674 4488 aliisque
