3109 5092
477 347 601 412 378

1335 345 1884 409 ΗΕΒΟΒΟΤΙ

475 522 711 616 ὕβριος
740 522 938 614 ἐσβὰς
967 526 1035 604 ἐς
1074 522 1194 594 τὸν
1242 521 1572 612 ποταμὸν,
1624 529 2006 611 διαβαίνειν
2048 517 2377 614 ἐπειρῖετο.
2434 517 2471 592 ὁ
2514 525 2596 593 δέ
2629 552 2748 613 μιν

473 627 829 720 συμψήσας
854 624 1273 717 ὑποβρύχιον
1305 627 1582 716 οἰχώκεε
1611 630 1863 718 φέρων.
1899 626 2110 718 κάρτα
2135 656 2209 697 τε
2236 625 2321 716 δὴ
2351 629 2745 717 ἐχαλέπαινε

472 739 565 827 τῷ
597 738 869 828 ποταμῷ
899 728 936 801 ὁ
964 737 1191 821 Κῦρος
1217 736 1416 801 τοῦτο
1442 728 1822 820 ὑβρίσαντι,
1853 739 1973 801 καί
1995 737 2066 802 οἰ
2095 735 2537 821 ἐπηπείλησε,
2568 729 2749 803 οὕτω

542 933 658 986 τῶν
704 951 790 992 τις
845 928 989 998 ἷρῶν
1034 930 1232 984 ἵππων
1276 930 1394 983 τῶν
1437 932 1560 982 λευ-

473 1005 610 1074 κῶν]
648 1007 733 1056 De
767 1004 851 1054 his
893 1005 1045 1069 equis
1080 1004 1268 1054 confer
1305 1003 1430 1062 VII,
1471 1003 1558 1054 55.

473 1077 588 1129 Soli
615 1076 920 1126 consecrati
958 1073 1109 1123 fuere
1143 1073 1199 1122 hi
1236 1074 1361 1138 equi
1387 1073 1563 1122 Iovis-

473 1162 580 1212 que
617 1160 833 1196 currum
865 1142 1176 1193 trahebant.
1223 1141 1382 1192 Conf.
1413 1142 1563 1191 Bris-

473 1232 591 1267 son.
627 1213 696 1263 de
734 1230 849 1278 reg.
887 1214 1039 1262 Pers.
1078 1212 1308 1276 princip.
1337 1211 1414 1261 ΙΙ.
1452 1214 1503 1274 §-
1527 1212 1560 1262 5

474 1301 628 1350 seqq.
666 1283 780 1345 ΙΙΙ,
817 1281 905 1333 98.
956 1280 1026 1334 99
1072 1286 1126 1332 et
1163 1280 1421 1332 Kleuker.
1454 1280 1563 1344 Ap-

472 1354 635 1421 pend.
673 1353 744 1404 ad
778 1352 1107 1403 Zendavest.
1135 1350 1209 1412 ΙῙ,
1245 1351 1289 1401 1.
1321 1366 1447 1416 pag.
1474 1352 1563 1402 86.

473 1426 562 1476 87.
599 1452 669 1463 —-
702 1413 818 1473 ὑπὸ
857 1411 1058 1488 ὕβριος
1095 1425 1208 1475 est:
1254 1437 1390 1484 prae
1420 1421 1566 1483 fero-

472 1496 554 1544 σία
588 1508 634 1543 s.
672 1496 968 1558 petulantia.

544 1586 575 1645 ὅ
614 1594 679 1646 δέ
710 1612 809 1662 μιν
845 1585 1169 1660 συμψήσας]
1210 1591 1565 1643 Grammatici

472 1671 686 1720 veteres
725 1665 810 1732 (ut
844 1665 1041 1717 Suidas
1078 1678 1122 1713 s.
1157 1678 1210 1713 v.
1250 1666 1304 1712 et
1335 1662 1563 1728 Gregor.

474 1737 721 1790 Corinth.
762 1736 829 1786 de
868 1733 998 1785 dial.
1032 1734 1152 1784 Ion.
1187 1735 1238 1795 9.
1269 1731 1389 1797 104)
1425 1744 1561 1795 συμ-

471 1801 665 1874 ψήσας
713 1805 988 1871 explicant
1024 1799 1366 1864 συντρίψας,
1416 1801 1563 1866 quod

473 1894 579 1945 quo
616 1880 859 1942 spectet,
897 1872 1120 1924 difficile
1155 1870 1306 1920 dictu
1344 1870 1563 1920 videtur

472 1946 1005 2012 Schweighaeusero,
1029 1943 1138 1993 nisi
1153 1940 1289 1991 illud
1311 1956 1374 1990 eo
1397 1956 1562 1991 sensu

473 2018 742 2082 accipias,
796 2031 902 2081 quo
952 2014 1097 2079 apud
1133 2010 1422 2075 Polybium
1458 2011 1562 2060 fre-

472 2090 791 2153 quentetur:
845 2085 1097 2148 franqens
1154 2084 1287 2131 vires
1328 2088 1377 2129 et
1417 2081 1565 2143 sero-

471 2160 598 2207 ciam
634 2157 774 2220 equi,
823 2159 922 2204 aut
965 2158 1218 2209 comens,
1269 2148 1563 2213 deturbans,

467 2233 799 2290 prosternens
846 2226 994 2274 illum.
1082 2220 1212 2284 Ipse
1248 2217 1439 2269 Vallae
1485 2221 1565 2268 in-

471 2294 920 2360 terpretationem
940 2289 1185 2341 retinuit:
1208 2295 1561 2354 contorquens,

473 2378 802 2431 quamquam
852 2360 1054 2412 rectius
1100 2357 1333 2408 forsitan
1381 2359 1451 2408 ab
1486 2359 1561 2410 H.

473 2433 751 2498 Stephano
779 2437 836 2483 et
863 2428 1149 2496 postmodo
1176 2443 1210 2477 a
1233 2427 1561 2479 Schneidero

471 2503 742 2556 redditum
795 2502 1035 2552 iudicat:
1089 2497 1367 2549 absorbens
1422 2502 1478 2547 et
1533 2515 1562 2549 e

469 2580 735 2637 conspectu
765 2572 1001 2624 hominum
1031 2569 1327 2619 subducens.
1407 2567 1562 2629 Quae

469 2642 852 2708 interpretatio
916 2641 1074 2692 nobis
1130 2653 1346 2703 quoque
1399 2637 1561 2687 valde

472 2713 898 2765 commendatur.
1000 2711 1200 2760 Exstat
1274 2711 1560 2772 praeterea

469 2783 757 2835 Iamblichi
804 2782 959 2832 locus
1010 2778 1154 2844 apud
1207 2778 1428 2828 Suidam
1483 2777 1559 2827 al·
1599 2806 1610 2818 ·

469 2858 661 2918 terque
683 2852 910 2903 Eusebii
935 2846 1241 2913 philosophi
1271 2846 1419 2911 apud
1436 2845 1558 2896 sto-

470 2923 666 2973 baeum
713 2919 924 2984 (Eclog.
972 2917 1055 2977 ΙΙ,
1102 2915 1153 2966 9.
1201 2916 1265 2966 Ρ.
1300 2915 1379 2966 11.
1428 2918 1470 2966 t.
1507 2916 1556 2968 Ι.

472 3007 527 3056 p.
561 2990 665 3041 416
689 2989 909 3051 Heer.),
946 2987 1040 3051 qui
1074 2984 1443 3034 Herodoteam
1479 2984 1558 3034 lo-

472 3059 746 3110 cutionem
811 3055 1015 3106 imitati
1093 3067 1215 3102 esse
1284 3053 1553 3105 videntur.

471 3128 614 3179 Add.
649 3125 787 3178 Biel.
834 3127 891 3175 in
938 3124 1206 3174 Thesaur.
1254 3121 1451 3172 Philol.
1486 3123 1553 3173 V.

471 3202 513 3249 t.
543 3197 650 3247 111.
676 3211 727 3260 p.
751 3194 874 3247 364.
912 3195 1062 3257 Quos
1095 3191 1248 3241 locos
1288 3191 1559 3257 Schweig-

471 3267 735 3317 haeusero
770 3266 828 3315 in
850 3265 986 3315 Lex.
1007 3261 1272 3312 Herodot.
1304 3277 1430 3325 pag.
1453 3260 1559 3312 300

473 3337 663 3387 debeo.
685 3365 755 3374 —
783 3334 868 3385 Ad
891 3334 1120 3383 formam
1149 3321 1379 3396 οἰχώκεε
1411 3331 1554 3381 conf.

470 3407 568 3470 lv,
609 3405 708 3457 127
742 3404 877 3470 ibiq.
907 3406 1049 3453 nott.

542 3501 869 3575 ἐχαλέπαινε
914 3537 984 3546 -
1016 3499 1188 3554 τοῦτο
1238 3493 1556 3569 ὑβρίσαντι]

469 3578 643 3630 τοῦτο
687 3581 796 3629 iam
834 3574 1155 3642 Sylburgius
1206 3573 1277 3623 ad
1308 3573 1553 3648 Brisson.

470 3651 510 3701 l.
545 3649 586 3700 l.
623 3649 732 3710 ΙΙΙ,
768 3647 840 3698 98
876 3643 1258 3696 emendaverat
1292 3657 1387 3707 pro
1424 3655 1555 3690 του-

467 3734 573 3785 τῳ,
636 3733 741 3783 quo
797 3714 1134 3779 intelligatur
1186 3712 1410 3772 fluvius,
1473 3712 1561 3775 qm·

468 3792 613 3838 mam
633 3787 901 3848 effecerat
923 3787 1169 3835 iniuriam.
1199 3782 1354 3831 Unus
1376 3779 1560 3830 Schel-

468 3855 860 3906 lershemianus
904 3853 1043 3902 liber
1087 3849 1371 3900 confirmat
1412 3849 1554 3897 hanc

468 3923 930 3982 emendationem,
978 3920 1175 3982 reliqui
1221 3934 1388 3983 prave
1436 3916 1554 3967 vul·

468 3997 654 4059 gatam
692 3994 1012 4055 sequuntur.
1088 3987 1248 4038 Cous.
1283 3987 1388 4048 ΙΙΙ,
1431 3986 1549 4037 118.

467 4091 538 4102 --
573 4059 658 4110 Ad
704 4074 815 4108 rem
851 4057 1116 4123 quaedam
1164 4057 1385 4106 disserit
1420 4056 1552 4105 Lar-

467 4130 688 4189 cherua,
738 4127 933 4190 quibus
970 4126 1167 4190 Cyrum
1211 4124 1551 4189 superstitio-

467 4213 585 4250 sum
609 4199 846 4256 excuset,
885 4195 964 4244 ita
988 4196 1256 4259 agentem,
1295 4193 1549 4259 quoniam

462 4269 627 4329 idem,
663 4263 809 4330 quod
834 4278 971 4328 equo
1003 4276 1181 4324 sacro,
1218 4263 1388 4327 copiis
1420 4277 1553 4326 quo-

464 4353 568 4403 que
623 4335 737 4385 suis
790 4347 861 4383 ne
917 4331 1218 4392 accideret,
1288 4332 1545 4382 timuerit.

1664 933 1784 982 dem
1835 940 2199 985 enarrantem.
2286 936 2367 986 Ac
2395 937 2638 986 Senecae
2673 934 2751 985 lo-

1664 1018 1785 1052 cum
1804 1019 1913 1054 una
1940 1020 2060 1055 cum
2087 1004 2209 1054 aliis
2235 1007 2596 1056 recentiorum
2621 1006 2750 1054 scri·

1663 1077 1876 1137 ptorum
1912 1073 2051 1124 locis
2078 1074 2449 1125 Herodoteam
2484 1075 2753 1124 narratio-

1662 1157 1787 1192 nem
1835 1143 1905 1194 ad
1959 1142 2175 1194 fabulas
2232 1144 2592 1211 relegantium
2656 1149 2753 1195 aut

1663 1209 1770 1261 fide
1829 1212 2163 1277 privantium
2227 1214 2472 1280 adeoque
2530 1213 2753 1264 irriden-

1662 1282 1798 1330 tium
1834 1281 1918 1342 (ut
1951 1282 2155 1333 Rollini
2204 1288 2259 1333 et
2292 1283 2571 1349 Voltairii)
2609 1288 2754 1334 attu-

1668 1350 1732 1399 lit
1769 1352 1923 1402 Ebbe
1963 1353 2112 1403 Sam.
2147 1353 2317 1416 Bring
2367 1353 2447 1416 (in
2486 1369 2752 1403 commen-

1667 1420 1903 1485 tatione,
1956 1438 2096 1487 quae
2133 1422 2338 1487 prodiit
2372 1422 2611 1473 Londiui
2646 1423 2752 1474 Go-

1667 1490 1881 1540 thorum
1930 1492 2092 1542 1829:
2139 1493 2421 1543 Historica
2457 1494 2513 1542 in
2559 1491 2754 1543 diffici-

1665 1559 1829 1609 liores
1887 1560 2096 1626 aliquot
2131 1562 2398 1613 Herodoti
2451 1563 2603 1629 locos
2660 1563 2753 1613 ad-

1665 1633 2002 1681 notamenta.
2043 1646 2097 1695 p.
2138 1631 2169 1682 3
2201 1632 2407 1698 seqq.),
2466 1631 2750 1683 Herodoto

1665 1698 2138 1764 patrocinaturus,
2174 1703 2262 1751 cui
2286 1700 2390 1752 hac
2424 1702 2480 1750 in
2514 1716 2576 1751 re
2601 1702 2753 1752 nulla

1665 1784 1785 1819 esse
1834 1785 1969 1836 opus
2019 1770 2369 1821 excusatione
2426 1775 2524 1821 aut
2568 1770 2753 1822 defen·

1665 1840 1818 1890 sione
1865 1841 2166 1902 existimat,
2225 1856 2347 1891 cum
2393 1841 2569 1906 Cyrus
2616 1842 2752 1892 nibil

1665 1910 1882 1972 fecerit,
1921 1910 2065 1976 quod
2089 1911 2378 1961 Persarum
2416 1910 2656 1960 moribus
2683 1927 2750 1962 ac

1662 1979 1918 2044 religioni
1982 1981 2316 2030 contrarium
2389 1980 2572 2031 fuerit.
2671 1981 2750 2032 Ut

1666 2050 1808 2103 enim
1839 2049 2022 2099 fluviis
2046 2049 2263 2112 litasse,
2301 2050 2380 2100 ita
2404 2049 2571 2101 solem
2597 2065 2749 2114 prae·

1665 2119 1828 2183 cipua
1858 2119 2123 2185 religione
2147 2119 2408 2170 adorasse
2432 2122 2630 2171 Persas
2656 2122 2750 2171 do-

1664 2193 1780 2250 cet,
1837 2190 1976 2239 adeo
2020 2193 2082 2238 ut
2126 2190 2236 2239 vim
2282 2204 2421 2255 equo
2477 2189 2593 2255 (qui
2645 2191 2750 2241 soli

1664 2263 1782 2308 erat
1816 2258 1993 2322 sacer)
2029 2258 2240 2308 illatam
2273 2264 2327 2308 et
2365 2260 2748 2311 contumeliam

1664 2328 1768 2379 soli
1803 2328 1910 2394 ipsi
1949 2327 2075 2378 inde
2111 2328 2372 2379 inflictam
2398 2328 2573 2394 Cyrus
2601 2331 2749 2382 haud

1662 2398 1999 2449 tolerandam
2048 2411 2170 2448 esse
2214 2399 2510 2460 censuerit3
2568 2401 2640 2450 cf.
2692 2417 2745 2465 p.

1664 2469 1732 2519 10
1767 2483 1917 2533 seqq.
1958 2469 2044 2518 22.
2116 2469 2200 2518 De
2235 2470 2443 2532 Xerxe,
2489 2470 2584 2534 qui
2618 2469 2749 2520 Hel·

1657 2537 1965 2602 lespontum
2006 2542 2062 2587 et
2108 2538 2426 2589 verberibus
2475 2543 2531 2589 et
2564 2540 2745 2590 verbis

1661 2606 2036 2672 castigaverit,
2061 2608 2178 2671 ipse
2201 2608 2402 2658 Noster
2425 2608 2596 2659 tradit
2614 2609 2743 2672 vn,

1660 2677 1723 2728 34
1761 2692 1897 2741 seq„
1929 2677 2021 2726 ubi
2044 2676 2154 2726 vid.
2185 2682 2324 2729 nott.
2382 2678 2468 2728 Ad
2499 2677 2746 2742 Gyndem

1659 2751 1721 2796 ut
1755 2750 2025 2807 revertar,
2063 2746 2119 2796 id
2154 2747 2284 2796 mibi
2320 2762 2534 2812 quoque
2556 2749 2613 2797 in
2640 2748 2745 2799 hac

1657 2819 1781 2866 tota
1823 2816 2138 2866 narratione
2195 2817 2550 2880 spectandum
2593 2817 2746 2868 vide-

1659 2891 1776 2948 tur,
1825 2884 1971 2950 quod
2007 2886 2064 2934 in
2100 2884 2212 2935 illis
2251 2886 2475 2935 orientis
2510 2887 2747 2951 regioni-

1657 2956 1760 3005 bus
1799 2969 2059 3020 aquarum
2093 2955 2274 3005 fluviis
2318 2954 2605 3005 allatarum
2649 2972 2744 3014 eo·

1659 3024 1783 3089 piae
1815 3024 1964 3073 haud
1999 3038 2124 3073 raro
2160 3039 2257 3088 per
2280 3023 2500 3075 canales
2534 3040 2744 3076 summa

1661 3099 1779 3144 arte
1822 3094 1948 3144 inde
1998 3092 2192 3142 ductos
2245 3093 2325 3144 ita
2372 3092 2745 3145 diffimduntur

1661 3167 1715 3213 et
1757 3163 2168 3227 disperguntur,
2219 3166 2281 3212 ut
2314 3164 2433 3228 ipse
2471 3162 2623 3213 fluvii
2669 3164 2745 3214 al-

1659 3247 1792 3282 veus
1839 3231 2224 3296 propemodum
2284 3233 2592 3282 exsiccatus
2646 3239 2746 3284 aut

1661 3306 1808 3352 certe
1846 3302 2076 3351 maxime
2114 3301 2420 3352 deminutus
2459 3301 2741 3364 videatur3

1657 3372 1823 3436 idque
1851 3369 1970 3420 fieri
2007 3371 2075 3421 ad
2112 3385 2365 3435 agrorum
2402 3370 2746 3423 fertilitatem

1659 3446 1715 3491 et
1754 3438 2097 3490 excitandam
2145 3444 2201 3489 et
2236 3440 2569 3505 augendam,
2621 3457 2744 3492 cum

1661 3510 1836 3560 omnis
1870 3513 2050 3559 terrae
2077 3509 2225 3559 salus
2261 3510 2329 3560 ab
2356 3525 2617 3574 aquarum
2652 3527 2743 3562 co-

1659 3579 1763 3643 piis
1808 3583 1956 3629 recte
2007 3582 2062 3628 et
2105 3578 2215 3629 late
2264 3579 2563 3644 dispertitis
2612 3596 2744 3645 pen—

1659 3648 1813 3710 deat,
1850 3662 2007 3698 nemo
2042 3647 2155 3698 fere
2190 3650 2382 3700 nescit.
2449 3649 2608 3701 Conf.
2633 3651 2745 3700 He·

1657 3719 1773 3768 rod.
1827 3718 1879 3778 1,
1930 3716 2047 3768 193.
2127 3718 2281 3768 Haec
2335 3719 2506 3782 igitur
2561 3721 2608 3768 si
2663 3735 2746 3769 re·
2810 3730 2822 3740 ·

1656 3791 1932 3851 putemus,
1990 3786 2135 3836 haud
2173 3787 2517 3838 incredibilia
2569 3794 2666 3839 aut
2709 3803 2744 3838 a

1655 3871 1832 3905 rerum
1888 3860 2086 3905 natura
2141 3856 2493 3907 abhorrentia
2545 3858 2744 3908 fecisse

1656 3923 1855 3987 Cyrum
1890 3924 2276 3990 intelligemus.
2332 3926 2413 3977 Ac
2434 3942 2606 3991 nuper
2632 3931 2744 3978 tra·

1657 3994 1829 4044 ditum
1887 3996 2063 4058 reperi
2117 3996 2173 4044 in
2219 3995 2436 4046 Annall.
2490 3996 2740 4062 Gotting.

1657 4062 1813 4114 1831.
1851 4078 1905 4127 p.
1935 4063 2087 4125 1061,
2117 4064 2512 4129 peregrinatori
2541 4065 2740 4127 Angla,

1655 4133 1743 4182 cui
1779 4147 1976 4182 nomen
2011 4132 2238 4197 Keppel‚
2278 4133 2505 4195 ArabeS,
2542 4134 2740 4201 quibus

1653 4202 1778 4252 viae
1814 4201 2044 4251 ducibus
2082 4199 2359 4264 utebatur,
2395 4202 2555 4265 idem,
2594 4204 2740 4267 quod

1653 4270 1706 4321 h.
1732 4270 1774 4322 l.
1810 4271 2124 4320 Herodotus
2161 4271 2452 4322 memoriae
2488 4271 2741 4336 prodide-

1652 4339 1748 4400 rit,
1783 4339 1850 4389 de
1868 4338 2009 4403 Cyro
2033 4340 2258 4390 fluvium
2281 4342 2594 4391 exs³ccaute
2615 4356 2742 4392 uar-

464 4405 624 4470 Conf·
662 4405 924 4457 Senecam
972 4401 1040 4452 <10
1074 4401 1156 4451 11¹⁸
1190 4400 1309 4465 111,
1347 4401 1411 4452 21
1458 4414 1549 4450 0⁸-
1649 4422 1822 4460 rasse.
1868 4437 1941 4447 —
1992 4409 2059 4458 In
2105 4424 2259 4480 seqq.
2309 4401 2379 4459 οὐ
2425 4402 2741 4478 βρεχούσας
