3109 5092
1257 377 1775 444 OL10.1.141.
2524 383 2648 446 289

496 548 727 633 Ἴωνες
770 552 846 622 δὲ
887 554 1002 621 καὶ
1038 557 1347 638 Αἰολέες,
1382 581 1472 634 ως
1493 558 1566 623 οἱ
1584 556 1803 624 Λυδοὶ
1830 552 2102 643 τάχιστα
2142 556 2646 648 κατεστράφατο
2666 567 2777 627 141

287 664 358 720 70
371 647 504 725 ὑπὸ
534 660 894 746 Περσέων,
927 663 1228 745 ἔπεμπον
1254 654 1583 744 ἀγγέλους
1612 660 1679 738 ἐς
1704 659 1964 747 Σάρδις
1993 657 2175 750 παρὰ
2198 667 2454 750 Κῦρον,
2485 665 2640 732 ἐθέ-

373 766 602 841 λοντες
631 762 740 829 ἐπὶ
768 776 936 830 τοῖσι
965 757 1226 832 αὐτοῖσι
1256 759 1429 830 εἶναι
1458 776 1632 831 τοῖσι
1661 764 1770 832 καὶ
1795 769 2067 856 Κροίσω
2108 754 2282 854 ἦσαν
2308 765 2644 854 κατήκοοι.

371 856 408 930 ὁ
435 862 510 932 δὲ
550 861 843 944 ἀκούσας
885 860 1111 933 αὐτῶν
1148 863 1229 934 τὰ
1261 870 1694 954 προΐσχοντο,
1739 868 1924 948 ἔλεξέ
1946 889 2069 955 σφι
2098 865 2335 954 λόγον,
2368 865 2643 957 Ἄνδρα,

371 962 537 1052 φὰς,
581 964 919 1057 αὐλητὴν,
964 966 1196 1038 ἰδόντα
1237 973 1437 1056 ἰχθῦς
1475 970 1551 1037 ἐν
1590 973 1672 1060 τῇ
1709 969 2058 1059 θαλάσσῃ,
2098 966 2405 1056 αὐλέειν,
2449 973 2638 1042 δοκέ-

370 1069 532 1139 οντά
556 1091 769 1160 σφεας
797 1069 1267 1153 ἐξελεύσεσθαι
1306 1074 1373 1151 ἐς
1413 1075 1564 1159 γῆν.
1637 1064 1726 1151 ὥς
1768 1071 1844 1141 δὲ
1886 1078 2274 1164 ψευσθῆναι
2302 1080 2420 1163 τῆς
2451 1076 2637 1144 ἐλπί-

371 1177 519 1256 δος,
564 1181 802 1263 λαβεῖν
838 1170 1385 1264 ἀμφίβληστρον,
1427 1176 1539 1243 καὶ
1584 1182 1976 1263 περιβαλεῖν
2001 1203 2075 1247 τε
2103 1181 2362 1266 πλῆθος
2390 1176 2642 1248 πολλὸν

366 1281 505 1345 τῶν
534 1276 797 1364 ἰχθύων
822 1279 935 1348 καὶ
963 1279 1313 1369 ἐξειρύσαι.
1374 1277 1608 1347 ἰδόντα
1637 1277 1713 1347 δὲ
1741 1283 2230 1368 παλλομένους,
2265 1286 2483 1350 εἰπεῖν
2510 1278 2639 1369 ἄρα

367 1374 574 1448 αὐτὸν
616 1379 783 1471 πρὸς
819 1379 977 1461 τούς
1017 1387 1245 1470 ἰχθῦς·

365 1579 541 1631 rodot.
579 1581 638 1644 Ι,
671 1579 724 1632 9.
761 1581 858 1644 IV,
897 1580 1016 1633 159.
1092 1582 1174 1632 Ac
1208 1580 1297 1632 vel
1330 1598 1452 1647 pro-

363 1650 485 1714 pius
521 1651 626 1702 huc
671 1651 966 1716 pertinent,
1018 1666 1158 1717 quae
1193 1651 1451 1732 leguntur

362 1719 447 1782 11,
485 1721 580 1771 28:
641 1718 821 1771 ταῦτα
838 1715 970 1801 μέν
1016 1736 1124 1770 νυν
1181 1716 1319 1771 ἔστω
1373 1712 1451 1779 ὥς

361 1757 476 1838 ἔστι
505 1803 564 1838 τε
596 1787 692 1841 καὶ
717 1780 795 1847 ὥς
817 1780 1001 1855 ἀρχὴν
1024 1781 1267 1855 ἐγένετος
1309 1806 1449 1857 8888

364 1858 611 1911 imitatus
635 1859 943 1910 Pausanias
970 1860 1126 1924 VIII,
1151 1859 1236 1923 38,
1262 1861 1295 1910 5
1319 1860 1450 1910 scri-

401 1928 500 1978 sit.
567 1920 733 2011 ἐχέτω
788 1922 851 1978 δὲ
914 1918 992 1986 ὥς
1046 1898 1155 1994 ἔχει
1225 1925 1321 1979 καὶ
1371 1945 1448 1987 ως

361 1942 522 2062 {cxcv
559 1988 615 2059 ἐξ
662 1989 860 2063 ἀρχῆς.
931 1999 1041 2048 Pro
1087 1994 1184 2048 καὶ
1221 2000 1309 2049 vir
1354 2000 1448 2049 do-

363 2071 482 2116 ctus
506 2067 562 2117 in
589 2066 855 2118 Classical
885 2066 1107 2118 Ioui-nal
1136 2084 1219 2118 nr.
1247 2069 1446 2121 XLIV.

360 2151 415 2200 Ρ.
445 2136 549 2188 375
574 2137 739 2187 scribi
770 2136 946 2187 voluit
982 2128 1149 2187 κατ’.
1215 2137 1448 2188 Videtur

361 2205 671 2257 Herodotus
693 2206 779 2257 his
803 2207 984 2256 verbis
1013 2207 1254 2258 indicare
1283 2206 1444 2269 velle,

360 2289 420 2324 se
466 2277 735 2327 rationem
780 2275 943 2326 huius
980 2277 1173 2338 moris,
1223 2291 1330 2341 quo
1366 2277 1446 2325 in-

360 2344 1041 2480 223212035235215212333.
1065 2346 1445 2466 zzssssffsffik‘sz

800 2452 812 2476 9
1290 2453 1303 2478 ²

359 2482 522 2535 ullam
572 2486 692 2550 ipse
743 2485 988 2549 proferre
1037 2500 1199 2551 posse
1257 2484 1441 2546 talem,

360 2569 498 2618 8888
532 2556 725 2605 merito
768 2558 826 2603 et
860 2555 967 2619 ipsi
1003 2559 1059 2605 et
1093 2553 1333 2619 reliquis,
1373 2552 1442 2603 ad

357 2639 490 2689 quos
530 2625 750 2687 scribit,
789 2623 1118 2675 satisfaciat.

720 2795 852 2846 Cu.
893 2795 1081 2847 CXLI.

428 2887 509 2954 ὥς
534 2892 595 2944 οἴ
610 2894 791 2946 Λυδοὶ
812 2891 1046 2963 τάχιστα
1072 2884 1439 2958 κατεστρά-

358 2964 557 3031 φατο]
582 2966 761 3032 Vulgo
786 2960 1225 3030 κατεστρέφατο,
1259 2963 1438 3012 minus

356 3036 427 3085 ad
458 3034 649 3085 Ionum
690 3035 945 3099 loquendi
980 3047 1201 3084 morem.
1275 3032 1434 3082 Conf.

356 3104 533 3166 Ι,27.
583 3104 683 3155 166
732 3110 786 3154 et
827 3102 1060 3154 Bredov.
1111 3118 1167 3167 p.
1206 3100 1328 3153 328.
1366 3130 1437 3141 --

355 3173 423 3223 In
459 3188 609 3239 seqq.
643 3163 736 3221 ἐπὶ
755 3174 902 3221 τοῖσι
934 3162 1160 3221 αὐτοῖσι
1196 3175 1307 3221 est:
1344 3170 1436 3222 sub

351 3243 524 3293 iisdem
557 3241 929 3292 conditionibus.
1004 3241 1096 3292 Sic
1133 3232 1225 3289 ἐπὶ
1265 3255 1438 3325 supra

351 3312 396 3375 Ι,
435 3315 520 3363 22.
558 3311 628 3362 60
685 3313 740 3360 et
794 3311 852 3360 in
896 3309 1002 3360 fine
1053 3310 1212 3360 huius
1262 3310 1435 3375 ipsius

353 3382 576 3513 ξιεὶρίζίἓι
635 3370 730 3428 ἐπ’
792 3373 955 3428 οἷσι.
1033 3378 1174 3431 Add.
1223 3380 1296 3442 V,
1344 3379 1433 3432 65.

419 3521 565 3569 τοισι
590 3512 686 3567 καὶ
709 3515 938 3594 Κροίσῳ
963 3504 1111 3580 ἦσαν
1135 3508 1431 3582 κατήκοοι]

352 3588 565 3639 Nemini
616 3577 899 3650 κατήκοος
952 3586 1043 3636 hic
1088 3591 1146 3636 et
1194 3586 1314 3649 111,
1363 3585 1433 3639 88

349 3657 591 3707 dativum
637 3656 938 3717 adstruxit,
994 3670 1120 3705 mox
1166 3655 1250 3722 (Ι,
1307 3657 1431 3720 143)

350 3727 673 3790 genitivum,
723 3729 788 3775 ut
823 3725 961 3774 alias
994 3723 1336 3791 plerumque:
1383 3727 1430 3787 Ι,

349 3797 435 3846 72.
475 3796 590 3848 171.
627 3796 706 3856 V,
743 3794 828 3845 10.
903 3794 988 3844 De
1022 3809 1130 3859 quo
1167 3809 1270 3845 888
1306 3809 1433 3845 con-

351 3864 430 3913 fer
462 3863 750 3942 9188185.
789 3862 891 3915 362
924 3867 1042 3913 ιιοι.
1071 3864 1119 3914 1.
1147 3866 1200 3916 2.
1226 3880 1281 3929 Ρ.
1307 3863 1431 3915 677.

416 3925 485 3982 τὰ
517 3927 979 3997 προΐσχοντο]
1014 3933 1053 3982 i.
1093 3948 1140 3982 8.
1180 3949 1310 3999 quae
1341 3948 1434 3997 po·

350 4001 625 4066 ululabant,
680 4001 1048 4065 proponebant.
1134 4003 1225 4053 Sic
1275 4002 1332 4066 1,
1379 4002 1430 4065 3,

352 4070 445 4119 ubi
478 4072 618 4134 vid.,
665 4072 720 4134 I,
761 4071 880 4122 164.
920 4071 1040 4134 111,
1076 4071 1195 4124 137.
1234 4072 1340 4135 VI,
1377 4071 1429 4122 9.

349 4138 436 4190 86.
508 4109 653 4192 Male
687 4139 777 4190 hic
811 4138 977 4206 vulgo
1016 4138 1382 4220 προέσχοντο.

416 4204 564 4272 ἔλεξέ
599 4222 701 4274 σφι
733 4157 962 4275 λόγον]
1000 4201 1167 4274 λόγος
1193 4210 1283 4260 hic
1307 4225 1432 4273 apo·

343 4281 518 4343 logum,
551 4279 780 4342 fabulam
802 4283 977 4342 notat,
1017 4285 1078 4329 ut
1103 4280 1158 4330 in
1181 4279 1430 4345 Xenoph.

343 4348 643 4399 Memorab.
681 4348 758 4410 11,
785 4350 836 4411 7,
875 4347 970 4409 13,
1006 4348 1151 4399 88(18
1181 4348 1430 4412 Α888Ρ88

345 4416 549 4466 Nostro
586 4417 784 4467 dicitur
820 4384 1129 4481 λογοποιὸς
1165 4416 1428 4483 (11,134)

424 4518 759 4561 HERODOT.
808 4519 852 4560 1.

1320 1379 1649 1452 Παύεσθέ
1686 1410 1798 1470 μοι
1835 1380 2256 1473 ὀρχεόμενοι,
2306 1386 2452 1454 ἐπεὶ
2480 1380 2632 1453 οὐδ’

1546 1581 1839 1645 fabularum
1875 1584 2125 1644 εει-ἰριοι·;
2160 1587 2222 1634 ι8
2246 1583 2357 1634 vid.
2387 1585 2463 1635 ibi
2495 1589 2640 1636 nott.

1554 1652 1620 1702 In
1656 1665 1808 1716 seqq.
1856 1651 1925 1700 ad
1972 1667 2160 1702 vocem
2207 1645 2641 1719 ἀμφίβληστρον

1553 1720 1700 1770 conf.
1737 1721 2004 1770 Herodot.
2042 1721 2127 1782 11,
2164 1720 2233 1772 95
2281 1727 2336 1771 et
2374 1738 2514 1787 quae
2548 1724 2641 1774 ob-

1551 1794 1841 1840 servarunt
1878 1790 2048 1840 Vater
2083 1791 2327 1840 Textrin.
2366 1792 2551 1856 Antiq.
2590 1792 2636 1843 Ι.

1550 1876 1607 1925 p.
1640 1860 1743 1909 425
1782 1857 1903 1923 (qui
1941 1859 2010 1908 ab
2043 1859 2164 1909 aliis
2201 1860 2394 1909 retium
2432 1861 2642 1924 generi-

1550 1929 1654 1979 bus
1691 1927 2031 1992 distinguens
2065 1928 2254 1978 definit
2285 1924 2394 1979 r'ete
2428 1932 2642 1980 iaculum

1551 2014 1597 2049 8.
1635 1999 1686 2048 u
1693 1997 1952 2062 urfyam)
1992 2002 2047 2046 et
2064 1998 2284 2062 Lennep
2319 1997 2389 2047 ad
2410 1998 2638 2051 Hesiod.

1550 2069 1703 2119 Scut.
1742 2067 1863 2118 215.
1903 2082 1974 2156 Ρ8
2067 2067 2136 2118 60
2170 2081 2268 2145 seq

1619 2128 1739 2185 ἐπεὶ
1792 2127 1924 2185 οὐδ’
1972 2081 2034 2198 ἷμ
2040 2129 2099 2184 ἑο
2144 2083 2450 2192 αὐλέοντος
2495 2126 2638 2200 ἠ-θέ

1547 2204 1666 2254 λετε
1725 2150 2034 2286 ἐκβαίνεινμ
2070 2195 2422 2268 ὀρχεόμενοι]
2495 2151 2632 2254 οὐδ’

1547 2290 1646 2339 pro
1680 2273 1831 2338 vulg.
1869 2264 1975 2322 οὐκ
2014 2288 2042 2321 8
2077 2272 2322 2337 pluribus
2358 2273 2511 2323 libris
2550 2289 2632 2324 re-

1548 2344 1797 2393 duximus
1846 2357 1966 2392 cum
2005 2340 2309 2421 Schweigh.
2358 2347 2413 2392 et
2455 2343 2632 2394 Gaisf.

1543 2414 1648 2463 Est
1702 2411 1842 2462 enim
1889 2400 2021 2459 οὐδ’
2054 2411 2144 2460 hic
2189 2416 2461 2462 nostrum:
2508 2412 2636 2462 auch

1544 2480 1695 2530 nicht.
1777 2480 1863 2529 Ad
1923 2485 2298 2544 argumentum
2344 2481 2633 2532 verborum

1543 2553 1670 2614 apte
1729 2553 2010 2613 comparat
2068 2549 2372 2614 Schweigh
2441 2565 2633 2600 sacrae

1543 2616 1845 2682 scripturae
1870 2617 2073 2667 verba
2059 2634 2114 2667 m
2135 2617 2399 2697 Evangel.
2428 2619 2629 2670 Matth.

1540 2686 1642 2737 XI.
1696 2701 1751 2736 v.
1808 2686 1908 2736 17·
1966 2677 2294 2751 ηὖλήσαμεν
2343 2677 2486 2766 ὑμῖν
2533 2683 2632 2736 καὶ

1476 2775 1499 2791 ⁸
1543 2745 1650 2804 οὐκ
1697 2744 2056 2819 ωρχήσασθε.
2138 2756 2280 2806 Ν8ιιι
2328 2745 2630 2819 ὀρχεῖσθαι

1539 2823 1772 2876 saltandi
1797 2821 2121 2873 vocabulum
2147 2824 2215 2874 de
2239 2823 2481 2889 piscibus
2503 2824 2629 2887 dici,

1543 2909 1609 2943 ex
1638 2892 1875 2956 Oppiani
1906 2892 2254 2959 cyneget.1,
2291 2892 2376 2944 59.
2416 2893 2481 2945 61
2520 2910 2631 2945 mo·

1539 2967 1635 3012 net
1678 2961 2002 3013 Lat-cherua.
2085 2963 2171 3012 De
2215 2963 2486 3027 piscibus,
2539 2964 2631 3029 qui

1541 3037 1708 3082 cantu
1732 3031 2052 3093 illiciuntur,
2078 3031 2340 3082 Aelianus
2365 3033 2627 3083 nonnulla

1540 3102 1731 3152 scribit
1756 3102 1904 3151 Hist.
1934 3100 2170 3153 Animal.
2190 3102 2235 3163 1,
2258 3099 2346 3153 39.
2406 3103 2487 3153 Ac
2510 3118 2628 3168 per-

1537 3172 1680 3221 tinet
1712 3170 1819 3221 huc
1867 3185 2084 3236 888888
2117 3186 2265 3222 8888
2300 3171 2488 3222 fabula
2522 3173 2626 3222 Ba-

1539 3240 1645 3290 brii
1666 3255 1848 3321 nuper
1865 3239 2107 3305 vulgati,
2143 3256 2285 3307 quae
2311 3241 2628 3291 inscribitur

1529 3300 1738 3367 Αλιεὺς
1776 3301 1971 3359 αὖλων
2009 3315 2065 3359 et
2108 3325 2249 3375 8888
2286 3309 2468 3360 8818ι8
2508 3325 2627 3361 ora-

1538 3380 1688 3429 tione
1724 3379 2000 3429 invenitur
2022 3379 2167 3429 inter
2192 3378 2498 3429 fabularum
2523 3381 2626 3430 Ae-

1538 3449 1846 3513 sopicarum
1895 3446 2272 3498 collectiones·
2325 3447 2437 3498 vid.
2472 3447 2622 3497 sabb.

1537 3518 1825 3582 Aesopicc.
1862 3516 1985 3567 coll.
2033 3533 2099 3566 ex
2138 3531 2360 3580 recogn.
2397 3515 2458 3566 C.
2489 3515 2626 3565 Hal-

1538 3587 1633 3636 mii
1682 3585 1856 3650 (Lips.
1906 3583 2095 3648 1852),
2156 3600 2240 3634 nr.
2287 3586 2374 3636 27.
2433 3600 2488 3648 p.
2539 3583 2622 3647 13,

1534 3655 1679 3705 unde
1723 3655 2001 3720 profectus
2045 3655 2255 3704 Ennius
2307 3652 2476 3718 (apud
2524 3655 2626 3703 Fe-

1535 3729 1681 3774 stum
1728 3740 1775 3775 8.
1819 3739 1873 3773 v,
1925 3722 2139 3774 eubule.
2197 3737 2324 3788 pag.
2373 3721 2477 3773 309
2537 3722 2622 3773 ed.

1534 3791 1794 3857 Mueller)
1849 3790 2013 3842 dixit:
2070 3790 2305 3855 „subulo
2352 3791 2626 3858 quondam

1536 3863 1776 3913 marinas
1815 3865 2037 3927 propter
2069 3861 2327 3912 adstabat
2361 3860 2554 3927 plagas
2569 3861 2623 3922 ;“

1534 3932 1651 3983 vid.
1697 3932 1780 3982 10.
1817 3930 2031 3981 Vahlen
2066 3931 2303 3981 Ennian.
2354 3946 2507 3996 poes.
2545 3946 2625 3981 re-

1534 4001 1672 4066 liqq.
1716 4018 1770 4067 p.
1801 4000 2094 4051 LXXXIII
2125 4015 2278 4066 seqq.
2317 4005 2372 4050 8ι
2406 4016 2461 4064 Ρ.
2501 4000 2623 4052 161.

1535 4072 1723 4136 Ipsam
1758 4070 2054 4137 imaginem
2093 4086 2127 4120 a
2148 4069 2290 4135 Cyro
2324 4068 2623 4120 adhibitam

1538 4140 1609 4191 ad
1644 4142 1844 4191 Persas
1880 4139 2025 4205 quod
2063 4139 2252 4190 referri
2287 4139 2464 4189 voluit
2485 4136 2624 4190 Ede

1532 4209 1750 4261 lestand
1786 4209 1858 4259 du
1893 4207 2054 4259 Mei-il
2104 4209 2351 4274 (Poesies
2390 4209 2623 4258 ineditos

1534 4280 1608 4330 du
1653 4295 1849 4345 moyen
1897 4279 2001 4343 fige
2043 4294 2100 4342 p.
2148 4278 2265 4344 18),
2321 4276 2392 4326 ad
2439 4277 2625 4341 Lydos

1533 4349 1757 4400 Curtius
1815 4347 2195 4412 (Archaeolog.
2245 4346 2477 4411 Zeitung
2521 4344 2622 4394 XI.

1532 4434 1588 4484 Ρ.
1632 4417 1784 4483 151),
1830 4419 2168 4481 spectantem
2216 4414 2363 4464 illam
2408 4412 2621 4478 quidem

2118 4496 2193 4555 19
