3109 5092
982 384 1113 447 AD
1161 338 1505 449 HEROD
1527 387 1673 449 OT.
1717 389 1802 463 Π,
1846 398 1963 451 102.
2488 387 2612 454 869

332 559 648 613 Thebarum
693 559 818 630 ripa
862 559 987 632 (ubi
1032 578 1179 614 nunc
1218 560 1375 614 vicus
1420 561 1613 614 Luxor
1633 556 1728 630 ¹³¹),
1787 568 1982 616 ornata
2014 557 2109 633 **)
2153 563 2247 616 illa
2293 565 2509 634 quidem
2556 574 2613 621 et

333 644 570 698 colossis
610 652 666 697 et
714 645 972 698 obeliscis
1008 645 1256 714 duobus,
1316 663 1548 716 quorum
1598 646 1826 701 alterum
1866 666 2012 702 anno
2044 653 2184 709 1833
2221 648 2469 703 Parisios
2513 652 2609 704 ad-

334 736 551 783 vectum
593 735 649 782 et
687 731 745 782 in
780 730 1121 784 Concordiae
1160 748 1290 785 area
1320 731 1638 785 collocatum
1666 733 1902 786 vidimus
1925 729 2088 801 ***),
2136 734 2285 787 notis
2328 734 2606 804 hierogly-

332 815 509 885 phicis
556 815 858 883 obtectum,
906 816 1110 885 quibus
1156 835 1247 869 res
1292 817 1360 869 ab
1410 817 1511 869 hoc
1559 835 1691 885 rege
1736 822 2022 888 peractas,
2074 837 2270 888 preces
2309 834 2374 871 ac
2414 818 2607 874 laudes

333 900 604 953 contineri
637 918 808 969 supra
839 900 941 953 iam
985 900 1248 970 diximus3
1297 919 1436 972 quas
1467 903 1683 956 easdem
1717 921 1809 956 res
1837 904 1892 955 in
1924 904 2098 956 altero
2133 920 2374 975 quoque,
2419 905 2515 974 qui
2547 906 2608 961 in

335 982 589 1055 Aegypto
623 985 907 1051 remansit,
954 985 1196 1040 obelisco
1228 986 1536 1057 insculptas
1569 989 1717 1040 notis
1755 988 2184 1058 hieroglyphicis
2216 989 2478 1042 celebrari
2508 990 2606 1042 do-

334 1069 449 1121 cuit
495 1071 635 1122 idem
675 1069 948 1123 Rosellini
987 1070 1022 1123 l.
1055 1070 1092 1124 l.
1143 1079 1327 1141 p.210
1353 1090 1509 1143 seqq.
1586 1072 1742 1140 Alia,
1793 1090 1934 1142 quae
1982 1074 2130 1126 notis
2175 1073 2607 1142 hieroglyphicis

333 1153 606 1225 inscripta
633 1160 768 1207 sunt
799 1155 949 1208 hisce
979 1157 1360 1224 monumentis,
1396 1156 1584 1211 attulit
1614 1175 1791 1227 nuper
1822 1158 2093 1227 Brugsch.
2130 1158 2165 1210 l.
2184 1158 2220 1211 l.
2251 1177 2306 1228 p.
2329 1163 2605 1230 124seqq.

333 1244 674 1292 exstructum
706 1258 832 1293 esse
859 1246 1034 1294 totum
1063 1242 1366 1294 aedificium
1399 1260 1628 1294 monens
1657 1247 1788 1312 post
1816 1260 1909 1295 eas
1945 1244 2238 1310 victorias,
2288 1244 2494 1313 quibus
2519 1263 2609 1297 re-

333 1324 531 1392 giones
581 1325 708 1383 inde
760 1326 829 1377 ab
860 1326 1152 1395 Aethiopia
1192 1345 1239 1379 s.
1275 1328 1589 1396 Negrorum
1631 1332 1780 1379 terra
1825 1344 2002 1397 usque
2042 1328 2112 1380 ad
2158 1328 2611 1397 Mesopotamiam

335 1409 394 1461 in
440 1408 702 1463 ditionem
733 1410 997 1481 Aegyptii
1039 1411 1191 1483 regis
1241 1412 1452 1478 sueri-nt
1493 1412 1780 1480 redactae,
1837 1412 1935 1481 qui
1968 1412 2245 1464 infinitum
2290 1412 2422 1465 inde
2464 1414 2607 1482 auri,

332 1496 580 1562 argenti,
626 1496 818 1563 ebeni,
859 1495 1090 1548 aliarum
1117 1512 1299 1549 rerum
1330 1496 1594 1549 tributum
1638 1514 1671 1548 a
1705 1496 1968 1565 gentibus
1997 1496 2162 1549 victis
2191 1498 2481 1567 acceperit.
2540 1498 2607 1552 Iu

331 1578 436 1630 alia
464 1580 653 1648 palatii
694 1586 854 1649 parte
893 1579 1112 1633 invenit
1139 1580 1278 1634 idem
1306 1581 1393 1634 vir
1423 1581 1620 1635 doctus
1662 1585 1748 1651 (p.
1785 1581 1916 1649 126)
1957 1582 2420 1651 expugnationem
2463 1583 2607 1635 arcis

330 1663 580 1730 hostilis,
631 1682 771 1734 quae
801 1672 1033 1718 vocatur
1065 1667 1286 1720 Ketesch
1298 1666 1364 1734 †)
1395 1671 1893 1735 repraesentatam,
1936 1665 2176 1735 itemque
2204 1665 2489 1719 victoriam
2518 1685 2607 1719 re-

332 1748 420 1816 gis
453 1749 521 1801 de
560 1751 842 1804 Chaldaeis
871 1752 1096 1819 (Chele)
1127 1757 1464 1820 reportatam
1491 1767 1612 1803 cum
1649 1750 1818 1802 multa
1847 1750 2080 1820 praeda:
2124 1749 2181 1800 in
2215 1749 2340 1801 aliis
2372 1750 2606 1804 alterius

333 1833 509 1902 partis
554 1834 1012 1904 inscriptionibus
1043 1841 1525 1889 commemorantur
1561 1835 1750 1904 plures
1792 1839 1990 1903 gentes
2030 1835 2246 1902 victae,
2286 1833 2606 1906 Aethiopes,

333 1917 538 1984 Nubii,
580 1919 782 1971 Graeci
811 1920 918 1988 (2),
953 1920 1247 1988 Chaldaei,
1277 1920 1696 1989 Mesopotamii,
1728 1919 2117 1989 Cappadoces,
2153 1913 2433 1988 Armenii,
2469 1919 2608 1973 Ara-

332 2002 465 2069 bes,
516 2001 608 2054 alii
652 2007 736 2075 (p.
770 2008 870 2065 127
904 2005 1149 2074 δρψ-Η)
1212 2005 1384 2058 Aliam
1412 2004 1859 2074 inscriptionem,
1906 2003 2106 2073 parieti
2134 2003 2464 2074 insculptam
2495 2022 2605 2057 non

331 2086 496 2154 longe
538 2088 606 2139 ab
637 2086 913 2141 Ammonis
952 2089 1182 2159 templo,
1225 2090 1283 2142 in
1329 2087 1583 2142 orientali
1615 2088 1731 2141 Nili
1774 2089 1899 2158 ripa
1936 2106 2111 2158 prope
2151 2088 2327 2141 vicum
2356 2089 2606 2158 Karnak,

332 2176 389 2224 et
416 2171 650 2226 additam
692 2173 950 2241 imagini,
997 2191 1141 2244 quae
1179 2173 1641 2244 expugnationem
1672 2172 1816 2226 arcis
1849 2176 2115 2227 Ascalone
2143 2174 2224 2243 ·(i.
2257 2192 2308 2226 e.
2339 2172 2607 2242 Ascalon)

331 2274 366 2308 a
406 2256 606 2310 Ramse
648 2258 855 2327 Magno
900 2260 1095 2311 factam
1135 2263 1546 2329 repraesentat,
1601 2277 1778 2328 nuper
1817 2258 2122 2328 publicavit
2150 2258 2309 2337 ‘idem
2350 2259 2607 2326 Brugsch

468 2440 523 2507 ²¹¹)
609 2442 717 2493 uod
753 2442 983 2494 docente
1010 2442 1281 2509 Brugsch:
1318 2441 1730 2493 Reiseberiehte
1767 2457 1866 2493 aus
1894 2442 2126 2507 Aegypt.
2167 2456 2223 2506 p.
2255 2438 2351 2492 122
2386 2439 2607 2505 proprio

330 2510 510 2562 valet:
602 2514 622 2561 l
655 2527 837 2578 queso?
872 2514 909 2563 i.
951 2531 998 2564 e.
1032 2529 1213 2564 arces.-
1249 2512 1337 2562 die
1362 2512 1665 2562 Schliisser.

471 2580 560 2645 **)
597 2582 736 2633 Vide
770 2582 1039 2633 Rosellini
1071 2582 1108 2632 l.
1146 2581 1182 2633 1.
1221 2598 1274 2648 p.
1317 2581 1417 2633 199
1453 2597 1607 2647 seqq.
1967 2647 1980 2661 ⁸
2055 2649 2067 2661 .
2422 2646 2434 2658 ⁸

473 2649 595 2716 ***)
634 2652 717 2702 De
743 2651 846 2703 hoc
873 2652 1112 2704 obelisco
1137 2650 1425 2703 vid.Aleoe.
1442 2650 1764 2700 Delaborde:
1787 2647 2147 2712 Description
2169 2646 2265 2696 des
2295 2643 2604 2710 obelxsques

329 2722 395 2772 de
425 2721 673 2786 Lougsor
717 2720 913 2786 figures
968 2738 1059 2773 sur
1100 2722 1182 2771 les
1230 2720 1417 2786 places
1453 2721 1519 2771 de
1560 2719 1618 2770 la
1657 2716 1939 2770 Concorde
1987 2722 2042 2767 et
2089 2716 2186 2765 des
2219 2713 2499 2765 Invalides
2551 2719 2607 2764 et

327 2789 513 2841 Precis
561 2791 657 2842 des
700 2793 1015 2856 operatione
1063 2791 1327 2841 relatives
1375 2806 1447 2839 au
1498 2794 1781 2855 transport
1829 2785 1964 2836 d'nn
2010 2786 2076 2836 de
2120 2800 2210 2836 ces
2259 2788 2605 2835 monuments

337 2861 476 2912 dans
516 2859 571 2910 la
608 2859 869 2925 capitale.
907 2861 1069 2912 Paris
1106 2859 1259 2913 1833.

465 2928 832 2996 L‘Obelisque
868 2932 936 2982 de
973 2932 1221 2995 Lougsor
1257 2927 1574 2993 transporte
1611 2928 1645 2977 ὲ.
1677 2928 1865 2978 Paris:
1903 2925 2102 2977 Notice
2134 2923 2443 2987 historique
2463 2960 2477 2986 ,
2515 2922 2606 2973 de-

333 3001 598 3066 scriptive
636 3004 690 3050 et
722 2998 1146 3066 archeologique
1172 3015 1272 3065 par
1285 2998 1856 3063 Chavnpollz'on-Fiqeac,
1886 3011 2023 3046 avec
2052 2995 2108 3044 la
2142 2993 2307 3058 figure
2341 2993 2407 3042 de
2423 2990 2605 3042 l’Obe-

332 3068 512 3136 lisque
549 3074 603 3120 et
636 3068 1104 3135 l'interpretation
1134 3070 1200 3120 de
1232 3084 1319 3119 ses
1357 3068 1713 3132 inscriptions
1750 3063 2232 3131 hieroglyphiques
2270 3062 2490 3128 d‘apres
2525 3060 2606 3113 les

329 3139 544 3193 dessins
585 3143 642 3190 et
677 3138 758 3192 les
794 3144 951 3193 notes
987 3141 1092 3196 Ms.
1132 3139 1198 3191 de
1235 3137 1619 3202 Champollion
1645 3137 1697 3187 le
1723 3135 1912 3201 jeune.
1983 3135 2166 3198 Paris,
2204 3132 2377 3182 Didot
2416 3129 2569 3183 1833.

465 3209 803 3275 Expedition
848 3211 915 3262 de
950 3212 1172 3261 Louxor
1215 3224 1285 3260 ou
1320 3207 1581 3259 Relation
1626 3207 1692 3257 de
1732 3206 1789 3257 la
1838 3219 2139 3271 campagne
2182 3202 2324 3253 faite
2361 3202 2519 3252 dans.
2548 3199 2607 3250 la
2686 3212 2690 3217 ·

326 3277 609 3330 Thebaide
634 3295 770 3344 pour
803 3297 872 3331 en
895 3283 1184 3346 rapporter
1215 3277 1537 3344 l'obelisque
1572 3274 1881 3328 occidental
1914 3275 1981 3325 de
2000 3274 2216 3325 Thebes
2245 3287 2346 3337 par
2368 3272 2603 3335 Angelin.

328 3347 761 3467 Ρὸῃὶἒῐῗῗὲᾞθ
797 3416 870 3464 Μ.
911 3416 1001 3466 Fr.
1043 3415 1286 3466 Salvolim'
1329 3416 1363 3465 a
1396 3415 1470 3464 M.
1511 3412 2125 3477 Champollion-Figeac
2174 3424 2267 3459 sur
2312 3407 2393 3459 les
2428 3407 2605 3457 hiero-

330 3484 559 3550 glyphes
597 3485 664 3536 de
695 3482 1020 3548 l’obelisque
1059 3484 1126 3533 de
1162 3484 1425 3547 Lougsor.
1500 3483 1575 3530 ib.
1617 3479 1774 3532 1833.

471 3554 812 3604 Traduction
847 3556 903 3603 et
938 3551 1178 3616 Analyse
1213 3550 1631 3616 grammaticale
1669 3550 1766 3599 des
1802 3547 2160 3612 inscriptions
2198 3543 2475 3610 sculptees
2512 3559 2605 3596 sur

326 3622 959 3691 l’obelisqueJEgyptien
992 3622 1060 3672 de
1091 3621 1284 3682 Paris,
1324 3619 1504 3670 suivie
1541 3618 1702 3669 d’une
1744 3618 1929 3667 notice
1963 3616 2198 3667 relative
2232 3615 2265 3664 a
2298 3613 2353 3664 la
2393 3613 2605 3665 lecture

331 3695 426 3745 des
474 3710 629 3745 noms
679 3695 776 3745 des
823 3694 937 3744 rois
986 3692 1081 3757 qui
1126 3708 1162 3756 y
1206 3694 1332 3740 sont
1376 3687 1740 3739 mentionnes.
1811 3688 1921 3737 Par
1971 3687 2062 3736 Fr.
2113 3684 2374 3735 Satvolini.
2456 3684 2606 3736 Avec

331 3762 612 3829 planches.
687 3763 848 3814 Paris
885 3760 1040 3815 1837.

468 3836 696 3900 Voyage
733 3834 804 3883 du
821 3833 1007 3883 Luxor
1037 3846 1104 3882 en
1122 3830 1341 3895 Egypte
1381 3828 1654 3892 entrepris
1693 3842 1794 3891 par
1832 3823 1989 3874 ordre
2028 3824 2103 3874 du
2139 3823 2225 3872 roi
2250 3838 2389 3888 pour
2424 3825 2601 3872 trans-

329 3907 517 3970 porter
562 3905 629 3956 de
664 3902 879 3954 Thebes
926 3902 961 3952 a
993 3900 1153 3951 Paris
1196 3900 1312 3951 l’un
1363 3899 1458 3949 des
1506 3895 1818 3961 obelisques
1859 3894 1927 3944 de
1972 3892 2243 3945 Sesostris
2290 3908 2393 3957 par
2425 3892 2501 3942 M.
2542 3892 2607 3941 de

339 3977 598 4026 Ver-uiuae
631 3973 987 4023 Saint-Maur.
1063 3969 1316 4036 Ouvrage
1355 3966 1484 4019 orne
1520 3966 1588 4018 de
1625 3964 1905 4032 planches.
1977 3964 2104 4014 Par.
2148 3962 2298 4013 1835.

472 4043 786 4110 Campagne
824 4043 1168 4108 pittoresque
1204 4040 1278 4089 du
1308 4040 1491 4088 Luxor
1527 4052 1630 4103 par
1656 4037 1730 4085 M.
1758 4037 1897 4085 Leon
1917 4034 1981 4083 de
1996 4033 2225 4083 «loannis.
2263 4032 2424 4082 Paris
2449 4028 2601 4082 1835.

467 4125 527 4193 †)
565 4127 900 4189 Intelligitur
935 4125 1159 4175 Edessa.
1208 4124 1313 4174 Sed
1354 4123 1572 4174 Osburn
1601 4122 1675 4171 11.
1718 4137 1771 4186 p.
1788 4119 2055 4185 47ssseqq.
2094 4119 2161 4169 de
2198 4117 2331 4168 urbe
2366 4115 2607 4167 Kadeslz-

334 4198 549 4247 Barnea
596 4196 958 4259 (En-Mishpat
994 4195 1052 4243 in
1089 4209 1249 4245 sacra
1287 4190 1586 4258 scriptura)
1623 4191 1867 4256 cogitat,
1921 4204 2085 4255 quam
2120 4189 2278 4253 ponit
2324 4187 2396 4236 ad
2433 4187 2607 4235 orien-

336 4267 503 4316 talem
533 4266 771 4331 Aegypti
807 4265 1085 4316 inferioris
1124 4280 1274 4315 oram
1307 4261 1819 4327 Phatmeticumque
1854 4259 2156 4311 brachium.

475 4332 575 4399 ††)
614 4338 681 4387 In
716 4336 829 4387 alia
865 4335 1224 4399 inscriptione
1242 4334 1599 4383 Memnoniis.
1622 4332 1930 4382 Ramseseii
1966 4330 2254 4381 enarratur
2290 4324 2479 4374 eadem
2516 4337 2607 4372 ex-

336 4405 578 4472 peditio,
624 4404 770 4457 bella
817 4421 939 4456 cum
983 4403 1276 4454 Chaldaeis
1321 4408 1509 4468 gesta,
1561 4402 1705 4466 alia,
1753 4399 1944 4451 multis
1999 4395 2333 4462 imaginibus
2373 4390 2605 4453 additis;

345 4477 412 4530 de
451 4475 646 4545 quibus
681 4476 795 4530 vid.
834 4474 1077 4539 Brugsch
1115 4472 1153 4524 l.
1182 4474 1218 4528 1.
1254 4489 1308 4539 p.
1348 4474 1451 4526 288
1477 4489 1628 4543 seqq.
