3109 5092
484 344 609 406 506

1339 338 1884 403 HERODOTI

484 526 832 593 ποιεῦνται
876 525 1092 604 σιτία,
1136 515 1253 598 τὰς
1294 514 1468 600 ζειὰς
1509 517 1919 605 μετεξέτεροι
1968 483 2303 586 καλέουσι.
2379 535 2653 604 φυρωσι
2689 513 2763 584 τὸ

482 627 609 715 μὲν
635 639 819 704 σταῖς
845 639 1017 692 τοῖσι
1046 623 1233 706 ποσὶ,
1275 620 1395 690 τὸν
1423 620 1498 689 δὲ
1527 617 1745 709 πηλὸν
1771 624 1923 708 τῇσι
1952 622 2174 710 χερσὶ,
2217 619 2331 688 καὶ
2357 617 2484 709 τὴν
2508 618 2763 708 κόπρον

479 729 931 817 ἀναιρέονται.

1034 721 1116 793 τά
1156 729 1380 794 αἰδοῖα
1422 714 1624 793 ὧλλοι
1665 723 1791 812 μὲν
1834 726 1991 793 ἐῶσι
2045 720 2134 805 ὥς
2184 725 2528 811 ἐγένοντο,
2584 720 2762 811 πλὴν

482 830 627 902 ὅσοι
665 828 797 900 ἀπὸ
825 829 1084 899 τούτων
1114 835 1393 918 ἔμαθον,
1435 827 1797 915 Αἰγύπτιοι
1826 827 1903 896 δὲ
1930 826 2470 916 περιτάμνονται.
2529 832 2764 915 εἵματα

481 941 620 1005 τῶν
650 934 775 1024 μὲν
804 930 1078 1023 ἀνδρῶν
1119 935 1392 1012 ἕκαστος
1431 937 1566 1019 ἔχει
1612 930 1771 1016 δύο,
1825 936 1962 1001 τῶν
2004 931 2081 1001 δὲ
2124 936 2471 1018 γυναικῶν
2500 935 2576 1001 ἓν
2607 929 2757 999 ἑκά-

482 1061 627 1127 στη.
711 1042 848 1107 τῶν
879 1042 1113 1105 ίστίων
1136 1033 1292 1116 τούς
1320 1043 1596 1125 κρίκους
1624 1037 1737 1103 καὶ
1763 1034 2011 1115 κάλους
2036 1041 2105 1105 οἱ
2128 1035 2254 1124 μὲν
2282 1031 2474 1104 ἄλλοι
2505 1037 2764 1116 ἔξωθεν

486 1143 929 1230 προσδέουσι,
984 1138 1342 1226 Αἰγύπτιοι
1387 1139 1462 1208 δὲ
1506 1145 1790 1208 ἔσωθεν.
1872 1138 2224 1230 γράμματα
2268 1136 2605 1228 γράφουσι
2647 1138 2758 1205 καὶ

484 1343 568 1404 73,
605 1343 700 1392 ubi
745 1342 859 1391 vid.
897 1341 943 1391 Ι.
980 1343 1052 1391 H.
1090 1342 1280 1400 Voss.;
1320 1340 1442 1390 aliis
1486 1347 1567 1391 ta·

483 1427 604 1461 men
634 1412 771 1461 locis
812 1409 931 1473 (Ili.
969 1411 1036 1473 V,
1090 1410 1205 1461 196.
1244 1410 1402 1472 VIII,
1441 1410 1565 1474 564)

483 1482 625 1531 idem
676 1480 932 1530 frumenti
981 1494 1153 1545 genus
1203 1448 1417 1542 ὄλυραν
1460 1481 1568 1529 dici

484 1555 686 1601 monet.
759 1550 964 1613 Tangit
1015 1549 1149 1598 haec
1197 1563 1411 1614 quoque
1461 1549 1569 1599 Pli-

854 1620 983 1669 Nat.
1032 1618 1240 1681 XVIII,
1299 1619 1382 1679 10,
1431 1622 1567 1669 sect.

841 1703 945 1750 „ex
990 1689 1178 1737 arinca
1225 1686 1569 1738 dulcissimus

484 1622 608 1670 nius
653 1619 800 1670 Hist.

482 1691 570 1741 20.
619 1692 670 1751 ξ.
720 1692 782 1740 4:

482 1759 665 1823 panis:
715 1758 837 1823 ipsa
887 1757 1146 1822 spissior,
1195 1772 1355 1821 quam
1394 1757 1479 1806 far
1514 1762 1570 1807 et

482 1829 653 1877 maior
679 1829 847 1892 spica,
887 1826 1073 1877 eadem
1111 1832 1167 1877 et
1194 1826 1568 1891 ponderosior.

480 1925 553 1935 —
596 1898 877 1947 Exteritur
929 1897 989 1945 in
1048 1897 1280 1947 Graecis.
1340 1896 1571 1946 difficul-

485 1973 594 2018 ter:
633 1967 703 2017 ob
725 1967 781 2016 id
807 1967 1063 2015 iumentis
1094 1967 1212 2026 dari
1237 1967 1307 2015 ab
1330 1967 1569 2016 Homero

486 2037 651 2087 dieta.
723 2037 878 2085 Haec
911 2035 1055 2084 enim
1102 2039 1216 2097 est,
1264 2050 1425 2099 quam
1464 2038 1572 2098 oly—

483 2123 594 2156 ram
629 2109 819 2162 νοσεῖς
869 2105 1055 2154 eadem
1108 2105 1164 2152 in
1203 2104 1452 2170 Aegypto
1493 2106 1572 2154 fa-

483 2175 606 2226 cilis
644 2173 976 2237 'fertilisque.
1073 2173 1184 2222 Far
1231 2173 1348 2222 sine
1397 2173 1570 2223 arista

486 2249 598 2304 est,
647 2244 776 2291 item
824 2241 985 2306 siligo
1021 2268 1092 2276 —
1128 2241 1302 2305 'riphe
1346 2247 1402 2292 et
1445 2242 1569 2306 ipss

488 2311 728 2364 eiusdem
773 2314 856 2360 est
888 2310 1133 2374 generis,
1173 2326 1238 2359 ex
1272 2326 1380 2374 qua
1415 2310 1477 2360 fit
1511 2311 1568 2359 in

484 2385 673 2433 nostro
711 2379 839 2430 orbe
876 2394 1059 2443 oryza.
1133 2379 1292 2443 Apud
1330 2380 1570 2430 Graecos

486 2457 571 2502 est
609 2452 732 2500 Zea
740 2448 777 2476 “
850 2449 928 2498 Ae
973 2447 1135 2499 Link.
1184 2447 1411 2528 (Urwelt
1461 2453 1569 2499 etc.

484 2538 540 2587 p.
577 2520 703 2583 212)
741 2519 960 2570 nomina
997 2519 1206 2569 Graeca
1252 2511 1369 2578 ζειά
1406 2523 1570 2584 atque

486 2585 664 2654 ὄλυρα
716 2589 851 2639 nihil
905 2588 1013 2637 nisi
1061 2587 1214 2650 Spelz
1263 2588 1572 2653 significare

484 2659 632 2722 vult,
683 2673 801 2709 eum
837 2657 1006 2707 variis
1044 2658 1378 2722 temporibus
1411 2656 1572 2707 modo

483 2732 589 2781 hoe
611 2728 772 2779 modo
799 2726 933 2778 illud
958 2742 1154 2777 nomen
1178 2728 1234 2776 in
1259 2743 1360 2777 usu
1388 2727 1570 2777 fuerit.

486 2799 647 2850 Conf.
674 2799 838 2848 etism
862 2797 1079 2861 Meyer:
1118 2796 1449 2847 Botanisehe
1476 2798 1576 2846 Er-

484 2869 832 2930 lfiuterungg.
877 2881 944 2915 zu
979 2865 1159 2916 Strab.
1198 2882 1253 2929 p.
1295 2867 1413 2916 181.
1469 2866 1575 2915 Ro-

486 2936 663 2986 sellini
710 2936 952 2984 Menum.
1004 2935 1112 2984 oiv,
1160 2935 1236 2985 ΙΙ.
1287 2950 1339 2996 p.
1378 2934 1482 2985 370
1519 2939 1576 2985 et

484 3007 687 3069 Papyr.
725 3003 951 3056 Graece.
993 3004 1219 3054 Taurin.
1264 3002 1461 3054 illustr.
1502 3004 1573 3054 ab

487 3076 609 3125 Am.
645 3073 877 3136 Peyron.
921 3087 973 3135 p.
1026 3071 1111 3121 73.
1202 3072 1286 3121 Ad
1329 3072 1574 3122 Herodo-

487 3148 602 3193 tum
636 3145 701 3191 ut
735 3145 1004 3200 revertar,
1051 3140 1196 3189 infra
1231 3141 1308 3203 11,
1347 3141 1410 3190 77
1451 3142 1572 3207 (ubi

488 3213 559 3263 cf.
623 3208 790 3275 nott.)
852 3215 1219 3260 memorantur
1275 3225 1444 3274 panes
1505 3226 1571 3261 ex

485 3285 636 3347 olyra
669 3279 930 3336 confecti,
969 3293 1106 3343 quos
1139 3279 1302 3344 vulgo
1330 3279 1572 3344 eyllestis

485 3349 741 3416 Aegyptii
767 3347 1065 3412 appellant.
1090 3349 1291 3399 Nostro
1317 3348 1437 3398 loeo
1462 3350 1574 3399 Ita-

484 3417 570 3470 lus
619 3420 885 3482 interpres
930 3418 1153 3482 copiosa
1200 3418 1572 3482 disputatione

486 3481 698 3550 ολυραν
735 3487 1018 3538 contendit
1054 3502 1174 3536 esse
1218 3487 1453 3537 hordeum
1496 3489 1573 3539 cli-

483 3557 713 3614 elichum,-
763 3556 919 3608 Gallo
961 3557 1244 3620 interpreti
1291 3556 1448 3607 Miot.
1494 3559 1575 3606 vi-

485 3628 644 3677 detur
679 3642 799 3677 esse
825 3626 1022 3689 Soryho
1046 3641 1091 3674 s.
1116 3626 1310 3676 Holcus
1344 3626 1575 3691 sorqhmn

484 3697 666 3758 Linn.,
705 3711 811 3759 quo
845 3695 1115 3759 hodieque
1152 3696 1382 3744 maxime
1416 3700 1574 3745 utan-

483 3769 574 3815 tur
620 3764 903 3829 Aegyptii,
963 3767 1225 3814 vocantes
1268 3764 1447 3814 Doura
1491 3764 1574 3813 be-

483 3834 635 3898 lady,
672 3834 732 3882 id
761 3839 871 3883 est:
909 3833 1090 3882 Doara
1117 3834 1426 3896 intimem,
1465 3848 1574 3897 quo

484 3901 854 3965 distinguatur
897 3916 930 3950 a
967 3901 1148 3952 Doara
1194 3902 1384 3965 chemy,
1435 3902 1472 3950 i.
1522 3917 1570 3952 e.

485 3986 520 4019 a
552 3969 731 4018 Dour-a
769 3978 1001 4020 eaeterno.
1074 3969 1158 4020 Ad
1181 3970 1322 4020 hane
1358 3974 1572 4021 senten—

481 4038 616 4087 tiam
635 4038 798 4086 etiam
817 4038 1045 4088 inclinat
1057 4039 1396 4088 Wilkinson·
1384 4076 1396 4088 .
1418 4040 1573 4089 Man-

482 4121 607 4156 ners
658 4110 762 4154 ete.
813 4106 891 4155 11.
927 4120 984 4169 p.
1033 4105 1134 4156 397
1183 4105 1308 4156 coll.
1363 4109 1569 4172 Egypt.

481 4173 596 4225 and
631 4173 846 4223 Thebes
886 4188 1015 4238 pag.
1057 4175 1176 4237 213,
1216 4175 1478 4240 additque
1513 4177 1569 4224 in

481 4245 619 4309 ipsis
674 4240 966 4305 sculpturIs
1010 4243 1241 4306 eoryhum
1302 4260 1348 4293 s.
1405 4246 1573 4294 doura

482 4313 796 4377 frequenter
842 4310 1093 4375 reperim
1149 4311 1390 4362 triticum
1436 4327 1567 4362 vero

483 4397 592 4433 non
611 4379 841 4445 amplius
860 4394 1106 4430 erescere
1126 4394 1223 4444 per
1236 4380 1564 4445 Aegyptum.
1592 4455 1603 4466 .

1672 1343 1750 1392 Ae
1772 1341 1925 1392 varia
1943 1355 2146 1406 panum
2175 1355 2377 1407 genera
2396 1338 2629 1405 parandi
2647 1355 2760 1389 mo-

1672 1411 1799 1461 dum
1842 1411 2062 1461 exhibet
2106 1412 2289 1477 imago
2334 1411 2481 1475 apud
2529 1409 2757 1460 eundem

1671 1482 1845 1530 virum
1884 1481 2102 1531 doctum
2137 1481 2215 1530 11.
2253 1496 2307 1544 p.
2347 1478 2469 1532 385.

1744 1547 1972 1614 φυρῶσι
2008 1541 2073 1598 τὸ
2107 1543 2212 1613 μὲν
2249 1552 2407 1607 σταῖς
2440 1549 2588 1598 τοῖσι
2620 1547 2766 1596 ποσί
2780 1563 2813 1596 ⁸

1673 1635 1724 1668 x.
1762 1634 1810 1668 τ.
1849 1618 1921 1684 L]
1950 1620 2107 1675 σταις
2145 1619 2346 1669 dieitur
2380 1632 2566 1669 massa
2601 1616 2761 1667 farris

1674 1689 1879 1738 triticei
1922 1690 2066 1753 aqua
2106 1688 2376 1748 admixtu
2434 1684 2629 1752 φυρᾶν
2677 1691 2763 1736 est

1667 1758 1920 1822 subiqere,
1943 1758 2178 1821 densere.
2234 1758 2535 1809 Confirmet
2562 1756 2761 1807 Strabo

1670 1827 1852 1878 XVII.
1888 1842 1943 1891 p.
1982 1827 2119 1878 1179
2157 1826 2199 1876 C
2228 1843 2272 1880 s.
2307 1843 2437 1894 pag.
2468 1825 2590 1888 823,
2615 1825 2762 1890 quod

1671 1897 1983 1947 Herodotus
2031 1896 2245 1948 retulit:
2296 1898 2575 1975 proprium
2618 1895 2761 1946 enim

1675 1981 1797 2017 esse
1831 1966 2141 2031 Aegyptiis.
2176 1959 2241 2015 τὸ
2275 1961 2379 2026 μὲν
2416 1958 2604 2028 πηλὸν
2635 1966 2763 2020 ταῖς

1673 2029 1840 2116 χερσὶ
1864 2032 2085 2098 φυρᾶν,
2134 2027 2199 2084 τὸ
2248 2030 2313 2085 δὲ
2361 2031 2526 2098 στέαρ
2576 2026 2641 2082 τὸ
2678 2025 2762 2090 εἰς

1672 2096 1780 2167 τὴν
1808 2095 2156 2167 ἆρτοποιΐαν
2180 2108 2302 2161 τοῖς
2330 2103 2485 2154 ποσί.
2549 2103 2760 2166 Quibus

1673 2172 1826 2223 addit
1861 2173 2188 2238 Wesseling.
2233 2175 2502 2238 Anonym.
2550 2173 2609 2222 in
2655 2174 2761 2236 Py-

1670 2242 1823 2307 thag.
1862 2242 2054 2306 reliqq.
2101 2259 2151 2307 p.
2198 2245 2299 2294 714
2347 2244 2433 2293 ed.
2474 2242 2595 2294 Gal.
2646 2241 2762 2292 Μο-

1672 2317 1766 2361 net
1800 2315 1984 2359 autern
2020 2311 2105 2361 Gr.
2143 2311 2412 2375 hodieque
2434 2312 2514 2361 sie
2548 2311 2669 2361 fieri
2706 2311 2762 2359 in

1674 2381 1957 2444 Aegypte,
2005 2379 2239 2430 testibus
2277 2380 2450 2431 Gallis
2488 2379 2666 2430 doctis
2708 2380 2763 2430 in

1673 2448 1947 2513 Descript.
1988 2447 2055 2499 de
2091 2448 2334 2515 lQEgypt
2373 2449 2481 2498 vol.
2520 2449 2596 2499 ΙΙ.
2631 2465 2759 2513 pag.

1675 2518 1807 2577 3863
1865 2518 2008 2568 idem
2060 2517 2251 2568 laudat
2310 2517 2642 2568 Hamacker.
2705 2518 2764 2567 in

1674 2588 1853 2638 Leett.
1890 2585 2234 2638 Philostratt.
2274 2603 2329 2651 p.
2363 2588 2396 2638 5
2444 2603 2618 2653 seqq„
2670 2588 2764 2651 qui

1675 2663 1885 2719 tamen,
1936 2657 1979 2706 si
2029 2647 2215 2720 πηλὸν
2262 2656 2499 2722 intelligi
2540 2656 2660 2706 vult
2694 2657 2764 2706 υἰ-

1673 2742 1813 2786 num,
1852 2740 1886 2776 a
1917 2724 2026 2776 loei
2060 2727 2331 2776 sententia
2357 2727 2641 2777 aberrasse
2667 2742 2761 2790 pu-

1675 2795 1875 2845 tandus
1922 2801 2024 2846 est.
2107 2795 2307 2846 Confer
2359 2795 2426 2846 de
2474 2797 2579 2846 hac
2628 2811 2761 2846 voce

1676 2869 1817 2915 nott.
1856 2865 1927 2915 ad
1962 2865 2036 2926 11,
2075 2864 2164 2916 85.

1746 2925 2043 2998 Αἰγυπτιοι
2063 2926 2128 2982 δὲ
2142 2926 2604 2997 περιτάμνονται]
2624 2933 2763 2982 Con-

1676 3002 1856 3053 firmat
1888 3003 2031 3053 idem
2065 3003 2261 3054 Strabo
2297 3002 2478 3053 XVII.
2516 3018 2570 3084 p.
2614 3001 2760 3062 1180,

1673 3073 1722 3123 Α
1758 3088 1803 3122 s.
1841 3087 1969 3137 pag.
2005 3073 2130 3124 824.
2166 3072 2335 3122 Plura
2375 3071 2441 3120 de
2484 3071 2764 3122 eircumci-

1675 3141 1828 3191 sione
1862 3142 2104 3191 invenies
2130 3146 2267 3192 nott.
2299 3141 2370 3191 ad
2402 3141 2478 3202 ΙΙ,
2515 3141 2602 3192 37.
2641 3142 2757 3191 104.

1674 3211 1760 3260 Cr.
1804 3210 1861 3260 h.
1899 3209 1938 3261 1.
1977 3209 2235 3261 amandat
2271 3212 2340 3261 sd
2380 3210 2593 3260 Vonck.
2642 3225 2761 3273 spe-

1656 3280 1779 3329 'eim
1815 3280 1936 3329 erit.
1972 3295 2101 3345 pag.
2140 3281 2206 3331 55
2245 3277 2322 3343 (in
2348 3279 2595 3344 Append.
2637 3293 2757 3341 cap.

1680 3349 1730 3414 l)
1782 3353 1837 3398 et
1871 3350 2129 3399 Huetium
2179 3349 2251 3399 ad
2289 3349 2514 3414 Origen.
2561 3348 2758 3398 v01.1.

1672 3434 1726 3482 p.
1770 3418 1836 3468 16
1874 3418 1959 3468 οᾶ.
1998 3419 2187 3469 Ruaei.

1744 3482 1943 3550 ειματα
1978 3485 2093 3536 τῶν
2129 3480 2233 3551 μὲν
2260 3479 2495 3548 ἀνδρων
2523 3501 2575 3534 κ.
2604 3501 2651 3535 τ.
2685 3483 2757 3550 L]

1676 3554 1948 3616 Conf.11,
1985 3557 2071 3608 81.
2144 3555 2578 3621 comprobantur
2622 3555 2759 3604 haee

1675 3624 2049 3688 Nymphodori
2101 3625 2412 3675 testimonio
2450 3640 2540 3689 ap.
2576 3623 2758 3674 Schol.

1675 3694 1746 3743 sd
1781 3693 2032 3757 Sophoel.
2057 3694 2252 3758 Oedip.
2291 3694 2480 3744 Oolon.
2509 3692 2629 3755 331,
2666 3693 2761 3742 ubi

1676 3763 1942 3812 Sesostris
1977 3778 2179 3814 morem
2225 3761 2592 3813 introduxisse
2640 3777 2762 3811 nar-

1673 3836 1850 3909 ratur-3

1745 3891 2040 3963 γράμματα
2059 3891 2415 3962 γράφουσικ.
2438 3913 2486 3948 τ.
2510 3898 2612 3964 λ.,]
2619 3898 2763 3960 ,Diei

1675 3983 1783 4018 non
1819 3973 2019 4032 potest,
2056 3981 2192 4032 quas
2232 3967 2422 4017 turbas
2450 3967 2661 4018 dederit
2685 3967 2762 4016 lo-

1670 4052 1767 4087 cus
1801 4036 2171 4098 Herodoteus,
2221 4050 2357 4101 quas
2407 4035 2551 4085 idem
2595 4035 2764 4086 mole·

1673 4106 1809 4155 stias
1864 4105 2169 4155 exhibuerit
2221 4104 2355 4154 viris
2404 4104 2610 4166 doctis,
2669 4105 2762 4169 qui

1668 4173 1797 4224 inde
1835 4190 1869 4224 a
1914 4174 2120 4224 renatis
2160 4173 2335 4223 literis
2372 4173 2431 4222 in
2468 4173 2613 4223 hane
2648 4188 2761 4222 rem

1668 4243 2092 4307 inquisiverunt.
2175 4243 2317 4292 Nam
2377 4242 2611 4306 primum
2656 4241 2763 4292 hoe

1669 4312 1985 4361 testimonio
2020 4311 2110 4361 usi
2133 4315 2263 4360 sunt
2293 4311 2351 4371 ii,
2387 4309 2482 4376 qui
2515 4311 2762 4360 Hebrae-

1669 4395 1822 4430 orum
1850 4394 2153 4431 sermonem
2186 4379 2648 4444 scriptionsmque
2671 4393 2762 4428 eo-
