3109 5092
1142 329 1396 392 OLIO.
1438 331 1491 391 Ι.
1539 340 1662 396 168.
1709 341 1832 398 169.
1881 343 2004 400 170.
2581 335 2700 398 331

436 510 832 593 Μιλησίων,
886 499 1000 574 διὰ
1045 503 1257 594 μάχης
1310 505 1439 596 μὲν
1494 503 1816 577 ἀπικέατο
1868 504 2216 605 Ἀρπάγῳ,
2289 510 2585 601 κατάπερ
2645 516 2717 582 οἰ

437 607 855 695 ἐκλιπόντες,
924 609 1039 678 καὶ
1088 606 1333 700 ἄνδρες
1383 611 1696 698 ἐγένοντο
1745 608 1996 701 ἀγαθοὶ
2010 667 2029 699 ,
2080 616 2235 705 περὶ
2288 618 2405 705 τῆς
2453 617 2711 686 ἑωυτοῦ

434 717 709 796 ἕκαστος
752 712 1113 803 μαχόμενοι
1134 734 1151 751 ·
1211 715 1625 797 ἑσσωθέντες
1663 716 1741 787 δὲ
1784 718 1900 788 καὶ
1943 713 2220 800 ἁλόντες
2262 725 2503 808 ἔμενον
2541 718 2711 790 κατὰ

435 816 665 908 χώρην
720 812 1029 903 ἕκαστοι,
1082 819 1195 889 καὶ
1244 817 1326 889 τὰ
1382 821 1869 910 ἐπιτασσόμενα
1915 824 2285 893 ἐπετέλεον.
2381 822 2711 912 Μιλήσιοι

438 922 549 1007 δὲ,
606 950 697 1003 ως
742 924 854 993 καὶ
895 921 1224 1014 πρότερόν
1256 952 1369 1014 μοι
1418 931 1713 1013 εἴρηται,
1771 922 1957 1020 αὐτῳ
1995 924 2206 1021 Κύρῳ
2240 923 2474 1014 ὅρκιον
2511 952 2704 1016 ποιη-

434 1026 745 1115 σάμενοι,
793 1022 1082 1116 ἡσυχίην
1129 1017 1316 1117 ἦγον.
1413 1023 1615 1098 Οὕτω
1660 1027 1745 1118 δὴ
1788 1028 1865 1100 τὸ
1917 1032 2240 1121 δεύτερον
2283 1026 2501 1118 Ἰωνίη
2555 1032 2700 1100 §ds-

435 1129 752 1203 δούλωτο.
832 1158 921 1212 ως
967 1131 1046 1201 δὲ
1090 1130 1249 1214 τοὺς
1286 1133 1363 1204 ἐν
1405 1137 1487 1221 τῇ
1539 1128 1796 1227 ἠπείρῳ
1836 1130 2077 1216 Ἴωνας
2119 1132 2513 1222 ἐχειρώσπο
2539 1130 2700 1224 ’Ἁρ-

430 1262 642 1323 παγος
662 1286 680 1321 ,
756 1239 828 1307 οἱ
876 1232 992 1316 τὰς
1060 1234 1309 1326 νήσους
1377 1241 1641 1324 ἔχοντες
1700 1234 1934 1320 Ἴωνες
1954 1290 1973 1324 ,
2060 1236 2701 1328 καταρρωδήσαντες

428 1343 669 1425 ταῦτα,
728 1339 940 1429 σφέας
985 1335 1232 1422 αὐτοὺς
1282 1345 1527 1410 ἔδοσαν
1562 1340 1793 1436 Κύρῳ.
1872 1342 2389 1432 Κεκακωμένων
2432 1342 2511 1412 δὲ
2555 1339 2692 1413 Ἰώ-
2723 1340 2840 1402 170

429 1470 575 1514 νων
610 1445 723 1514 καὶ
764 1445 1280 1534 συλλεγομένων
1321 1442 1529 1515 οὐδὲν
1582 1447 1781 1516 ἕσσον
1820 1446 1888 1527 ἐς
1932 1444 2008 1517 τὰ
2043 1444 2476 1531 Πανιώνιον,
2523 1470 2697 1516 πυν-

425 1544 723 1638 θάνομαι
779 1547 1059 1639 γνώμην
1100 1555 1357 1620 Βίαντα
1403 1545 1622 1639 ἄνδρα
1660 1551 1965 1639 Πριηνέα
2020 1549 2478 1633 ἀποδέξασθαι
2514 1546 2702 1621 Ἰωσι

424 1651 964 1742 χρησιμωτάτην·
1029 1658 1111 1748 τῇ
1162 1660 1228 1724 εἰ
1274 1654 1666 1738 ἐπείθοντο,
1736 1668 2011 1743 παρεῖχε
2062 1651 2151 1725 ἄν
2201 1676 2325 1742 σφι
2379 1650 2696 1744 εὔδαιμο-

422 1757 606 1827 νέειν
656 1752 995 1850 Ἑλλήνων
1058 1757 1378 1848 μάλιστα·
1460 1752 1534 1838 ὃς
1603 1758 1872 1827 ἐκέλευε
1932 1762 2138 1851 κοινῷ
2193 1756 2409 1850 στόλῳ
2461 1753 2700 1838 Ἴωνας

419 1856 794 1951 ἀερθέντας
853 1864 1087 1933 πλέειν
1150 1866 1218 1944 ἐς
1275 1860 1564 1952 Σαρδώ,
1624 1863 1737 1933 καὶ
1795 1866 2026 1931 ἔπειτα
2079 1860 2281 1931 πόλιν
2341 1864 2504 1951 μίαν
2551 1869 2692 1932 κτί-

752 2030 885 2083 Cu».
921 2031 1168 2084 CLXIX.

486 2127 586 2185 διὰ
622 2128 806 2219 μάχης
848 2128 954 2200 μὲν
1003 2126 1370 2202 απικέατο]
1422 2139 1507 2189 ΒΘ

417 2207 594 2257 forma
618 2197 893 2257 ἀπικέατο
929 2206 1075 2258 conf.
1101 2206 1175 2258 ad
1198 2207 1389 2269 1‚152.
1420 2208 1503 2260 15.

414 2276 655 2327 Dindorf
698 2281 753 2329 et
787 2275 1017 2327 Dietsch
1052 2277 1336 2328 ediderunt
1373 2268 1505 2327 οἰ-πί

1611 2030 1814 2094 lictum,
1839 2035 1921 2095 ut,
1952 2029 2402 2097 quemadmodum
2422 2034 2588 2082 antea
2614 2030 2696 2082 fa-

1610 2116 1734 2152 cere
1756 2102 2188 2163 consuevissent,
2216 2100 2544 2153 Panionium
2569 2117 2694 2153 con-

1607 2171 1857 2223 venirent
1908 2188 1974 2223 ac
2019 2173 2088 2224 de
2121 2172 2283 2224 rebus
2320 2172 2694 2223 communibus

1609 2241 1972 2293 deliberarent
1985 2280 1999 2306 ,
2052 2258 2211 2294 sacra
2257 2243 2527 2304 facerent,
2585 2242 2696 2293 alia

1606 2311 1662 2361 id
1687 2327 1861 2377 genus
1895 2317 2218 2365 tractarent.
2273 2311 2449 2363 Aliter
2475 2312 2692 2378 quidem

410 2360 605 2480 225⁰·
639 2339 1506 2483 «223¹'⁸‹32¹¹13f-¹⁰⁰÷¹1‘²⁰¹5””31›1‘312‘3
1603 2383 2211 2518 εεειῑὲῑοῗωῖζι
2248 2381 2692 2503 ῗεέθεςρἕεῆῑ

411 2489 552 2537 ¹²⁰tt·
1601 2525 1741 2571 nert.
1790 2521 1858 2572 de
1904 2490 2049 2574 foed.
2094 2522 2267 2573 Ionic.
2315 2538 2370 2587 p.
2421 2521 2492 2571 49
2533 2525 2589 2571 et
2623 2521 2685 2572 C.

479 2562 559 2629 ὥς
603 2565 703 2621 καὶ
754 2562 1040 2638 πρότερόν
1095 2587 1195 2637 μοι
1253 2571 1496 2641 εἴρηται]
1599 2591 1665 2642 F.
1689 2591 1989 2644 Hermann.
2028 2591 2247 2644 arioch.
2276 2590 2685 2642 staatsalterth.

408 2641 538 2694 vid
573 2640 781 2704 1‚143
1600 2663 1650 2723 g.
1675 2661 1763 2712 77.
1800 2666 1916 2713 not.
1952 2663 2040 2712 29.
2077 2661 2163 2712 ed.
2187 2665 2366 2725 quart.
2434 2661 2518 2710 De
2547 2661 2688 2710 Pan-

478 2715 628 2778 οὕτω
667 2720 741 2792 δὴ
769 2719 834 2777 τὸ
866 2719 1137 2788 δευτερον
1162 2719 1351 2793 Ἰωνίη
1382 2719 1499 2777 ἐδε-

409 2790 690 2863 commo]
724 2798 939 2849 Primus
976 2799 1117 2849 enim
1147 2798 1380 2850 Croesus
1410 2799 1497 2849 Io-

408 2883 505 2918 nes
542 2868 601 2917 in
625 2868 885 2919 ditionem
912 2883 1067 2919 suam
1090 2869 1395 2935 redegerat,
1432 2873 1495 2920 ut

408 2953 575 3001 supra
608 2938 655 3001 Ι,
670 2939 744 2990 6.
769 2937 838 2989 28
870 2936 1120 3004 legimus.
1188 2941 1370 3002 Quare
1404 2954 1496 2990 ve-

406 3006 786 3059 risimillimum
828 3009 1071 3073 videtur,
1119 3009 1264 3073 quod
1299 3008 1490 3060 Plehn.

406 3078 690 3129 contendit
713 3079 771 3128 in
791 3078 1076 3131 Lesbiaco.
1094 3077 1236 3130 libro
1261 3094 1389 3143 pag.
1405 3079 1491 3142 55,

405 3147 593 3198 eodem
649 3149 813 3199 etiam
876 3153 1119 3213 tempore
1167 3149 1382 3200 Lesbios
1434 3149 1493 3199 in

403 3219 693 3269 Persarum
736 3218 898 3269 fidem
945 3223 1108 3292 atque
1162 3222 1492 3284 potestatem

404 3303 463 3338 se
499 3289 833 3353 permisisse.

752 3458 885 3511 Cu».
923 3460 1137 3512 CLXX.

466 3560 878 3627 κεκακωμένων
911 3557 978 3613 δὲ
1001 3553 1213 3614 Ἰώνων
1248 3578 1300 3613 κ.
1330 3579 1378 3612 τ.
1409 3562 1483 3628 1.]

400 3633 438 3685 i.
477 3651 525 3685 e.
562 3650 669 3685 cum
701 3633 855 3684 Iones
886 3634 964 3683 leis
998 3637 1143 3686 malis
1172 3635 1235 3701 (i.
1265 3649 1314 3686 e.
1341 3631 1487 3683 bello

398 3719 432 3754 a
464 3705 647 3755 Persis
684 3702 840 3754 illato
885 3704 1284 3769 eorundemque
1318 3702 1484 3767 impe·

394 3775 477 3824 rio
512 3774 648 3838 ipsis
682 3772 967 3837 imposito)
1005 3782 1173 3825 essent
1191 3773 1374 3838 afflicti
1407 3780 1484 3822 αι-

396 3860 491 3909 que
524 3844 833 3895 nihilominus
875 3842 943 3906 (i.
984 3859 1033 3896 Θ.
1080 3842 1325 3908 quamvis
1356 3842 1485 3892 Per·

395 3914 470 3962 sis
540 3918 724 3964 essent
790 3911 1019 3976 subditi)
1083 3917 1135 3964 t‘n
1188 3914 1485 3963 Panionium

396 3980 480 4046 (ut
527 3987 656 4034 aute
684 3984 973 4034 Persarum
1007 3982 1292 4048 imperium
1333 3980 1485 4032 soliti

394 4053 571 4118 erant)
612 4055 936 4104 convenirent
970 4056 1075 4103 etc.
1145 4052 1307 4103 Unde
1348 4051 1481 4101 mihi
1537 4101 1548 4110 ,

392 4120 788 4186 quodammodo
825 4126 1012 4190 patere
1046 4121 1287 4184 videtur,
1326 4121 1477 4172 Ioni·

391 4191 522 4253 bus,
558 4192 653 4257 qui
687 4191 871 4243 Persis
911 4207 968 4242 se
1002 4191 1309 4252 dedissent,
1357 4205 1477 4242 eam

388 4261 467 4311 rei
494 4260 745 4325 publicae
780 4261 1029 4322 formam,
1066 4276 1174 4326 qua
1199 4265 1363 4312 antea
1388 4261 1477 4310 usi

386 4330 618 4395 fuerint,
666 4346 787 4383 esse
831 4331 1152 4394 permissam
1193 4331 1476 4396 ipsamque

382 4398 655 4452 libertatis
676 4400 911 4467 speciem
943 4400 1217 4466 quandam
1240 4413 1362 4452 esse
1394 4413 1475 4450 re-

1597 2732 1731 2780 iom'o
1763 2730 1873 2781 vid.
1909 2731 1966 2792 Ι,
1993 2731 2096 2783 148
2128 2730 2313 2795 ibique
2348 2732 2488 2780 nott.
2553 2730 2688 2781 Ver-

1597 2800 1726 2850 bum
1746 2798 2071 2850 κακοῦσθαι
2087 2800 2380 2866 aliquoties
2397 2799 2502 2850 hoc
2522 2815 2686 2850 sensu

1598 2868 1743 2935 apud
1777 2870 2072 2921 Nostrum.
2117 2871 2165 2933 Ι,
2205 2868 2324 2921 196.
2357 2871 2424 2931 V,
2465 2870 2551 2921 27.
2587 2869 2684 2931 VI,

1597 2939 1683 2991 26.
1723 2940 1810 2990 27.
1855 2940 1998 3004 VII,
2037 2939 2156 2993 191.
2194 2940 2366 3003 VIII,
2402 2908 2492 2992 68.
2538 2942 2591 3002 g.
2631 2938 2683 2990 3.

1596 3010 1853 3061 Imitatur
1878 3011 2213 3063 Pausanias.
2253 3010 2321 3061 de
2309 3025 2450 3091 rquo
2477 3010 2549 3061 cf.
2570 3009 2685 3060 Sie-

1593 3079 1731 3130 belis
1767 3079 1838 3130 ad
1883 3081 1941 3144 1,
1978 3083 2032 3133 4.
2080 3084 2131 3144 §-
2174 3081 2225 3131 1.
2297 3067 2477 3144 ἧσσον
2529 3078 2683 3129 libris

1592 3150 1784 3199 invitis
1829 3155 2042 3202 mutare
2096 3165 2263 3201 ausus
2307 3165 2425 3200 sum
2470 3149 2528 3199 in
2573 3142 2681 3198 ἕσ-

1595 3231 1725 3280 σον,
1764 3220 1909 3283 quod
1944 3221 2072 3272 inde
2097 3236 2132 3271 a
2154 3218 2408 3270 Bekkero
2435 3219 2682 3269 fecerunt

1588 3292 1819 3340 reeentt.
1858 3290 2013 3341 editt.
2054 3286 2148 3354 (cf.
2180 3289 2415 3339 BredoV.
2452 3304 2507 3352 p.
2533 3287 2677 3352 144),

1590 3372 1691 3408 nec
1718 3362 1902 3410 tamen
1935 3375 2059 3411 cum
2081 3356 2275 3408 iisdem
2298 3357 2537 3408 scribere

1588 3428 1705 3478 cuit
1749 3429 1810 3477 in
1859 3444 2010 3494 seqq.
2059 3417 2271 3476 πλώειν
2319 3441 2417 3491 pro
2464 3356 2678 3489 πλεξιν,

1589 3496 1734 3561 quod
1771 3497 2111 3548 retinendum
2156 3496 2345 3546 censui
2392 3509 2514 3545 cum
2548 3494 2677 3545 Bre-

1590 3566 1717 3618 doV.
1736 3581 1791 3628 p.
1811 3565 1930 3618 172.
1951 3597 2022 3607 --
2039 3556 2499 3615 ἀποδείκνυσθαι
2532 3556 2676 3627 γνώ-

1586 3650 1702 3699 μην
1728 3632 2043 3698 (sententiam
2074 3635 2364 3694 declarare,
2393 3632 2673 3698 exponere)

1587 3705 1900 3770 frequenter
1939 3705 2078 3755 dixit
2110 3703 2310 3755 Noster
2346 3703 2553 3766 Ι,207.
2593 3702 2672 3765 11,

1587 3776 1674 3825 24.
1713 3773 1821 3832 ΠΙ,
1859 3775 1946 3827 74.
1987 3774 2073 3824 82.
2115 3773 2235 3824 160.
2285 3773 2381 3836 lv,
2419 3772 2506 3824 97.
2540 3772 2671 3836 VH,

1587 3842 1710 3895 139.
1736 3843 1901 3906 VIII,
1933 3842 2051 3896 108.
2081 3844 2180 3904 IX,
2205 3843 2301 3904 58,
2339 3858 2452 3922 quo
2485 3842 2674 3893 eodem

1585 3913 1701 3964 fere
1746 3928 1910 3964 sensu
1946 3880 2301 3994 ἐκφέρεσθαι
2336 3902 2570 3994 γνώμην
2602 3912 2670 3976 V,

1584 3983 1681 4047 36,
1739 3987 1904 4049 atque
1946 3973 2382 4044 αποφαίνεσθαι
2419 3975 2669 4046 γνώμην,

1585 4052 1652 4103 de
1688 4067 1795 4118 quo
1832 4052 1944 4102 dixi
1979 4053 2051 4102 ad
2083 4051 2363 4103 Plutarch.
2386 4051 2582 4115 Pyrrh.
2615 4066 2669 4116 p.

1585 4122 1705 4173 161.
1744 4149 1812 4159 —
1856 4125 1942 4173 De
1977 4123 2194 4182 Biante,
2244 4122 2338 4188 qui
2381 4120 2672 4172 admodum

1578 4197 1843 4256 provecta
1866 4196 2050 4244 aetate
2078 4192 2250 4242 fuisse
2276 4192 2514 4253 videtur,
2547 4205 2669 4241 cum

1576 4261 1713 4312 haec
1736 4261 1964 4314 Ionibus
1992 4260 2272 4324 suaderet,
2314 4260 2388 4312 cf.
2423 4262 2563 4312 nott.
2598 4259 2670 4309 ad
2751 4297 2763 4310 .

1576 4330 1623 4394 Ι
1609 4332 1838 4451 ἒῖέειν
1868 4391 1925 4457 ἐς
1959 4389 2170 4464 Σαρδω
2204 4412 2257 4447 ιι.
2292 4411 2342 4448 τ.
2382 4394 2460 4465 λ.]
2505 4393 2663 4450 Cous.
