3109 5092
344 2052 460 2114 118

472 327 596 391 250

1339 281 1875 393 ΗΕΒοοοΤῙ

472 504 729 582 ψευδέα
755 492 958 586 ὁδόν,
1004 505 1119 571 ἵνα
1145 499 1236 590 μὴ
1264 501 1695 589 ἐλεγχόμενος
1720 497 2103 592 ἁλίσκηται,
2148 499 2320 572 ἀλλὰ
2349 504 2529 588 λέγει
2558 500 2721 571 τάδε
2738 522 2753 538 ·

461 597 543 673 Ὦ
590 607 883 691 βασιλεῦ
901 656 919 688 ,
976 600 1132 674 ἐπεί
1165 632 1235 673 τε
1280 607 1664 694 παρέλαβον
1713 602 1788 674 τὸ
1825 612 2128 688 παιδίον,
2185 602 2553 694 ἐβούλευον
2597 625 2753 673 σκο-

471 710 648 792 πῶν,
687 703 860 787 ὅκως
901 715 1014 776 σοι’
1048 735 1121 776 τε
1167 706 1424 796 ποιήσω
1467 706 1634 777 κατά
1675 707 1873 794 νόον,
1912 711 2024 777 καὶ
2066 706 2198 794 ἐγώ
2240 705 2403 794 πρὸς
2448 709 2523 777 σὲ
2563 706 2751 793 γινό-

466 836 666 898 μενος
705 808 1197 899 άναμάρτητος,
1238 809 1401 899 μήτε
1436 813 1732 897 θυγατρὶ
1766 816 1848 901 τῇ
1888 817 1972 900 σῇ
2023 811 2189 899 μήτε
2232 808 2416 903 αὐτῷ
2456 831 2562 880 σοι
2605 821 2755 898 εἴην

466 909 823 1002 αὐθέντης.
881 915 1088 981 ποιέω
1120 910 1205 1002 δὴ
1233 903 1386 983 ὦδε.
1434 916 1720 993 καλέσας
1744 910 1862 982 τὸν
1890 914 2226 1002 βουκόλον
2250 913 2451 984 τόνδε
2471 965 2489 997 ,
2533 940 2747 1002 παρα-

468 1021 714 1104 δίδωμι
740 1014 815 1086 τὸ
843 1022 1145 1100 παιδίον,
1187 1014 1318 1103 φάς
1360 1019 1441 1086 σέ
1461 1044 1534 1085 τε
1577 1016 1752 1085 εἶναι
1794 1014 1912 1086 τὸν
1951 1017 2315 1087 κελεύοντα
2359 1013 2749 1086 ἀποκτεῖναι

467 1115 652 1189 αὐτό.
713 1121 824 1188 καὶ
863 1121 1082 1205 λέγων
1122 1119 1319 1190 τοῦτό
1359 1147 1438 1205 γε
1476 1116 1603 1187 οὐκ
1642 1115 2064 1208 ἐψευδόμην·
2124 1118 2209 1189 σύ
2238 1118 2366 1206 γὰρ
2408 1115 2833 1195 ἐνετέλλεοᾱε)

467 1218 667 1292 οὕτω.
726 1228 1153 1310 παραδίδωμι
1180 1224 1408 1310 μέντοι
1437 1228 1610 1314 τῷδε
1652 1221 1818 1290 κατὰ
1848 1222 2043 1308 τάδε,
2088 1221 2551 1310 ἐντειλάμενος
2591 1233 2742 1292 θεῖ-

469 1332 587 1394 ναί
621 1353 740 1412 μιν
787 1321 853 1404 ἐς
895 1321 1144 1413 ἐρῆμον
1174 1316 1409 1415 οὖρος,
1467 1327 1579 1394 καὶ
1623 1330 2093 1414 παραμένοντα
2128 1325 2539 1414 φυλάσσειν,
2594 1323 2746 1413 ἄχρι

468 1417 551 1496 οὗ
578 1426 993 1515 τελευτήσει,
1038 1424 1399 1517 ἀπειλήσας
1436 1444 1718 1497 παντοῖα
1758 1434 1962 1520 τῷδε,
2008 1424 2097 1516 ἢν
2123 1428 2214 1517 μὴ
2252 1427 2413 1497 τάδε
2442 1425 2750 1497 ἐπιτελέα

474 1529 739 1618 ποιήσῃ.
802 1527 952 1599 ἐπεί
986 1556 1057 1597 τε
1101 1529 1210 1612 δὲ,
1258 1529 1655 1619 ποιήσαντος
1693 1533 1935 1601 τούτου
1977 1530 2059 1600 τὰ
2098 1531 2546 1618 κελευόμενα,
2604 1527 2745 1598 ἐτε-

474 1632 752 1720 λεύτησε
796 1630 869 1702 τό
900 1638 1204 1718 παιδίον,
1259 1635 1520 1720 πέμψας
1549 1639 1689 1702 τῶν
1718 1633 2064 1721 εὐνούχων
2090 1633 2248 1713 τούς
2292 1633 2748 1718 πιστοτάτους,

474 1738 586 1803 καὶ
627 1735 812 1805 εἶδον
857 1733 950 1804 δι’
998 1733 1316 1822 ἐκείνων,
1373 1738 1486 1804 καὶ
1529 1738 1757 1816 ἔθαψά
1796 1767 1933 1825 μιν.
1991 1734 2203 1818 οὕτως
2242 1743 2425 1825 ἔσχε,
2471 1727 2522 1805 ὦ
2550 1742 2744 1823 βασι-

475 1844 618 1923 λεῦ,
648 1841 801 1926 περὶ
838 1843 959 1908 τοῦ
989 1837 1371 1927 πρήγματος
1410 1838 1685 1908 τούτου·
1739 1843 1852 1909 καὶ
1879 1840 2159 1934 τοιούτω
2203 1840 2384 1933 μόρῳ
2426 1837 2748 1928 ἐχρήσατο

474 1937 511 2012 ὃ
552 1959 724 2022 παῖς.

611 2042 949 2134 ’Ἅρπαγος
985 2044 1110 2131 μὲν
1165 2041 1247 2132 δὴ
1296 2041 1432 2113 τὸν.
1474 2042 1645 2113 ἰθύν
1687 2051 1925 2133 ἔφαινε
1974 2047 2192 2132 λόγον.
2269 2040 2633 2129 Ἀστυάγης
2676 2042 2753 2110 δὲ
2802 2138 2810 2145 .

476 2147 830 2234 κρύπτων,
875 2145 995 2214 τόν
1020 2151 1088 2214 οἰ
1116 2142 1326 2233 ἐνεῖχε
1354 2146 1554 2233 χόλον
1584 2147 1697 2216 διὰ
1723 2146 1797 2216 τό
1825 2145 2136 2234 γεγονὸς,
2167 2152 2397 2234 πρῶτα
2423 2145 2582 2232 μὲν,
2628 2172 2748 2212 κα-

475 2353 636 2404 huiun
696 2355 848 2404 verbi
902 2353 1302 2418 significatione
1356 2355 1567 2403 monita

476 2429 622 2474 sunt.
683 2454 752 2464 —
803 2425 908 2474 Pro
963 2415 1121 2489 μόρῳ
1167 2423 1368 2473 Aldina
1423 2424 1564 2473 male

475 2484 689 2560 τρόπῳ.

544 2551 695 2619 ὅκως
744 2559 841 2609 σοι’
895 2574 952 2608 τε
996 2552 1295 2626 ποιήσω]
1337 2551 1561 2623 ποιήσω

476 2648 598 2682 eum
633 2634 861 2681 recentt.
905 2629 1197 2691 edidimus,
1245 2630 1399 2679 libris
1437 2644 1564 2678 con-

477 2702 857 2752 sentientibus.
893 2699 1074 2765 Vulgo
1100 2697 1267 2748 ποιῶ.
1285 2697 1460 2774 vQuod
1484 2713 1565 2748 se·

477 2772 661 2835 quitur
695 2769 925 2820 alterum
951 2766 1102 2818 ποιῶ
1136 2760 1233 2832 (δὴ
1264 2765 1416 2832 ωδε),
1442 2783 1566 2817 cum

478 2840 791 2891 Gaisfordio
816 2854 846 2888 e
870 2839 1038 2887 ternis
1057 2836 1211 2887 libris
1236 2837 1564 2886 mutavimus

475 2909 534 2957 in
569 2906 763 2957 ποιέω.
835 2907 943 2957 Pro
979 2900 1283 2971 γενόμενος
1312 2904 1562 2970 Schwgh.

479 2992 509 3026 e
544 2976 855 3025 melioribus
888 2975 1066 3035 codd„
1087 2989 1224 3038 quos
1264 2989 1364 3037 ego
1400 2975 1566 3023 etiam

479 3060 599 3094 cum
635 3049 862 3094 reeentt.
903 3043 1025 3093 edd.
1064 3047 1286 3092 secutus
1318 3058 1454 3103 sum,
1484 3059 1565 3092 re·
1610 3045 1611 3048 ’

482 3114 627 3178 oepit
660 3103 975 3177 γινόμενος,
1023 3111 1287 3175 probante
1324 3111 1566 3162 Gaissor-

480 3182 598 3244 dio,
640 3183 784 3246 apud
830 3195 989 3245 quem
1035 3185 1245 3241 tamen,
1281 3195 1564 3244 operarum

480 3251 642 3301 credo
679 3250 906 3312 incuria,
943 3251 1000 3298 in
1035 3253 1188 3298 textu
1229 3249 1348 3313 ipso
1384 3253 1566 3299 exstat

480 3311 812 3382 γενόμενος,
850 3317 995 3382 quod
1022 3316 1290 3367 Matthiae
1326 3317 1565 3383 reliquit.

483 3389 549 3438 In
585 3403 765 3453 seqq.:
804 3385 918 3452 φὰς
957 3383 1018 3435 σέ
1049 3400 1107 3435 τε
1144 3379 1293 3436 εἶναι
1340 3402 1390 3436 κ.
1428 3402 1476 3435 τ.
1515 3386 1564 3436 λ.

480 3458 605 3508 Eltz
644 3459 868 3519 Quaest.
905 3455 1148 3506 Herodd.
1182 3457 1464 3520 proposuit
1496 3469 1579 3520 γε.

479 3543 576 3592 pro
614 3542 695 3577 τε.
760 3529 879 3590 Quo
927 3525 1143 3590 quidem
1190 3525 1283 3574 vix
1317 3540 1453 3589 opus
1489 3526 1569 3573 vi-

482 3595 656 3658 detur,
689 3596 737 3645 si
772 3610 830 3646 τε
869 3595 940 3647 ad
976 3599 1151 3645 totam
1197 3594 1402 3644 referas
1445 3609 1566 3643 sen-

480 3667 725 3727 tentiam,
755 3667 878 3715 -cui
936 3680 1060 3714 mox
1120 3662 1294 3713 altera
1346 3663 1567 3713 additur

480 3734 688 3784 verbis:
724 3730 836 3783 καὶ
872 3731 1048 3796 λέγων
1079 3763 1149 3772 --
1183 3725 1529 3795 ἐψευδόμην.

548 3800 754 3850 θεῖναί
807 3816 907 3865 μιν
964 3792 1020 3858 ἐς
1087 3792 1299 3864 ἐρῆμον
1363 3788 1564 3863 οὖρος]

477 3869 655 3933 Vulgo
727 3863 940 3933 ἔρημον
1009 3874 1247 3919 retracto
1310 3873 1560 3918 accentu.

479 3936 586 3986 Sed
645 3937 945 4001 Schweigh.
1004 3937 1155 3987 dedit
1205 3931 1417 4001 ἐρῆμον
1479 3935 1564 3999 (ut

476 3996 700 4068 ὁμοῖος,
746 3996 990 4068 ἑτοῖμος)
1037 4010 1152 4054 tum
1197 4006 1444 4055 codicum
1494 4007 1563 4055 ob

481 4073 890 4131 auctoritatem,
937 4076 1054 4121 tum
1098 4074 1273 4122 Reizii
1307 4075 1458 4123 iussu
1505 4075 1564 4122 in

478 4141 724 4192 Praefat.
759 4142 831 4191 ad
868 4140 1072 4191 Herod.
1107 4156 1159 4205 p.
1197 4140 1250 4191 9.
1298 4143 1565 4191 Probavit

478 4209 711 4260 Bredov,
752 4226 806 4274 p.
846 4208 968 4258 273.

551 4268 626 4342 ἢν
663 4270 738 4342 μὴ
773 4267 906 4326 τάδε
951 4265 1201 4325 ἐπιτελέα
1246 4267 1482 4341 ποιήσῃ]
1521 4277 1560 4328 i.

480 4364 526 4398 e.
567 4349 668 4399 nisi
705 4346 831 4397 haec
872 4346 1053 4412 effecta
1088 4345 1334 4404 dedisset,
1382 4359 1427 4394 s.
1467 4348 1567 4398 nisi

1663 2353 1791 2403 haec
1823 2356 2144 2418 perfecisset,
2176 2356 2449 2419 exegisset.
2498 2353 2756 2404 Locutio-

1666 2440 1786 2472 nem
1835 2424 2114 2474 illustrant
2165 2424 2410 2488 exempla
2459 2437 2491 2471 a
2539 2424 2757 2471 Wesse-

1665 2492 1836 2554 lingio
1873 2493 2060 2555 allata,
2099 2509 2164 2543 ex
2199 2493 2455 2543 Melissae
2492 2493 2654 2555 epist.
2696 2507 2750 2554 p.

1666 2561 1769 2611 749
1810 2563 2110 2627 (Pythagg.
2160 2563 2410 2624 fragium.
2462 2561 2547 2611 ed.
2586 2559 2753 2625 Gal.),

1667 2630 1822 2680 Stob.
1862 2633 2033 2683 Serm.
2058 2632 2335 2681 LXXVII.
2356 2647 2410 2694 p.
2435 2631 2555 2680 4150.
2593 2630 2751 2680 Conf.

1668 2700 1814 2749 infra
1860 2700 1913 2762 Ι,
1977 2702 2093 2751 124.
2164 2700 2284 2762 ΙΙΙ,
2355 2700 2417 2750 16
2465 2700 2587 2749 init.
2644 2700 2752 2760 ΙΙΙ,

1673 2769 1773 2818 124
1842 2769 1933 2818 fin.
2024 2799 2095 2809 —-
2174 2770 2302 2819 Mox
2380 2784 2520 2818 nnus
2588 2767 2751 2818 liber:

1667 2835 1772 2885 καί
1810 2826 1839 2885 ἕ
1880 2830 2062 2894 εἶδον,
2112 2839 2230 2887 sine
2285 2839 2636 2888 necessitato.
2684 2861 2753 2873 —

1668 2908 1774 2956 Pro
1823 2901 2022 2968 ἔθαψα
2063 2907 2301 2956 Thomas
2347 2909 2496 2971 Mag.
2546 2924 2601 2971 p.
2646 2906 2753 2955 415

1670 2990 1733 3024 ex
1798 2975 1900 3025 hoc
1967 2976 2086 3027 loeo
2156 2975 2349 3026 laudat
2418 2967 2753 3037 ἕθαψάμην,

1669 3044 1815 3109 quod
1849 3046 1990 3095 forte
2042 3046 2167 3094 ferri
2212 3045 2417 3109 possit,
2465 3046 2512 3094 si
2554 3043 2754 3093 intelli·

1670 3117 1857 3176 gatur:
1881 3115 2217 3176 sepelieredmn
2230 3116 2421 3163 curavi.
2448 3113 2555 3164 Sed
2569 3127 2753 3162 omnes

1668 3182 1791 3231 libri
1828 3183 2064 3232 retinent
2107 3176 2336 3242 ἔθαψα,
2381 3184 2645 3246 probante
2690 3196 2755 3230 ae

1668 3255 1858 3300 tuente
1914 3251 2188 3301 Gronovio
2242 3251 2312 3301 ad
2371 3252 2425 3312 1,
2488 3252 2604 3310 111,
2661 3250 2755 3314 qui

1667 3321 1852 3370 activo
1886 3321 2053 3370 verbo
2090 3321 2143 3369 in
2180 3320 2263 3369 his
2288 3321 2546 3370 Nostrum
2586 3320 2755 3368 fuisse

1668 3403 1824 3438 usum
1871 3388 2030 3438 docet
2067 3390 2153 3448 11,
2198 3389 2312 3440 169.
2361 3390 2477 3448 111,
2522 3390 2608 3439 62.
2656 3389 2750 3447 vl,

1669 3459 1753 3508 30.
1795 3457 1921 3519 VII,
1958 3458 2076 3508 117.
2126 3459 2209 3507 Tu
2252 3459 2364 3509 vid.
2407 3459 2571 3508 etiam
2611 3461 2748 3506 nott.

1668 3527 1740 3577 ad
1764 3527 1831 3590 V,
1863 3527 1915 3576 8.

2010 3628 2143 3679 CAP.
2171 3627 2419 3679 CXVIII.

1734 3721 2003 3791 κρύπτων
2060 3722 2163 3779 τόν
2215 3723 2275 3778 οἷ
2325 3720 2502 3794 ἐνεῖχε
2558 3720 2749 3794 χόλον]

1667 3798 1703 3848 i.
1738 3812 1787 3847 e.
1824 3805 1999 3862 tegens
2032 3803 2177 3855 iram,
2197 3815 2342 3862 quam
2378 3801 2427 3847 in
2462 3814 2569 3848 eum
2590 3795 2752 3860 (Har-

1662 3865 1884 3930 pagnm)
1918 3876 2134 3929 propter·
2153 3868 2211 3916 id
2238 3868 2426 3928 factum
2448 3869 2609 3917 animo
2637 3881 2752 3915 con-

1665 3943 1860 3996 ceptam
1895 3935 2126 3985 habebat.
2187 3936 2495 4001 Stephanus
2543 3935 2610 3984 de
2652 3950 2751 3984 suo

1665 4007 1973 4053 mutaverat
2008 3995 2183 4068 ἐνεῖχε
2220 4003 2372 4054 libris
2398 4004 2646 4054 omnibus
2672 4004 2752 4052 in-

1664 4071 1814 4132 vitis,
1840 4072 2001 4137 idque
2023 4089 2191 4123 unum
2213 4088 2400 4122 verum
2423 4088 2544 4122 esse
2566 4072 2751 4122 docuit

1664 4140 1897 4190 Bredov.
1945 4157 2000 4204 p.
2051 4140 2154 4191 369
2201 4143 2439 4206 itemque
2498 4141 2750 4191 Dindorf.

1663 4225 1718 4272 p.
1757 4209 2009 4259 XXXVI.
2080 4209 2259 4275 Vulgo
2321 4201 2554 4273 ἐνείχεε,
2606 4207 2751 4274 quod

1664 4279 2029 4327 Buttmannns
2056 4280 2196 4328 tueri
2226 4278 2420 4340 voluit,
2447 4293 2542 4342 pro
2570 4270 2746 4341 ἐνεῖχε

1662 4346 1742 4396 ita
1777 4347 2001 4410 dictum,
2026 4351 2088 4397 ut
2124 4343 2255 4410 ἓψεε
2292 4348 2338 4410 Ῑ,
2376 4347 2445 4396 48
2483 4351 2538 4396 et
2572 4337 2752 4410 ὤφλεε
