3109 5092
524 303 646 366 794
1395 306 1921 369 HERODOTI

516 481 837 572 Ἀραβίην
888 488 1156 571 ἔχοντα,
1212 489 1429 571 ἔχεται
1484 483 1559 553 δὲ
1614 483 2000 573 κατύπερθε
2049 489 2174 552 τοῦ
2226 489 2467 553 πεδίου
2520 482 2594 553 τὸ
2630 483 2811 555 κατὰ

525 590 813 676 Μέμφιν
838 603 1065 656 τεῖνον
1092 577 1292 678 οὖρος
1312 639 1330 670 ,
1377 590 1454 656 ἐν
1495 592 1591 680 τῷ
1627 592 1701 656 αἱ
1728 596 2111 676 λιθοτομίαι
2140 593 2368 657 ἔνεισι.
2434 593 2557 657 τοῦ
2587 579 2687 658 ὧν
2716 594 2761 657 δ
2768 587 2808 677 ἡ

523 688 759 780 οὔρεος
784 690 1029 760 τούτου
1058 688 1237 779 παρὰ
1262 688 1387 780 τὴν
1419 686 1739 779 ὑπωρέην
1778 682 1973 780 ἦκται
2014 687 2055 780 ἡ
2085 694 2336 779 διῶρυξ
2361 688 2480 761 ἀπ’
2517 694 2807 780 ἑσπέρης

523 793 743 885 μακρὴ
775 793 940 885 πρὸς
970 791 1094 882 τὴν
1123 791 1256 882 ἠῶ,
1296 796 1408 863 καὶ
1446 801 1674 864 ἔπειτα
1701 803 1907 864 τείνει
1941 797 2007 875 ἐς
2038 795 2449 884 διασφάγας,
2492 798 2807 883 φέρουσα

521 897 652 969 ἀπὸ
694 903 815 967 τοῦ
858 895 1093 988 οὔρεος
1135 895 1301 988 πρὸς
1342 905 1764 988 μεσαμβρίην
1800 925 1872 967 τε
1913 901 2026 968 καὶ
2067 898 2266 970 νότον
2300 896 2553 988 ἄνεμον
2579 902 2647 980 ἐς
2679 897 2807 968 τὸν

523 1103 763 1165 Quorum
820 1101 890 1152 ad
946 1100 1158 1152 radices
1214 1101 1323 1151 iam
1376 1099 1603 1163 canalis,

521 1187 681 1223 cursu
713 1173 869 1232 flexo,
908 1172 1169 1222 orientem
1191 1187 1384 1222 versus
1408 1170 1605 1221 ductus

521 1246 630 1303 est,
671 1247 728 1291 et
757 1242 1017 1291 montium
1051 1241 1302 1291 faucibus
1334 1241 1606 1305 superatis

520 1309 636 1374 (ubi
685 1326 762 1360 sc.
810 1316 1020 1361 montes
1066 1315 1122 1360 et
1171 1311 1276 1375 ipsi
1328 1310 1604 1360 meridiem

517 1395 709 1429 versus
741 1385 999 1444 vergunt)
1028 1380 1097 1430 ad
1124 1380 1397 1429 meridiem
1425 1380 1603 1430 denuo

517 1450 747 1499 tendens
782 1465 889 1499 non
925 1450 1087 1514 longe
1123 1450 1191 1498 ab
1230 1449 1362 1499 urbe
1397 1451 1603 1500 Heroo-

518 1519 627 1584 poli
661 1534 781 1568 cum
821 1519 941 1582 ipso
976 1517 1108 1569 mari
1141 1520 1463 1569 coniunctus
1499 1526 1604 1571 est.

517 1589 598 1639 Ac
643 1589 761 1638 iure
817 1590 1025 1639 mireris
1079 1589 1221 1653 apud
1263 1588 1602 1638 Herodotum

517 1659 735 1709 minime
763 1659 1167 1710 commemorari
1203 1660 1345 1708 lacus
1381 1675 1602 1721 amaros,

519 1728 588 1778 ad
638 1743 773 1793 quos
832 1744 1004 1794 usque
1054 1728 1298 1779 canalem
1358 1744 1391 1777 a
1431 1729 1602 1778 Dario

517 1798 834 1862 perductum
874 1814 994 1848 esse
1040 1798 1207 1849 refert
1240 1797 1454 1848 Plinius
1489 1797 1526 1847 l.
1562 1797 1601 1847 1.

517 1868 675 1918 Nunc
720 1873 988 1918 vocantur
1038 1866 1186 1919 Shieb
1232 1883 1277 1917 s.
1316 1867 1452 1917 Abul
1486 1867 1603 1917 Me-

517 1941 677 2003 ηαρέε
713 1942 769 1988 et
792 1943 1029 2003 quatuor
1061 1939 1173 1988 sere
1198 1937 1456 1987 milliaria
1481 1953 1606 2001 geo-

517 2007 779 2072 graphica
827 2009 895 2058 ab
941 2008 1075 2059 urbe
1119 2006 1350 2071 Belbeys
1398 2008 1604 2057 distare

518 2076 790 2130 dicuntur.
873 2076 1039 2127 Plura
1085 2076 1311 2127 Renuel.
1367 2075 1406 2127 l.
1457 2076 1496 2128 l.
1546 2092 1601 2140 p.

518 2147 621 2197 58ss
659 2147 1112 2211 seq.‚Mannert.
1158 2146 1279 2197 1.1.
1328 2162 1452 2210 pag.
1500 2147 1599 2196 507

518 2217 694 2266 —513
740 2214 864 2266 coll.
901 2215 1094 2265 Ritter.
1127 2214 1423 2265 Erdkunde
1461 2215 1505 2265 1.
1546 2231 1599 2279 p.

515 2286 647 2345 824,
686 2285 779 2348 qui
807 2284 861 2332 in
888 2290 1020 2334 nota
1045 2285 1236 2335 merito
1265 2283 1457 2334 laudat
1478 2284 1603 2336 Gal-

515 2347 690 2403 lorum
726 2353 1006 2403 doctorum
1044 2354 1367 2416 scriptiones
1406 2354 1460 2402 in
1498 2355 1603 2404 De-

516 2423 704 2486 script
743 2421 1268 2488 ᾶ81Ἐς.εΒοτίὸτο
1294 2423 1361 2473 de
1381 2422 1437 2472 18
1471 2422 1601 2488 geo-

517 2492 742 2557 graphie
795 2491 1080 2557 comparde
1138 2497 1194 2543 et
1242 2492 1308 2542 de
1367 2492 1601 2544 l'ancien

518 2562 634 2613 etat
685 2562 780 2613 des
836 2563 987 2614 cbtes
1037 2563 1103 2613 de
1153 2562 1208 2612 la
1255 2578 1368 2612 mer
1413 2578 1599 2628 rouge,

516 2638 620 2684 etc.
670 2630 919 2698 (Antiqq.
968 2632 1175 2683 livrais.
1223 2634 1270 2683 1.
1323 2648 1449 2697 pag.
1500 2635 1598 2683 127

516 2705 693 2769 seqq.)
730 2708 786 2752 et
814 2703 893 2753 Le
916 2701 1085 2753 Pere:
1123 2700 1384 2753 Memoire
1419 2717 1513 2753 sur
1543 2702 1599 2752 la

516 2773 971 2823 communication
996 2772 1063 2823 de
1090 2773 1148 2823 la
1171 2789 1285 2843 m‚er
1312 2772 1406 2822 des
1433 2773 1598 2822 ludes

516 2858 649 2893 avec
670 2842 727 2891 la
750 2840 1145 2892 mediterraneo
1176 2844 1331 2908 (Etat
1354 2842 1597 2894 modern.

517 2917 556 2960 t.
607 2912 654 2961 1.
702 2926 756 2975 p.
791 2910 904 2975 49).
987 2912 1097 2973 Qui
1144 2916 1365 2975 postera
1414 2917 1601 2962 aetate

517 2995 551 3029 a
596 2980 835 3029 Traiano
891 2979 1088 3030 ductus
1145 2985 1227 3029 est
1276 2980 1511 3042 canalis,
1571 2996 1601 3031 e

516 3048 640 3099 Nilo
692 3048 824 3098 exiit
875 3048 1018 3096 infra
1065 3063 1184 3099 eum
1231 3049 1436 3110 locum,
1505 3050 1599 3100 ubi

515 3134 660 3168 nunc
696 3117 857 3167 Cairo
893 3117 1020 3166 urbs
1058 3123 1142 3167 est
1178 3119 1313 3180 sita,
1361 3125 1415 3168 et
1449 3126 1602 3169 recta

514 3188 609 3237 via
653 3187 914 3237 orientem
965 3202 1157 3237 versus
1213 3188 1284 3237 ad
1337 3189 1599 3238 montium

515 3257 870 3308 Arabicorum
907 3255 1117 3307 radices
1165 3272 1395 3322 pergens
1431 3274 1599 3323 prope

513 3328 699 3378 urbem
728 3326 960 3390 Belbeys
999 3327 1056 3375 in
1093 3341 1212 3377 eum
1248 3327 1491 3377 canalem
1521 3329 1600 3376 in-

514 3397 679 3460 cidit,
737 3397 828 3463 qui
862 3396 1027 3460 priori
1074 3399 1314 3462 tempore
1359 3412 1393 3446 a
1427 3398 1597 3447 Dario

514 3466 710 3517 ductus
748 3467 816 3516 ab
857 3466 1137 3517 Herodoto
1171 3466 1224 3516 h.
1266 3466 1301 3517 l.
1341 3466 1599 3517 describi-

514 3542 620 3588 tur.
677 3538 793 3587 Nec
828 3536 940 3586 alia
974 3537 1086 3586 fere
1126 3536 1354 3587 directio
1388 3536 1597 3586 canalis

514 3607 583 3656 ab
635 3606 905 3657 Arabibus
953 3611 1079 3670 post
1125 3606 1363 3657 deducti.
1434 3605 1596 3657 Conf.

514 3676 738 3728 Rennel.
784 3676 821 3725 1.
869 3675 908 3726 1.
947 3691 1073 3740 pag.
1113 3677 1235 3726 587.
1322 3674 1464 3736 Quin
1502 3675 1599 3724 ho-

513 3745 738 3810 dieque,
788 3745 883 3796 ubi
928 3744 1135 3795 canalis
1179 3743 1339 3807 plane
1389 3744 1598 3794 destru-

514 3819 635 3864 ctus
691 3819 775 3866 est
837 3829 1074 3865 arenave
1131 3813 1409 3874 obtectus,
1471 3813 1598 3863 Nilo

512 3881 672 3934 valde
710 3890 872 3935 aucto
903 3898 1078 3948 aquae
1110 3883 1370 3933 orientem
1407 3897 1599 3933 versus

513 3969 609 4017 per
664 3968 874 4003 omnem
920 3959 1118 4002 terram
1176 3951 1338 4016 longe
1378 3951 1599 4016 lateque

513 4021 740 4071 diffundi
778 4022 1049 4084 dicuntur,
1084 4022 1164 4070 ita
1196 4027 1255 4070 ut
1285 4035 1428 4070 anno
1461 4021 1597 4072 1800

513 4095 640 4155 post
664 4091 789 4142 Chr.
816 4107 871 4142 n.
889 4128 901 4151 ‚
939 4107 1058 4140 cum
1083 4088 1195 4139 Nili
1231 4105 1458 4154 aggeres
1489 4091 1598 4140 fra-

513 4160 588 4212 cti
627 4165 837 4219 essent,
882 4175 1028 4224 aqua
1061 4158 1343 4209 duodecim
1384 4163 1597 4209 tantum

510 4230 762 4281 horarum
822 4229 1001 4293 spatio
1051 4229 1273 4279 abesset
1334 4228 1403 4277 ab
1464 4229 1598 4279 urbe

512 4301 673 4351 Suez.
730 4300 909 4363 Prope
944 4298 1130 4348 urbem
1156 4298 1325 4354 Suez,
1362 4298 1596 4349 testibus

510 4369 902 4421 recentioribus
934 4367 1459 4435 peregrinatoribus,
1505 4366 1598 4417 ad-

1706 1100 1812 1152 huc
1839 1106 2154 1168 comparent
2182 1103 2416 1168 vestigia
2441 1102 2624 1153 fossae
2647 1118 2803 1153 nunc

1708 1186 1875 1221 arena
1920 1173 2209 1223 maximam
2265 1177 2472 1237 partem
2520 1171 2799 1237 oppletae.

1705 1240 1935 1291 Videtur
1969 1243 2110 1293 enim
2158 1257 2326 1292 arena
2359 1242 2700 1307 potissimum
2736 1243 2801 1292 in

1706 1326 1875 1361 causa
1909 1327 2057 1373 esse,
2107 1327 2216 1377 qua
2252 1313 2512 1363 continuo
2560 1312 2801 1377 adgesta

1705 1380 1915 1432 canalis
1939 1397 2148 1446 semper
2180 1381 2549 1432 obstrueretur
2570 1397 2673 1431 nec
2698 1382 2799 1431 diu

1704 1453 1916 1514 integer
1938 1455 2199 1502 maneret.
2259 1452 2425 1501 Plura
2452 1452 2520 1501 de
2541 1451 2625 1500 his
2650 1453 2798 1502 Ren-

1705 1521 1811 1572 nel.
1848 1521 1887 1572 1.
1923 1521 1959 1572 1.
2000 1537 2051 1586 p.
2089 1522 2191 1572 588
2227 1536 2372 1585 seq„
2425 1522 2617 1572 Ritter.
2654 1521 2794 1571 Erd-

1706 1590 1887 1640 kunde
1923 1591 1970 1640 I.
2008 1607 2062 1655 p.
2099 1592 2203 1642 824
2238 1607 2374 1655 seq„
2408 1590 2639 1641 Roziere
2672 1590 2713 1640 1.
2750 1590 2791 1641 1.·

1704 1676 1832 1725 pag.
1876 1661 1967 1714 ul
2009 1676 2123 1725 seq.
2161 1665 2217 1711 et
2240 1661 2529 1726 praecipue
2547 1661 2627 1710 Le
2650 1658 2794 1711 Pete

1704 1730 1743 1781 l.
1779 1729 1816 1779 1.
1856 1745 1911 1794 p.
1947 1729 2017 1780 68
2051 1745 2202 1796 seqq.

1775 1825 1839 1882 τὸ
1872 1824 2015 1882 κατὰ
2062 1827 2304 1896 Μέμφιν
2353 1833 2546 1881 τεινον
2586 1819 2793 1898 οὖρος]

1704 1893 1849 1952 κατὰ
1881 1902 1969 1952 hic
2001 1901 2301 1966 significat.
2350 1919 2421 1952 ex
2452 1904 2709 1966 opposite,
2762 1918 2794 1952 e

1706 1974 1936 2038 reqione,
1975 1977 2037 2022 ut
2073 1972 2241 2035 1,76,
2280 1972 2374 2021 ubi
2409 1971 2520 2023 vid.
2559 1972 2683 2022 De’
2668 1988 2790 2036 ipso

1704 2047 1889 2092 monte
1927 2010 2228 2092 (3011121101.
2267 2041 2337 2091 ad
2367 2041 2443 2101 11,
2479 2041 2512 2090 8
2553 2040 2681 2092 coll.
2713 2042 2791 2101 Π,

1711 2114 1827 2163 124.
1854 2112 1971 2162 175.
2032 2112 2139 2160 Pro
2160 2111 2285 2161 olim
2318 2110 2465 2174 vulg.
2496 2100 2634 2173 ὄρος
2657 2112 2793 2160 seri-

1706 2169 2013 2248 ρείοὖροςς
2044 2180 2116 2231 cf.
2139 2185 2278 2231 nott.
2304 2180 2375 2230 ad
2401 2180 2476 2241 II,
2503 2181 2553 2230 6.
2602 2180 2790 2244 Ipsam

1705 2250 1813 2302 loci
1846 2250 2169 2301 sententiam
2206 2251 2287 2300 sic
2321 2250 2558 2314 accipio.
2606 2250 2790 2309 „hanc

1703 2336 1832 2371 vero
1869 2319 2148 2384 planitiem
2189 2317 2354 2383 (unde
2396 2318 2516 2371 scil.
2562 2319 2791 2369 fodendi
2834 2327 2841 2333 ’

1702 2391 1917 2440 initium
1953 2393 2038 2439 est
2076 2389 2306 2453 factum)
2335 2389 2536 2452 excipit
2573 2403 2620 2438 s.
2656 2388 2789 2439 huic

1703 2459 1991 2522 contiguus
2013 2464 2097 2509 est
2121 2474 2291 2518 mons,
2327 2473 2357 2508 e
2379 2459 2600 2523 regione
2620 2458 2791 2508 Mem-

1702 2529 1880 2595 phidis
1917 2533 2227 2593 porrectus,
2266 2529 2322 2577 in
2359 2543 2463 2592 quo
2498 2528 2687 2577 insunt
2709 2527 2790 2579 la-

1703 2597 1997 2664 picidinae3
2035 2598 2195 2648 huius
2211 2598 2379 2662 igitur
2404 2598 2603 2647 montis
2630 2597 2790 2648 iuxta

1701 2685 1745 2719 s.
1782 2669 2076 2718 secundum
2112 2668 2348 2718 radicem
2376 2667 2574 2718 ductus
2594 2672 2679 2716 cst
2699 2684 2789 2718 ca-

1700 2738 1841 2788 nalis
1875 2739 1946 2787 ab
1983 2737 2264 2787 occidente
2298 2738 2557 2788 orientem
2594 2752 2788 2787 versus

1699 2806 1896 2872 longus
1934 2807 2017 2873 (in
2041 2806 2282 2872 longum)
2320 2822 2384 2856 ac
2432 2805 2627 2856 deinde
2664 2822 2787 2870 por·

1700 2878 1898 2941 rigitur
1936 2878 1992 2926 in
2037 2876 2284 2927 fauces.“
2357 2876 2551 2941 Itaque
2584 2877 2790 2926 Noster

1701 2946 1861 3010 quasi
1888 2952 1997 2996 tres
2018 2946 2226 2996 canalis
2257 2950 2441 3011 partes
2472 2945 2787 3010 distinguit,

1702 3017 2052 3066 directionem
2078 3031 2240 3081 quam
2263 3015 2427 3078 vulgo
2453 3014 2681 3065 dicimus
2704 3032 2787 3066 re-

1702 3086 1962 3151 spiciens:
2010 3086 2237 3149 primam
2281 3085 2557 3135 meridiem
2594 3100 2787 3136 versus

1704 3172 1737 3206 a
1776 3154 1900 3205 Nilo
1937 3155 2155 3205 ductam
2202 3169 2298 3219 per
2347 3153 2658 3219 planitiem,
2707 3155 2785 3204 al-

1701 3231 1872 3275 teram
1911 3225 2171 3275 orientem
2208 3239 2398 3274 versus
2445 3224 2600 3273 iuxta
2635 3239 2785 3273 mon-

1699 3296 1772 3344 tis
1811 3294 2030 3359 pedem,
2068 3294 2283 3344 tertiam
2321 3294 2377 3342 in
2405 3292 2593 3343 fauces
2628 3294 2786 3343 meri-

1699 3365 1838 3414 diem
1877 3378 2086 3413 versns.
2161 3363 2314 3425 Quae
2363 3377 2485 3412 cum
2530 3362 2610 3410 ita
2651 3363 2783 3422 sint,

1697 3435 1789 3483 vix
1846 3433 2034 3484 licebit
2077 3427 2173 3481 καὶ
2222 3426 2414 3481 ἔπειτα
2458 3432 2658 3482 referre
2712 3433 2782 3482 ad

1698 3500 1929 3562 πρῶτον
1964 3495 2067 3558 μὲν
2142 3503 2229 3552 cui
2275 3502 2516 3567 proxime
2563 3518 2784 3567 respon-

1698 3573 1829 3623 deut
1864 3572 2032 3621 verba
2074 3540 2256 3650 ἔχεται
2305 3565 2378 3619 δὲ
2414 3576 2469 3621 et
2514 3587 2654 3636 quae
2698 3588 2783 3623 se-

1698 3646 1951 3722 qnuntur.
1976 3669 2047 3677 -
2066 3633 2222 3700 παρὰ
2246 3632 2353 3704 τὴν
2383 3634 2652 3704 ὓπωρέην
2676 3639 2783 3689 τοῦ

1700 3701 1903 3769 ον’ἷρεος
1950 3711 2146 3759 Noster
2194 3724 2408 3788 quoque
2464 3709 2603 3759 dixit
2648 3711 2777 3772 VII,

1706 3781 1819 3840 199,
1874 3773 1938 3827 αἴ
1980 3769 2233 3838 ὖποίρεαι
2292 3777 2406 3827 τῶν
2463 3769 2682 3840 σι’ρέων
2730 3781 2779 3842 Ι,

1702 3851 1818 3900 110.
1857 3849 2116 3912 Reliquos
2126 3848 2276 3897 locos
2296 3849 2637 3900 Herodoteos
2657 3865 2781 3913 snp-

1697 3919 1967 3983 peditabit
2000 3917 2234 3968 BredoV.
2271 3933 2396 3982 pag.
2444 3917 2558 3968 156.

1769 4017 1941 4069 τείνει
1979 4008 2034 4076 ἒς
2080 4009 2422 4083 διασφάγας]
2473 4011 2787 4083 διασφάγες

1702 4091 1858 4154 quasi
1903 4090 2117 4139 divortia
2168 4093 2296 4138 sunt
2342 4090 2457 4139 sive
2496 4090 2676 4150 fauces
2724 4088 2785 4138 il-

1695 4158 1806 4210 lius
1834 4159 2059 4222 montis,
2098 4157 2167 4207 ad
2205 4174 2341 4223 quas
2374 4174 2546 4223 usque
2575 4158 2786 4209 canalis

1699 4228 1893 4279 ductus
1932 4233 2072 4289 erat,
2122 4228 2231 4277 iam
2266 4228 2539 4278 meridiem
2592 4244 2787 4279 versus

1697 4296 1764 4346 ad
1780 4299 1955 4347 sinum
1972 4297 2262 4348 Arabicum
2276 4296 2584 4349 deflectens,
2622 4297 2787 4350 Cous.

1697 4368 1803 4432 111,
1845 4368 1941 4418 117
1983 4367 2163 4433 ibique
2199 4369 2337 4417 nott.
