3109 5092
474 299 597 362 658

1347 294 1873 357 HERODOTI

477 475 693 568 χώρας
718 469 755 544 ὁ
787 471 1138 559 Αἰγύπτου
1168 468 1486 560 βασιλεὺς
1515 472 1933 559 Σέσωστρις,
1961 471 2038 535 αἱ
2059 465 2182 554 μὲν
2211 469 2498 545 πλεῦνες
2521 460 2757 533 οὐκέτι

478 675 763 743 vulgatum
801 663 1014 739 αἵρεον,
1053 689 1085 724 e
1119 670 1397 723 Sancrost.
1436 670 1560 722 cod.

480 752 745 796 mutatum
781 745 840 794 in
871 735 1070 807 ὅρεον,
1108 758 1230 793 cum
1267 739 1365 791 alii
1400 740 1563 791 codd.

479 806 651 881 ὦρον,
688 814 786 864 alii
812 801 978 878 ὥρων
1010 814 1231 863 ferrent.
1289 811 1463 860 Koen.
1493 809 1564 858 ad

480 887 706 951 Gregor.
745 882 991 933 Corinth.
1022 898 1075 947 p.
1102 882 1204 932 407
1237 879 1567 945 probaverat

479 944 681 1019 ὅρεονς
704 954 800 1004 sed
818 951 930 1002 vid.
943 951 1176 1002 BredoV.
1191 967 1246 1015 p.
1260 948 1380 1011 313,
1407 964 1566 1015 quem

480 1028 709 1075 recentt.
772 1021 894 1072 edd.
964 1025 1114 1070 recte
1186 1021 1361 1069 secuti
1417 1023 1563 1068 sunt.

484 1094 642 1156 Quod
690 1092 761 1143 ad
810 1091 984 1156 ipsam
1025 1089 1393 1139 narrationem
1439 1088 1568 1138 atti-

483 1168 604 1225 net,
652 1164 819 1226 negat
863 1162 1049 1225 zoega
1093 1160 1161 1209 de
1199 1156 1459 1208 obelisco.
1509 1173 1566 1222 p.

484 1231 587 1283 578
621 1246 760 1296 seq„
794 1229 1158 1280 Sesostridem
1182 1243 1309 1278 vere
1346 1228 1444 1277 has
1480 1242 1569 1277 co·

482 1300 695 1350 lumnas
722 1299 1000 1364 posuisse,
1036 1298 1192 1348 cuius
1225 1297 1442 1347 nomine
1474 1311 1571 1345 vo-

485 1374 646 1420 catae
695 1371 805 1418 sint
842 1371 1112 1432 quotquot
1157 1365 1444 1417 columnae
1496 1364 1568 1415 ad

482 1444 728 1490 veterum
783 1452 970 1502 regum
1033 1437 1337 1501 potentiam
1398 1440 1572 1485 statu·

484 1513 576 1559 tae
605 1507 846 1557 creditae
874 1506 1097 1556 fuerint.
1129 1504 1571 1556 Palaestinenses

486 1578 700 1643 quidem
739 1578 855 1625 iure
890 1575 1214 1626 Sesostridis
1250 1574 1357 1624 dici
1389 1589 1571 1639 posse,

486 1662 608 1697 cum
634 1645 771 1696 n'ihil
794 1659 894 1695 nos
924 1644 1143 1695 credere
1163 1648 1331 1706 vetet,
1361 1648 1574 1694 conter-

483 1717 687 1767 minam
740 1715 1016 1780 regionem
1064 1718 1178 1763 tam
1232 1714 1412 1780 prisco
1461 1714 1572 1761 iam

487 1801 622 1836 aevo
644 1785 1032 1851 Aegyptiorum
1063 1783 1283 1849 regibus
1308 1782 1571 1833 tributum

486 1855 828 1921 pependisse.
860 1854 969 1905 Sed
993 1853 1061 1903 de
1083 1852 1351 1903 columnis
1372 1851 1444 1902 ab
1461 1853 1574 1902 He-

486 1926 682 1975 rodoto
718 1925 775 1973 in
797 1924 956 1974 Ionia
990 1923 1122 1972 visis
1152 1922 1230 1972 nil
1253 1924 1386 1973 certi
1421 1920 1572 1970 affir-

487 1995 623 2044 mari
659 2008 822 2059 posse
856 2007 1032 2057 neque
1066 1991 1270 2042 similes
1305 1991 1443 2041 istas
1466 1990 1571 2041 Ae-

488 2063 695 2129 gyptiis
733 2061 951 2112 omnino
987 2061 1188 2122 ruinam
1225 2075 1367 2126 quae
1397 2061 1444 2108 si
1481 2074 1573 2109 ve-

488 2147 580 2181 rae
617 2132 847 2192 fuerint,
885 2145 994 2180 non
1021 2130 1143 2181 ideo
1174 2145 1309 2195 opus
1343 2145 1377 2179 a
1412 2129 1573 2180 Seso-

489 2200 660 2250 stride
710 2204 921 2249 erectas
974 2197 1097 2248 illas
1152 2203 1376 2263 putare,
1432 2212 1573 2263 quae

389 2310 400 2317 .
488 2285 522 2320 a
571 2267 815 2334 profugis
869 2271 968 2318 aut
1026 2267 1234 2318 colonis
1285 2268 1574 2332 Aegyptiis

488 2339 619 2404 poni
651 2337 990 2401 potuissent3
1030 2326 1479 2400 quemadmodum
1515 2336 1574 2384 in

488 2406 778 2471 Aethiopia
811 2405 1134 2456 Sesostridis
1169 2406 1448 2456 columnas
1486 2403 1577 2469 (de

491 2477 686 2542 quibus
710 2475 909 2526 Strabo
934 2479 1170 2525 testatur
1193 2475 1343 2525 XVI.
1369 2490 1422 2540 p.
1452 2473 1574 2524 769.

490 2545 670 2596 XVII.
711 2561 763 2611 p.
805 2542 932 2608 790)
982 2559 1017 2594 a
1051 2543 1443 2596 mercatoribus
1480 2558 1577 2609 po-

490 2616 599 2666 tius
649 2614 706 2663 in
755 2614 900 2679 regis
952 2613 1207 2664 honorem
1225 2655 1238 2679 ,
1294 2629 1453 2680 quam
1505 2612 1576 2663 ab

489 2685 593 2735 hoc
628 2684 748 2749 ipso
783 2684 993 2749 positas
1028 2684 1219 2735 fuisse.
1290 2684 1576 2733 Hactenus

490 2755 692 2818 Zo'ega.
777 2754 932 2815 Quae
976 2758 1238 2817 quantum
1272 2755 1578 2819 repugnent

490 2822 751 2873 historiae
784 2823 1113 2873 testimoniis
1160 2823 1402 2887 ipsisque
1437 2820 1576 2872 adeo

493 2892 852 2942 monumentis
875 2891 1052 2941 adhuc
1077 2891 1481 2957 superstitibus,
1510 2890 1577 2940 de

493 2961 688 3025 quibus
732 2958 802 3009 ad
836 2959 923 3022 ΙΙ,
969 2958 1066 3009 102
1103 2960 1437 3022 monuimus,
1487 2975 1577 3009 ex·

494 3043 694 3092 ponere
752 3028 844 3077 vix
896 3042 1054 3092 opus.
1137 3029 1246 3079 Sed
1307 3026 1577 3079 accedunt

494 3111 710 3162 quoque
741 3096 850 3146 alia
876 3110 1048 3161 eaque
1071 3098 1321 3148 certiora.
1378 3100 1579 3161 Quam-

494 3181 654 3231 quam
691 3166 832 3215 enim
867 3164 940 3215 ad
979 3163 1122 3216 hanc
1158 3166 1424 3217 Herodoti
1455 3182 1579 3216 nar-

495 3236 758 3285 rationem
796 3234 887 3284 vix
924 3233 1124 3284 referre
1161 3234 1351 3285 licebit
1387 3236 1581 3302 imagi-

495 3321 617 3356 nem
663 3304 934 3370 quandam
982 3305 1102 3368 rupi
1152 3304 1479 3370 insculptam
1521 3306 1579 3355 in

494 3375 612 3437 via,
648 3389 790 3440 quae
812 3372 1074 3425 Sardibus
1110 3373 1396 3439 Smyrnam
1425 3374 1580 3425 ducit

471 3446 550 3494 *iu
585 3444 855 3507 faucibus,
888 3442 1083 3509 quibus
1104 3459 1299 3494 nomen
1320 3443 1579 3509 Karabel‚

495 3519 702 3579 septem
760 3513 930 3563 ferme
989 3511 1242 3563 horarum
1281 3514 1479 3579 spatio
1545 3530 1581 3563 a

495 3583 728 3650 Smyrna
761 3583 1010 3644 remotis,
1064 3599 1215 3646 cum,
1254 3599 1394 3650 quae
1430 3583 1582 3633 exhi-

493 3653 653 3704 betur
675 3653 848 3719 figura
873 3651 1151 3703 bellatoris
1179 3669 1223 3704 s.
1252 3652 1458 3715 militis,
1487 3652 1581 3718 qui

495 3721 709 3773 hastam
744 3723 994 3784 sinistra,
1044 3737 1227 3772 arcum
1277 3722 1469 3773 dextra
1502 3727 1581 3772 te·

495 3796 589 3841 net
617 3806 778 3842 manu
808 3792 1129 3856 braccisque
1152 3791 1492 3842 brevioribus
1523 3796 1581 3841 et

602 4050 647 4099 θ)
677 4046 781 4089 vid.
813 4047 992 4101 Κίρρῃ-ι
1023 4052 1091 4090 in:
1123 4051 1418 4105 Archaeolog.
1450 4051 1562 4093 zen.
1595 4049 1710 4093 1843.
1743 4065 1809 4094 nr.
1832 4054 1900 4109 3.,
1930 4055 2002 4106 qui

1667 669 1860 736 caligis
1896 669 2076 719 acutis
2109 668 2229 718 sive
2258 668 2500 718 curvatis
2528 665 2758 718 indutus

1669 746 1780 803 est,
1813 740 1904 788 vix
1939 738 2269 804 Aegyptium
2305 753 2489 803 regem
2523 741 2620 787 aut
2659 737 2759 784 mi-

1669 810 1821 859 litem
1856 807 2126 871 declaret,
2173 805 2268 857 sed
2304 807 2586 872 Assyrium
2622 806 2759 870 Scy·

1667 880 1888 929 thamve
1923 878 2106 943 potius
2129 882 2538 941 repraesentare
2572 874 2762 925 videa-

1669 955 1759 999 tur
1781 948 2051 997 hominem
2070 946 2143 1012 ³⁶³),
2178 945 2331 996 aliud
2361 950 2544 996 tamen
2566 946 2759 994 inven-

1668 1024 1785 1068 tum
1849 1022 1935 1067 est
2000 1017 2059 1065 in
2114 1015 2279 1082 Syria
2330 1020 2760 1076 monumentum,

1668 1086 1814 1154 quod
1851 1103 1916 1137 ex
1948 1100 2146 1151 genere
2179 1100 2382 1147 eorum,
2419 1100 2558 1151 quae
2584 1085 2762 1134 Hero-

1668 1158 1830 1208 dotus
1866 1155 1920 1206 h.
1945 1155 1981 1204 l.
2011 1153 2303 1220 descripsit
2337 1154 2563 1220 ipseque
2597 1153 2759 1215 vidit,

1669 1232 1816 1278 certe
1864 1226 2062 1287 fuisse,
2119 1224 2359 1277 dubitari
2400 1226 2609 1290 nequit.
2691 1223 2761 1272 In

1667 1295 1812 1347 valle
1845 1298 2083 1360 angusta
2120 1294 2454 1360 rupibusque
2491 1292 2765 1359 praecipi·

1671 1366 1818 1416 tibus
1861 1366 2117 1429 utrinque
2160 1364 2400 1426 inclusa,
2453 1378 2551 1429 per
2594 1378 2761 1427 quam

1672 1437 1854 1500 Lycus
1875 1450 1942 1497 s.‚
1968 1439 2031 1484 ut
2066 1448 2210 1484 nune
2243 1438 2491 1496 vocatur,
2531 1433 2683 1483 Nahr
2710 1430 2763 1481 el

1673 1504 1812 1555 Kelb
1836 1503 2010 1553 undas
2035 1518 2182 1553 mare
2204 1518 2396 1554 versus
2419 1501 2613 1565 volvit,
2649 1516 2764 1550 non

1673 1573 1835 1639 longe
1867 1587 1901 1622 a
1923 1574 2125 1638 Beryto
2159 1588 2205 1623 s.
2232 1572 2422 1623 Beirut
2455 1571 2764 1637 complures
2829 1630 2835 1635 ,

1673 1647 1970 1694 cernuntur
2004 1643 2228 1707 rupibus
2264 1640 2571 1705 insculptae
2604 1641 2767 1691 tabu-

1674 1711 1788 1774 lae,
1838 1727 1977 1777 quae
2013 1711 2344 1778 Aegyptium
2380 1712 2636 1762 exhibent
2676 1725 2765 1760 re—

1674 1798 1797 1847 gem
1835 1782 2126 1845 victorem,
2177 1782 2270 1847 qui
2316 1783 2591 1847 captivum
2646 1780 2765 1830 vin·

1675 1856 1823 1901 ctum
1890 1849 2075 1916 gladio
2139 1850 2484 1916 iugulaturus
2551 1850 2766 1915 deoque

1672 1920 1954 1971 oblaturus
2007 1924 2118 1970 estz
2167 1920 2388 1971 additae
2430 1925 2561 1971 sunt
2594 1926 2768 1970 notae

1671 1988 2148 2055 hieroglyphieae,
2205 1990 2403 2055 quibus
2449 1990 2768 2040 continetur

1672 2074 1869 2109 nomen
1911 2060 2111 2109 Ramis
2155 2075 2202 2111 s.
2247 2058 2557 2111 Suom-{dis
2603 2059 2767 2110 adeo·

1673 2144 1806 2194 que,
1871 2128 1919 2177 si
1982 2132 2129 2179 recte
2190 2129 2459 2181 intellexit
2510 2130 2766 2194 Lepsius,

1674 2198 1792 2263 ipse
1818 2211 2012 2260 annus,
2049 2213 2154 2263 quo
2191 2214 2255 2249 ea
2287 2214 2383 2250 rex
2418 2204 2769 2265 perpetrasse

1674 2266 1948 2332 putandus
1974 2268 2076 2330 sit,
2112 2277 2324 2333 quartus
2345 2269 2498 2335 regni
2525 2269 2631 2331 sui,
2668 2268 2766 2333 qui

1677 2336 1791 2386 fere
1825 2338 2081 2386 convenit
2115 2353 2237 2388 cum
2273 2353 2417 2388 anno
2460 2337 2595 2390 1389
2634 2343 2767 2387 ante

1678 2405 1804 2456 Chr.
1841 2420 1898 2458 n.
1932 2421 1998 2455 ex
2037 2407 2280 2458 eiusdem
2314 2408 2420 2457 viri
2455 2407 2603 2459 docti
2638 2422 2768 2471 sup-

1677 2476 1978 2540 putatione.
2032 2477 2114 2526 Ac
2144 2478 2375 2542 primum
2408 2476 2625 2543 quidem
2658 2475 2767 2526 hoc

1679 2550 2082 2595 monumentum
2137 2547 2297 2597 nobis
2356 2547 2597 2597 innotuit
2645 2560 2768 2595 sae-

1679 2612 1787 2663 culi
1824 2614 2180 2679 praeterlapsi
2226 2616 2335 2667 fine
2369 2617 2424 2666 in
2460 2631 2623 2681 opere
2658 2616 2767 2664 viri

1680 2683 1831 2733 docti
1876 2683 2105 2734 Cessas:
2156 2685 2382 2751 Voyage
2423 2686 2766 2752 pittoresque

1680 2752 1747 2802 de
1783 2751 1837 2801 la
1873 2752 2030 2818 Syrie
2070 2752 2252 2817 (1798)
2287 2754 2410 2807 Vol.
2448 2755 2524 2806 11.
2562 2754 2638 2820 pl.
2675 2756 2766 2805 76.

1680 2822 1774 2880 773
1822 2823 2132 2872 accuratius
2179 2822 2445 2875 dederunt
2476 2824 2641 2890 Angli
2676 2823 2766 2872 int

1678 2890 1966 2941 Transact.
1997 2892 2058 2941 of
2087 2892 2181 2943 the
2210 2894 2420 2958 society
2450 2894 2511 2944 of
2532 2895 2767 2944 Literat.

1678 2957 1802 3010 Vol.
1849 2960 1960 3010 111.
2001 2961 2063 3012 P.
2119 2962 2167 3012 1.
2213 2979 2268 3028 p.
2314 2964 2431 3015 105.
2482 2963 2567 3014 Pl.
2622 2964 2671 3014 1.
2710 2965 2765 3012 2.

1680 3027 1863 3094 (1837)
1900 3044 1966 3080 ac
2002 3033 2286 3097 praecipue
2309 3033 2540 3098 Lepsius
2565 3031 2765 3083 Annal.

1681 3096 1808 3148 dell'
1847 3098 1986 3150 Inst.
2038 3101 2286 3153 Archeol.
2324 3101 2445 3152 Vol.
2482 3103 2550 3153 X.
2601 3117 2658 3167 p.
2704 3104 2766 3150 12

1681 3182 1835 3233 seqq.
1854 3168 2004 3220 Mon.
2036 3170 2180 3221 ined.
2214 3172 2354 3221 Tav.
2383 3172 2445 3222 21
2500 3171 2596 3233 (cf.
2623 3171 2770 3221 eius-

1680 3236 1800 3286 dem
1834 3238 1941 3286 viri
1977 3237 2125 3289 docti
2160 3240 2357 3291 Notice
2392 3256 2486 3291 sur
2520 3240 2599 3292 les
2642 3241 2771 3290 bas-

1678 3304 1863 3355 reliefs
1897 3308 2099 3373 Egypt.
2147 3314 2202 3359 et
2235 3310 2389 3361 Pers.
2427 3310 2493 3360 de
2524 3312 2771 3375 Beyrout

1680 3390 1747 3425 en
1783 3375 1939 3441 Syrie
1991 3393 2124 3428 avec
2175 3393 2281 3429 une
2317 3378 2566 3445 planche.
2603 3380 2765 3430 Rom.

1684 3444 1840 3510 1838)
1897 3446 2196 3512 iterumque
2251 3463 2411 3513 quam
2471 3450 2771 3498 accuratis-

1682 3516 1819 3564 sime
1836 3515 1892 3564 in
1912 3531 2073 3580 opere
2092 3515 2559 3581 splendidissimo:
2582 3517 2770 3567 Deuk-

1683 3584 1850 3634 misser
1872 3599 1970 3634 aus
1990 3586 2225 3651 Aegypt.
2249 3603 2304 3636 u.
2324 3586 2578 3652 Aethiop.
2599 3585 2765 3637 Abth.

1682 3652 1792 3704 111.
1843 3652 1919 3718 pl.
1955 3654 2051 3705 197
2106 3670 2171 3706 ac
2220 3656 2397 3706 forma
2440 3656 2635 3707 minori
2680 3657 2768 3706 in:

1681 3722 2133 3775 Monatsbericht.
2195 3724 2248 3776 d.
2298 3726 2475 3778 Akad.
2525 3727 2580 3779 d.
2626 3726 2772 3777 Wis-

1681 3791 1896 3843 sensch.
1950 3808 1998 3842 z.
2035 3793 2182 3845 Berl.
2215 3794 2349 3846 Juni
2388 3797 2540 3848 1854.
2578 3812 2631 3863 p.
2664 3795 2770 3849 338

2066 4056 2203 4095 rimus
2232 4053 2314 4094 hoc
2341 4058 2664 4094 monumentum
2693 4065 2767 4093 ex-

503 4100 672 4145 hibuit.
702 4100 756 4138 de
816 4112 870 4141 uo
897 4102 988 4142 vid.
1021 4101 1149 4141 Walz
1179 4103 1247 4141 in:
1281 4102 1550 4145 Kunstblau.
1584 4104 1694 4144 1813.
1728 4117 1794 4145 ur.
1825 4110 1875 4145 80
1912 4111 1954 4145 et
1986 4106 2037 4144 ΑΙ
2062 4118 2176 4155 gem.
2198 4104 2562 4195 ‘'zuozuwdlissbss.
2594 4104 2766 4155 Bcilag.

505 4164 570 4192 nr.
603 4151 695 4191 2¹23.
728 4161 771 4201 p.

499 4302 697 4345 Move—rs:

497 4369 542 4410 p.
583 4355 647 4395 16.

877 4152 915 4199 3,
947 4150 1177 4191 welckor:
1211 4153 1368 4193 Rhein.
1403 4152 1514 4195 Mus.
1547 4153 1600 4193 N.
1634 4153 1680 4193 F.
1714 4154 1765 4201 11,
1794 4156 1834 4195 3.

503 4204 827 4242 monumentum
855 4213 954 4241 esse
982 4207 1178 4241 statuunt
1208 4204 1322 4244 idom
1353 4204 1533 4257 Kiepert
1572 4205 1618 4243 in
1647 4205 1880 4248 Archaool.
1922 4206 2030 4246 zen.
2066 4208 2181 4246 1845.

500 4252 613 4294 1846.
646 4263 689 4303 p.
718 4249 809 4299 271,
839 4251 1007 4302 Layard
1037 4251 1230 4293 Niniveh
1259 4256 1343 4295 and
1375 4256 1431 4295 its
1459 4257 1649 4295 retusius

747 4300 825 4341 Dic
857 4302 1065 4349 Phoc-niz.
1106 4303 1156 4354 ll,
1199 4306 1236 4349 1.
1267 4318 1312 4358 p.
1342 4308 1443 4354 279,
1480 4255 1738 4346 Grotesouffi'.
1764 4269 1941 4350 'lfrlfiun
1982 4310 2023 4348 «Ι.
2060 4307 2277 4347 Reus-chr.
2318 4309 2467 4359 habs-1.
2510 4258 2772 4348 nie-&¹3³5

1867 4167 1909 4208 p.
1940 4156 2017 4195 430
2045 4170 2138 4208 seq.
2438 4156 2505 4195 zio
2536 4155 2771 4206 Assyrium

2220 4219 2267 4266 1⁹·
2298 4208 2394 4255 ¹¹38,
2442 4205 2626 4259 Lepsius
2660 4206 2769 4248 ibid.

1840 4259 1914 4296 1⁸⁴2
1941 4270 2035 4309 aeq.
2066 4258 2144 4297 M
2183 4257 2460 4299 lhscoveriea
2490 4265 2556 4296 ele
