3109 5092
537 351 660 413 774

1396 349 1939 413 HERODOTI

536 533 671 596 διοι
701 522 1025 608 ἑξακόσιοι
1053 525 1167 592 καὶ
1183 528 1558 612 τρισχίλιοι,
1578 528 1867 611 σχοίνων
1895 522 2212 612 ἑξήκοντα
2232 522 2515 596 ἐόντων·
2552 532 2698 591 ἴσοι
2717 523 2849 590 καὶ

535 626 741 717 αὐτῆς
769 625 1121 713 Αἰγύπτου
1151 625 1225 695 τὸ
1255 624 1435 715 παρὰ
1460 626 1833 697 θάλασσαν.
1891 630 2113 696 κέεται
2153 627 2229 695 δὲ
2272 624 2493 715 μακρὴ
2535 621 2576 714 ἡ
2607 633 2844 713 λίμνη

431 821 438 828 ⁶
537 730 702 822 πρὸς
745 732 993 819 βορέην
1034 757 1104 798 τε
1144 731 1256 798 καὶ
1300 730 1533 814 νότον,
1593 732 1795 799 ἐοῦσα
1831 730 2079 818 βάθος,
2128 735 2209 821 τῇ
2249 728 2601 818 βαθυτάτη
2642 726 2843 817 αὐτὴ

538 840 823 923 ἑωυτῆς,
870 832 1539 921 πεντηκοντόργυιος.
1617 829 1717 902 ὅτι
1754 834 1829 902 δὲ
1856 832 2314 924 χειροποίητός
2342 836 2478 902 ἐστι
2511 833 2624 900 καὶ
2653 829 2842 920 ὀρυ-

538 1019 640 1071 que
693 1001 820 1052 inde
866 1001 1139 1050 variorum
1191 999 1465 1050 canalium
1520 1017 1623 1066 ope

535 1089 630 1139 per
666 1086 853 1122 omues
885 1070 1047 1119 huius
1083 1075 1293 1120 tractus
1326 1075 1511 1135 partes
1545 1072 1625 1119 di-

535 1142 853 1193 mittendam
892 1154 1152 1205 aquarum
1202 1146 1469 1204 expertes.
1543 1141 1623 1190 Ae

535 1213 700 1263 talem
736 1211 926 1274 utique
962 1208 1138 1259 lacum
1167 1225 1331 1274 prope
1357 1210 1622 1275 Fayoum,

533 1288 594 1331 ut
629 1296 772 1331 nunc
811 1279 1034 1338 dicitur,
1085 1281 1140 1327 et
1175 1294 1343 1343 prope
1384 1278 1623 1344 labyrin-

535 1351 614 1400 thi
653 1349 846 1399 rudera
881 1346 1090 1396 invenit
1117 1362 1183 1396 ac
1221 1348 1509 1412 descripsit
1533 1349 1625 1398 Li·

534 1422 667 1468 nant
711 1418 779 1467 de
824 1415 1133 1465 Bellefonds
1199 1415 1481 1478 (Memoire
1528 1433 1622 1466 sur

533 1487 586 1538 le
630 1488 718 1537 lae
754 1486 955 1535 Moeris
1010 1483 1264 1550 presente
1310 1490 1364 1534 et
1407 1486 1462 1535 lu
1511 1491 1618 1535 etc.

534 1547 860 1607 Alex‘andrie
888 1553 1082 1618 1843),
1119 1555 1449 1604 exsiccatum
1476 1571 1621 1605 nunc

533 1627 768 1692 quidem,
803 1640 922 1674 cum
959 1625 1269 1688 aggeribus,
1307 1624 1503 1688 quibus
1539 1624 1620 1672 in-

533 1695 714 1745 clusus
765 1694 868 1743 fuit
916 1709 1157 1758 quosque
1203 1693 1380 1743 adhuc
1421 1708 1620 1759 cogno-

533 1781 685 1814 scere
705 1765 833 1814 licet
861 1762 1146 1813 admodum
1170 1762 1478 1829 productos,
1503 1778 1621 1827 per-

531 1835 706 1900 ruptis
730 1849 872 1898 aqua
910 1832 1189 1883 deflueret.
1246 1832 1327 1882 Ad
1354 1832 1496 1881 hunc
1519 1832 1617 1896 igi-

535 1912 620 1954 tur
653 1904 831 1953 lacum
870 1907 989 1951 arte
1025 1903 1228 1952 sactum
1267 1918 1348 1964 ea,
1386 1916 1527 1965 quae
1551 1900 1618 1950 de

531 1972 789 2023 Moeridis
844 1972 966 2022 lacu
1024 1972 1341 2036 perscripsit
1399 1971 1616 2032 Noster,

531 2043 733 2092 referre
776 2041 956 2091 malim
1006 2058 1127 2090 cum
1185 2040 1307 2090 aliis
1353 2041 1486 2089 viris
1525 2040 1617 2089 do-

532 2113 665 2173 ctis,
704 2111 795 2176 qui
837 2115 1091 2160 accurate
1127 2110 1180 2157 in
1225 2110 1359 2158 haee
1395 2110 1619 2173 inquisi-

530 2184 753 2238 verunt3
791 2178 902 2227 vid.
939 2179 1170 2242 Lepsius
1207 2177 1437 2240 Aligem.
1476 2180 1616 2228 Zeit.

539 2247 686 2299 1843.
709 2247 848 2297 Beil.
878 2246 959 2297 11.
985 2249 1125 2307 Aug.
1153 2261 1205 2310 p.
1246 2248 1395 2306 1745,
1435 2248 1618 2297 Briefe

531 2323 635 2367 etc.
686 2333 739 2381 p.
780 2317 873 2376 74,
911 2314 1236 2380 chronolog.
1288 2315 1341 2366 d.
1379 2316 1615 2381 Aegypt.

529 2387 576 2435 Ῑ.
625 2402 678 2450 p.
717 2385 846 2445 262,
892 2386 1139 2435 Bunsen:
1195 2386 1405 2449 Egypts
1453 2387 1619 2435 Place

531 2456 583 2504 in
610 2452 900 2504 Universa]
937 2455 1165 2517 History
1202 2459 1306 2504 ete.
1333 2454 1411 2504 ΙΙ.
1437 2469 1489 2518 p.
1515 2454 1618 2504 328

529 2540 712 2644 gech,
760 2522 944 2644 Βῗὲιιιιὲ
983 2522 1248 2643 Βοοῐίθῖιῖῐο
1293 2524 1617 2642 iEtJourqal

570 2631 582 2643 .
679 2607 766 2643 ar.
950 2630 961 2641 .
1016 2610 1071 2658 p.
1218 2631 1230 2644 .
1432 2610 1530 2642 con
1562 2609 1618 2643 er

529 2666 604 2712 sis
643 2677 858 2727 quoque
891 2663 1065 2712 virum
1105 2662 1349 2723 doctum,
1388 2664 1478 2727 qui
1509 2663 1613 2712 iter

527 2732 680 2782 ‹lucis
708 2732 772 2782 de
795 2733 1168 2797 Montpensier
1190 2748 1284 2797 per
1305 2733 1613 2798 Aegyptum

527 2803 732 2852 sactum
782 2802 1057 2851 enarravit
1103 2802 1158 2850 in
1205 2802 1452 2852 Nouvell.
1507 2803 1614 2852 An-

526 2871 654 2921 nali.
693 2872 746 2920 d.
783 2871 994 2934 Voyag.
1047 2870 1199 2920 1845.
1240 2871 1362 2920 Vol.
1402 2872 1608 2920 CVIII.

527 2957 579 3004 p.
617 2941 686 2989 80
724 2954 837 3003 seq.
876 2944 931 2987 et
965 2939 1241 2988 Wheeler:
1286 2940 1614 3005 Geography

526 3008 587 3057 os
617 3007 820 3056 Herod.
858 3023 914 3070 p.
952 3010 1052 3056 427
1093 3024 1242 3071 seqq.
1325 3009 1610 3058 Caeterum

524 3076 667 3126 hunc
703 3076 964 3124 Moeridis
1015 3076 1189 3124 lacum
1240 3081 1357 3126 arte
1405 3077 1608 3127 sactum

526 3160 646 3194 cum
682 3144 854 3193 altero
892 3144 1014 3194 lacu
1051 3144 1289 3193 naturali
1318 3145 1528 3207 (Birket
1564 3147 1613 3196 el

528 3215 735 3276 Quorn)
779 3214 959 3264 canali
996 3212 1122 3262 olim
1159 3213 1400 3263 iunctum
1442 3215 1612 3265 fuisse

525 3284 602 3332 ita
640 3281 898 3333 credibile
954 3288 1066 3345 est,
1122 3287 1182 3331 ut
1225 3282 1297 3332 ad
1350 3285 1612 3334 ambitum

523 3353 804 3418 utriusque
851 3352 1032 3414 lacus,
1087 3366 1197 3401 una
1243 3367 1361 3401 cum
1412 3354 1611 3416 canali,

523 3427 771 3487 spectare
795 3422 1010 3473 credam
1039 3420 1336 3473 stadiorum
1363 3428 1446 3472 ter
1467 3423 1614 3473 mille

523 3496 900 3542 sexcentorum
945 3507 1220 3542 numerum
1259 3492 1537 3542 Herodoto
1581 3509 1612 3542 a

523 3561 897 3612 sacerdotibus
934 3563 1050 3612 sive
1077 3562 1464 3626 interpretibus
1501 3566 1611 3612 tra·

523 3630 712 3681 ditum.

590 3699 691 3763 τῆς
728 3692 790 3748 τὸ
828 3697 1167 3763 περίμετρον
1193 3698 1294 3761 τῆς
1331 3690 1609 3761 περιόδου

521 3764 629 3820 εἰσὶ
665 3784 716 3817 κ.
750 3784 797 3817 τ.
836 3767 908 3834 1.]
959 3769 1039 3818 De
1083 3768 1279 3833 plurali
1317 3762 1424 3817 εἰσὶ
1460 3769 1607 3819 conf.

521 3837 711 3898 11‚1ss.
743 3837 861 3887 124.
922 3838 1005 3887 Ad
1044 3842 1420 3902 argumentum
1459 3838 1606 3887 conf.

520 3910 633 3955 not.
677 3905 746 3954 ad
780 3905 866 3968 11,
900 3906 951 3957 6.
1025 3907 1109 3955 De
1144 3908 1262 3971 ipso
1306 3907 1460 3957 lacus
1498 3922 1609 3955 am·

519 3974 636 4024 bitu
692 3977 934 4023 veterum
1000 3976 1311 4025 testimonia
1386 3975 1606 4026 exhibet

518 4041 848 4108 Wesseling.
873 4043 945 4093 ad
980 4043 1207 4095 Diodor.
1247 4045 1298 4108 1,
1340 4045 1424 4096 51.
1485 4046 1607 4095 Mo·

519 4116 613 4162 net
670 4127 797 4161 vero
860 4112 1130 4162 Mannert.
1198 4113 1237 4163 l.
1292 4114 1329 4163 l.
1388 4130 1442 4178 p.
1497 4115 1603 4165 42ss

520 4196 665 4246 seq.,
724 4180 772 4228 si
821 4180 1083 4231 schoenos
1127 4180 1457 4233 intellexeris
1505 4185 1603 4233 tri·

517 4251 671 4313 grinta
700 4249 1017 4311 stadiorum,
1057 4249 1318 4301 exsistere
1339 4267 1603 4303 summam

516 4319 880 4385 quadraginta
933 4319 1168 4385 quinque
1227 4320 1600 4371 milliariorum

514 4388 1015 4458 geographieorum,
1055 4405 1194 4456 quae
1220 4404 1254 4439 a
1277 4390 1441 4441 Plinii
1478 4406 1599 4443 sen·

1725 1002 1900 1051 tentia
1939 1017 2048 1050 non
2084 1000 2247 1052 valde
2293 1000 2514 1050 recedat
2552 1000 2840 1050 ambitum

1722 1071 1874 1121 lacus
1924 1071 2216 1120 scribentis
2263 1070 2619 1120 ducentorum
2664 1070 2842 1134 quin-

1725 1143 1988 1206 quaginta
2022 1139 2393 1191 milliariorum
2427 1140 2837 1199 Romanorum,

1724 1225 1864 1275 quae
1924 1210 2044 1274 ipsa
2102 1209 2502 1275 quinquaginta
2557 1207 2838 1257 milliaria

1723 1279 2089 1344 geographica
2148 1278 2409 1329 efficiant.
2508 1277 2613 1328 Sed
2687 1282 2837 1327 ante

1723 1350 2065 1399 Mannertum
2113 1348 2399 1398 Iomardus
2458 1346 2496 1397 l.
2553 1346 2589 1396 l.
2640 1363 2699 1411 p.
2758 1347 2833 1397 85

1722 1418 2105 1479 contenderat,
2163 1418 2232 1466 ab
2288 1416 2599 1476 Herodoto,
2659 1416 2832 1466 cuius

1722 1502 2004 1537 mensuras
2056 1486 2252 1553 reliqui
2306 1487 2599 1550 scriptores
2647 1486 2831 1534 maxi-

1721 1573 1862 1607 mam
1894 1562 2101 1622 partem
2141 1558 2315 1606 secuti
2350 1556 2488 1616 sint,
2524 1561 2831 1619 utrumque

1723 1627 2078 1676 schoenorurn
2103 1640 2274 1690 genus
2306 1625 2590 1676 confusum
2618 1625 2826 1684 videri,
2913 1633 2919 1637 ·

1720 1712 1860 1758 cum,
1899 1696 1945 1744 si
1973 1695 2204 1744 minores
2233 1694 2499 1744 schoenos
2534 1693 2825 1743 intellexe-

1720 1766 1826 1824 ris,
1899 1780 2109 1814 summa
2166 1765 2452 1828 proveniat
2509 1763 2823 1813 stadiorum

1721 1835 1885 1892 1800;
1924 1835 2017 1898 qui
2054 1849 2214 1884 verns
2250 1833 2500 1882 videatur
2531 1832 2709 1882 fnisse
2742 1832 2825 1881 la·

1720 1918 1816 1952 cus
1867 1904 2121 1953 ambitus.
2196 1903 2277 1953 Ac
2321 1902 2434 1951 tale
2478 1902 2609 1966 quid
2646 1902 2819 1951 etiam

1720 1973 1916 2021 statuit
1943 1974 2218 2022 Letronne
2254 1972 2292 2021 l.
2321 1971 2357 2020 1.
2382 1987 2509 2036 pag.
2552 1970 2669 2032 168,
2704 1971 2821 2019 sru-

1720 2046 1835 2091 stra
1886 2041 2141 2092 laborans
2184 2042 2240 2089 in
2285 2040 2369 2090 his
2419 2041 2685 2090 mensuris
2727 2056 2821 2090 ex-

1718 2110 2015 2176 plicandis,
2055 2126 2188 2175 quas
2224 2110 2293 2159 ad
2332 2110 2510 2160 lacum
2534 2110 2734 2160 Birket
2766 2109 2816 2158 el

1722 2182 1937 2242 Quom,
1986 2179 2164 2245 qualis
2211 2195 2355 2229 nunc
2391 2184 2501 2238 est,
2550 2194 2818 2230 revocare

1720 2250 1923 2299 studet.
1975 2281 2044 2289 —-
2102 2250 2165 2299 In
2216 2264 2366 2314 seqq.
2423 2244 2633 2315 βορέην
2686 2249 2814 2314 (pro

1720 2318 1866 2382 vulg.
1897 2314 2098 2383 βορῆν)
2125 2319 2338 2383 scripsi,
2362 2326 2423 2367 ut
2454 2318 2654 2376 11‚101.
2693 2320 2810 2368 148.

1788 2384 1970 2437 κέεται
1996 2418 2067 2426 —-
2102 2383 2195 2435 καὶ
2248 2379 2444 2452 νότον]
2494 2388 2532 2437 i.
2573 2404 2617 2437 e.
2668 2392 2816 2438 lacus

1720 2475 1752 2506 a
1783 2465 1937 2521 parte
1986 2457 2182 2507 boreali
2231 2464 2282 2507 et
2319 2459 2537 2507 australi·
2569 2456 2814 2522 oblongus

1720 2534 1812 2579 est.
1881 2527 1973 2575 Ita
1995 2532 2140 2575 recte
2169 2525 2469 2590 Schweigh.
2526 2525 2631 2576 Sed
2655 2528 2813 2576 Man-

1720 2600 1857 2645 nert.
1910 2594 1948 2652 l.
1999 2593 2037 2645 l.
2095 2610 2220 2660 pag.
2269 2597 2372 2645 425
2430 2595 2509 2644 ita
2556 2597 2809 2659 exponit:

1720 2666 1826 2725 „In
1863 2663 1951 2713 die
1988 2664 2176 2729 Lange
2210 2665 2503 2728 gestreckt,
2542 2663 2677 2729 liegt
2713 2665 2811 2712 der

1718 2734 1820 2784 See
1850 2749 1921 2783 an
1944 2733 2118 2782 seiner
2138 2733 2316 2782 Nord-
2346 2733 2455 2783 und
2486 2732 2806 2784 Siidseite“!

1716 2804 1985 2867 Disquirit
2010 2803 2143 2852 haec
2169 2802 2405 2852 Iomard.
2432 2802 2469 2853 l.
2496 2802 2533 2854 l.
2560 2819 2689 2869 pag.
2717 2804 2804 2854 87.

1718 2873 1783 2922 In
1818 2871 1996 2922 lacum
2032 2872 2221 2923 Birket
2268 2872 2314 2921 el
2367 2872 2578 2934 Quom,
2627 2871 2805 2936 qualis

1715 2957 1859 2991 nunc
1908 2947 2023 3001 est,
2082 2941 2219 2991 haec
2273 2941 2490 2991 minime
2540 2941 2807 3006 quadrare

1714 3011 1805 3060 vix
1837 3011 2025 3075 negari
2062 3011 2290 3075 poterit3
2328 3011 2421 3060 sed
2448 3015 2688 3060 veterem
2724 3010 2805 3058 la·

1717 3096 1811 3130 cus
1862 3083 2023 3130 situm
2071 3085 2125 3130 et
2173 3080 2597 3144 magnitudinem
2636 3079 2805 3144 respi-

1716 3150 1883 3199 cienti
1927 3150 2062 3198 haec
2111 3165 2221 3198 non
2263 3164 2296 3197 a
2340 3164 2468 3199 vero
2514 3149 2804 3199 abhorrere

1715 3223 1873 3268 notat
1908 3220 1974 3269 L.
2015 3217 2081 3268 de
2119 3217 2371 3269 Laborde
2406 3220 2443 3269 l.
2473 3218 2512 3268 l.
2549 3234 2679 3283 pag.
2713 3217 2799 3268 66.

1784 3286 1854 3350 τῇ
1881 3284 2177 3352 βαθυτάτη
2210 3278 2353 3350 αὐτὴ
2381 3278 2616 3353 ἑωυτῆς]
2641 3285 2801 3338 Conf.

1715 3355 1795 3416 11,
1824 3358 1938 3406 124.
1977 3357 2136 3405 Hanc
2159 3371 2286 3406 vero
2309 3357 2706 3422 quinquaginta
2725 3355 2803 3405 ul-

1713 3440 1902 3474 narum
1933 3425 2276 3475 altitudinem
2305 3427 2475 3491 repeti
2508 3426 2624 3476 vult
2646 3427 2802 3476 Man-

1713 3499 1854 3544 nert.
1899 3493 1936 3548 l.
1986 3494 2023 3544 l.
2073 3511 2124 3559 p.
2173 3496 2274 3546 427
2331 3511 2361 3545 e
2410 3496 2800 3561 pyramidibus,

1712 3578 1882 3627 quae,
1920 3568 1981 3614 ut
2014 3563 2228 3614 incolae
2257 3563 2584 3615 crediderint
2615 3569 2667 3614 ct
2696 3567 2804 3614 He-

1712 3633 1904 3683 rodoto
1931 3633 2181 3694 dixerint,
2217 3633 2616 3699 quinquaginta
2639 3635 2798 3684 ulnas

1712 3717 1778 3751 ex
1835 3703 1989 3766 aquis
2048 3702 2397 3764 eminuerint,
2470 3703 2800 3769 totidemque

1710 3771 1853 3821 infra
1900 3786 2071 3836 aquas
2107 3772 2483 3836 pertinuerint.
2560 3773 2803 3822 Herodo-

1710 3844 1828 3890 teas
1879 3856 2161 3891 mensuras
2217 3856 2451 3905 aequare
2497 3841 2663 3892 ferme
2696 3842 2797 3906 923

1709 3915 1884 3959 metra
1929 3909 2153 3975 (metr-es)
2205 3925 2250 3960 s.
2289 3909 2392 3962 285
2430 3910 2596 3975 pedes
2634 3910 2798 3962 Galli·

1709 3993 1806 4028 cae
1862 3995 2174 4041 mensurae,
2234 3979 2311 4029 ait
2348 3979 2631 4030 Iomardus
2678 3979 2714 4029 l.
2757 3979 2794 4028 l.

1704 4062 1832 4112 pag.
1856 4047 1924 4098 97
1963 4048 2087 4099 coll.
2112 4064 2166 4112 p.
2198 4047 2297 4110 99,
2334 4049 2428 4098 ubi
2471 4063 2653 4099 eorum
2691 4064 2797 4098 me·

1705 4115 1892 4178 minit,
1943 4118 2035 4182 qui
2070 4118 2212 4167 hanc
2250 4117 2675 4181 profunditatem
2717 4117 2794 4167 la-

1705 4201 1801 4235 cus
1838 4186 2003 4236 talem
2042 4202 2229 4236 revera
2261 4187 2434 4237 fuisse
2466 4192 2761 4251 negarunt.

1775 4244 1860 4304 ὅτι
1900 4250 1964 4304 δὲ
1991 4247 2391 4319 χειροποιήτός
2429 4248 2539 4304 ἐστι
2564 4249 2793 4319 -αὐτὴ

1703 4321 1875 4387 δηίοῖ
1932 4326 2084 4375 Haec
2121 4326 2243 4390 ipsa
2276 4340 2397 4374 eum
2436 4324 2502 4374 de
2527 4324 2651 4374 lacu
2678 4325 2797 4375 Bir-

1702 4394 1796 4444 ket
1843 4409 1872 4443 e
1939 4395 2152 4458 Quorn,
2203 4409 2360 4460 quem
2408 4393 2668 4444 Moeridis
2716 4393 2793 4444 la·
