3109 5092
439 242 563 303 734

1327 244 1868 305 IIERODOTI

438 421 698 486 τοῦτον.
771 422 952 484 ἔτεσι
995 414 1124 505 γὰρ
1151 414 1363 505 κάρτα
1405 427 1711 487 πολλοῖσι
1738 415 2025 507 ὕστερον
2059 416 2322 486 τούτων
2347 423 2485 486 τῶν
2527 424 2724 504 βασι-

440 523 614 589 λέων
654 524 792 587 τῶν
833 517 949 599 τὰς
979 525 1362 610 πυραμίδας
1398 522 1647 602 ταύτας
1674 524 2058 610 λιπομένων
2101 512 2189 610 ἦν
2209 515 2565 606 Ῥοδῶπις,
2608 548 2722 607 γε·

441 687 561 736 1811.
636 702 724 751 ag.
766 686 870 736 400
901 688 966 736 F.
1034 688 1231 738 Suidas
1262 704 1307 739 s.
1337 705 1390 739 v.
1411 680 1529 737 ‘-P0

441 703 662 805 &dungo
632 770 696 813 ος
728 747 1023 820 ἀνάθημα.
1080 759 1257 840 Atque
1294 758 1400 807 dno
1436 773 1530 822 po-

441 827 709 878 tissimum
745 831 908 890 sunt,
956 841 1096 891 quae
1138 831 1288 878 viros
1335 827 1528 878 doctos

440 901 823 954 exercuerunt3
880 895 1141 959 alterum,
1194 897 1338 961 quod
1387 898 1529 955 Aeli-

441 965 634 1016 8111101.
667 964 702 1013 l.
729 965 1103 1029 Rhodopidem
1130 965 1309 1016 elocat
1345 968 1527 1016 Psam-

441 1036 664 1085 miticho
725 1035 871 1098 regi,
939 1036 1031 1100 qui
1089 1037 1304 1097 Amasi,
1370 1037 1525 1085 cuins

441 1110 626 1155 aetate
669 1104 946 1153 mulierem
993 1105 1239 1156 floruisse
1284 1105 1530 1155 Herodo-

440 1181 531 1224 tus
553 1174 761 1234 scribit,
804 1175 1200 1239 quinquaginta
1227 1176 1399 1236 ferme
1436 1191 1529 1224 an-

440 1245 526 1294 nis
561 1245 707 1308 prior
740 1249 844 1294 est.
918 1244 1058 1292 Nam
1095 1246 1274 1294 tenuit
1313 1245 1529 1294 Amasis

440 1312 808 1443 iiffimimcfi'ssff
838 1328 886 1431 0⁸3
921 1313 1531 1448 {225355'2222201233

442 1451 686 1501 calculos
732 1450 798 1514 (t.
850 1452 978 1501 Vll.
1032 1469 1158 1517 pag.
1209 1453 1330 1503 604.
1380 1454 1525 1518 619).

441 1520 580 1571 Add.
619 1521 868 1570 Fischer:
909 1522 1204 1572 Zeittafelu
1241 1539 1367 1588 pag.
1411 1524 1526 1574 131.

444 1593 625 1653 Quare
675 1590 987 1640 Perizonius
1033 1592 1105 1642 ad
1151 1592 1367 1643 Aeliani
1415 1591 1451 1643 l.
1491 1592 1527 1641 l.

442 1661 573 1710 duas
606 1662 719 1709 olim
752 1661 1079 1724 Rhodopidas
1123 1662 1293 1711 fuisse
1329 1667 1532 1711 statue·

441 1731 539 1780 bat
576 1744 777 1794 easque
812 1745 845 1778 a
892 1731 1250 1795 scriptoribus
1289 1730 1530 1794 antiquis

443 1800 719 1862 confusas,
752 1799 980 1855 alteram
1003 1801 1380 1851 Psammitiehi
1402 1815 1531 1849 uxo·

442 1885 554 1920 rem
592 1868 968 1934 sepultumque
1004 1872 1060 1920 in
1097 1869 1406 1935 pyramide,
1456 1869 1531 1919 al-

444 1945 615 1989 teram
625 1939 828 2003 Aesopi
850 1955 1188 2001 conservam,
1216 1955 1353 2005 quae
1373 1942 1534 1989 Ama-

445 2009 581 2058 sidis
632 2012 876 2072 tempore
935 2008 1195 2061 floruerit.
1274 2010 1425 2071 Quae
1484 2009 1532 2057 si

444 2092 577 2128 vera
622 2076 918 2136 habentur,
968 2080 1164 2128 erroris
1213 2078 1374 2143 culpa
1423 2079 1532 2127 uti-

446 2163 549 2212 que
581 2150 795 2195 tenetur
824 2148 1137 2197 Herodotus
1157 2185 1171 2211 ,
1209 2149 1329 2212 qui,
1369 2153 1429 2197 ut
1453 2162 1534 2196 re-

446 2223 534 2266 cte
568 2215 677 2264 iam
706 2215 1104 2282 Wesselingius
1133 2218 1359 2280 monuit,
1398 2216 1532 2265 duas

446 2283 796 2349 Rhodopidas
832 2301 940 2334 non
977 2288 1132 2336 novit
1168 2293 1222 2336 et
1258 2286 1534 2335 Amasidis

447 2361 688 2419 tempore
736 2355 935 2420 Aesopi
981 2356 1132 2406 illam
1178 2356 1534 2405 contuberna-

447 2426 552 2474 lem
574 2424 818 2490 viguisse
845 2425 1107 2475 distincte
1136 2425 1393 2475 affirmat.
1424 2426 1531 2474 Po—

448 2496 532 2544 nit
567 2494 693 2544 inde
728 2509 848 2544 eam
867 2496 1127 2546 Larcher.
1158 2494 1215 2558 (l.
1252 2494 1289 2545 1.
1321 2511 1371 2559 p.
1404 2494 1530 2557 620)

449 2565 504 2614 111
541 2579 666 2614 81111.
704 2564 805 2616 567
838 2580 890 2615 8.
920 2565 1074 2626 Chr.;
1112 2564 1352 2615 Schultz.
1380 2564 1534 2628 (Spe-

448 2635 570 2685 cim.
607 2635 678 2684 ad
714 2650 905 2700 appar.
944 2636 1120 2685 011110.
1159 2650 1286 2699 pag.
1323 2636 1390 2684 22
1416 2649 1530 2697 seq.

447 2710 563 2754 not.
591 2706 682 2770 45)
710 2707 854 2754 circa
885 2705 1101 2771 Olymp.
1136 2703 1259 2753 LII.
1284 2719 1328 2752 s.
1359 2705 1533 2754 572-

449 2775 552 2825 569
593 2781 720 2824 ante
755 2774 879 2824 Chr.
919 2791 994 2834 n.,
1032 2772 1175 2823 haud
1214 2774 1328 2822 scio
1346 2788 1418 2822 an
1446 2787 1534 2822 ac·

451 2843 714 2893 curatius.
785 2842 926 2893 Add.
950 2842 1195 2893 Fischer.
1217 2841 1254 2891 1.
1279 2841 1318 2892 1.
1336 2858 1388 2907 p.
1414 2840 1531 2891 130.

522 2911 756 2960 Gravius
796 2911 1020 2960 alterum
1055 2910 1187 2960 illud
1224 2915 1337 2972 est,
1388 2911 1533 2976 quod

452 2980 764 3030 Athenaeus
801 2980 957 3028 XIII.
1005 2994 1131 3044 pag.
1181 2979 1283 3029 396
1327 2981 1371 3029 Β
1411 2995 1535 3029 con·

451 3054 538 3098 tra
573 3046 905 3098 Herodotum
935 3048 1170 3113 insurgit
1206 3063 1433 3113 eumque
1457 3048 1536 3098 in-

452 3123 637 3181 cusat,
677 3118 821 3183 quod
850 3117 1082 3168 Charaxi
1120 3117 1350 3168 amicam
1387 3120 1537 3169 Dori-

452 3187 592 3238 cltam
644 3194 699 3238 et
761 3187 1129 3251 Rhodopidem,
1195 3188 1533 3238 meretricem

454 3258 723 3325 quondam
745 3257 1027 3320 celebrem,
1046 3257 1314 3307 diversam
1331 3262 1535 3308 utram-

453 3344 558 3395 que
594 3328 899 3390 mulierem,
950 3342 1047 3392 pro
1094 3342 1204 3377 una
1239 3329 1536 3392 eademque

450 3398 719 3448 habuerit.
784 3397 1066 3448 Accedunt
1089 3396 1199 3446 alia
1222 3398 1537 3447 testimonia

455 3467 597 3533 (vid.
644 3469 894 3519 Grauert.
941 3466 980 3517 l.
1016 3481 1142 3517 mox
1190 3465 1229 3517 1.
1265 3481 1391 3532 pag.
1435 3467 1529 3516 121

454 3536 612 3603 00(1.),
650 3538 842 3602 (111111110
892 3540 1095 3587 certum
1143 3535 1232 3596 fit,
1281 3535 1536 3585 Dorta-leae

454 3622 650 3657 nomen
676 3606 947 3657 meretrici
965 3607 1159 3668 fuisse,
1194 3621 1300 3671 quo
1318 3605 1536 3654 nomine

451 3675 548 3725 illa
584 3680 913 3726 memoratur
947 3676 1050 3725 hoc
1078 3676 1196 3739 ipso
1221 3676 1276 3723 in
1298 3674 1535 3724 carmine

454 3744 728 3809 Sapphus,
765 3746 836 3794 ad
873 3759 1032 3810 quam
1069 3743 1379 3795 Herodotus
1415 3759 1537 3808 pro·

454 3818 637 3864 vocat.
707 3814 782 3863 At
818 3819 1001 3863 monet
1035 3814 1286 3864 Grauerh.
1333 3814 1389 3862 in
1432 3814 1538 3877 Ap-

453 3881 667 3947 pendic.
706 3882 838 3932 diss.
882 3883 950 3932 de
995 3883 1208 3947 Aesopo
1257 3886 1423 3947 atque
1460 3882 1538 3931 fa-

452 3949 586 4000 bull.
625 3952 859 4016 Aesopp.
900 3951 1096 4013 (Bonn.
1129 3951 1301 4016 1825),
1337 3952 1431 4001 11111
1459 3956 1539 4001 to-

453 4025 563 4069 tam
610 4020 752 4069 hanc
800 4020 1174 4084 quaestionem
1222 4021 1537 4086 diligentius

454 4092 743 4150 tractavit,
791 4103 1144 4154 quaecunque
1181 4089 1276 4138 alii
1311 4091 1539 4153 scripto-

453 4174 540 4208 res
577 4164 702 4222 post
733 4157 1068 4208 Herodotum
1094 4158 1198 4208 hac
1225 4157 1292 4208 de
1314 4158 1538 4210 muliere

455 4227 761 4287 retulerint,
784 4243 848 4278 08
868 4232 922 4276 et
944 4225 1277 4292 amplificata
1304 4232 1358 4278 et
1376 4244 1538 4293 exag-

452 4303 642 4364 gerata
665 4296 840 4356 videri
865 4310 997 4362 prae
1023 4295 1338 4362 simpliciori
1365 4312 1536 4361 eaque

1632 691 1833 741 veriori
1888 689 2156 739 Herodoti
2210 691 2553 752 narratione,
2630 689 2727 754 qui

1633 775 1794 810 11118111
1851 758 2011 809 modo
2067 760 2281 808 noverit
2328 758 2726 823 Rhodopidem,

1632 830 1777 880 haud
1816 831 1980 880 aliam
2028 834 2194 894 atque
2236 828 2559 892 Doricham,
2599 843 2727 878 cum

1631 899 1777 949 haud
1813 898 2033 949 insolito
2054 914 2199 948 more
2237 913 2376 962 quae
2404 899 2575 963 prius,
2601 913 2727 947 cum

1633 983 1791 1018 serva
1813 974 1975 1031 esset,
1993 973 2284 1018 vocaretur
2310 968 2550 1030 Baricha,
2574 973 2730 1031 post-

1632 1038 1790 1087 modo
1851 1038 2103 1087 meretrix
2159 1037 2471 1099 Rhodopidis
2526 1052 2727 1085 nomen

1633 1109 1978 1170 assumserit,
2017 1123 2123 1173 quo
2159 1107 2279 1171 ipso
2320 1107 2446 1156 dein
2481 1122 2578 1170 per
2613 1122 2730 1155 om-

1633 1193 1754 1227 nem
1791 1177 2076 1228 Graeciam
2113 1174 2544 1227 fueritillustris.
2602 1176 2728 1236 Quo

1633 1248 1808 1297 omnis
1854 1248 2004 1297 cadit
2054 1251 2112 1296 et
2156 1246 2430 1298 Perizonii
2478 1245 2726 1309 suspicio

1634 1323 1689 1366 et
1734 1316 2000 1367 Athenaei
2047 1316 2375 1366 criminati0.
2448 1315 2559 1364 Sed
2602 1314 2729 1379 lege

1633 1387 1754 1451 ipsa
1783 1401 1816 1436 8
1839 1389 1956 1436 viro
1981 1386 2142 1436 docto
2168 1385 2510 1450 disputatata
2532 1400 2586 1448 p.
2621 1386 2728 1436 126

1633 1473 1782 1522 seqq.
1857 1458 1964 1519 Qui
2007 1456 2149 1505 idem
2184 1455 2287 1504 hoc
2320 1470 2533 1521 quoque
2566 1454 2726 1518 ponit

1636 1542 1764 1591 pag.
1807 1527 1907 1576 118
1949 1541 2128 1590 seqq.:
2177 1525 2358 1587 Sami,
2408 1524 2502 1573 ubi
2546 1524 2729 1573 Hero-

1637 1595 1824 1644 dotum
1869 1597 2116 1644 iuvenem
2169 1594 2372 1643 diutius
2429 1607 2729 1643 commora-

1636 1669 1750 1714 tum
1788 1679 1909 1715 esse
1944 1664 2220 1724 novimus,
2276 1663 2428 1713 illum
2466 1663 2729 1712 notitiam

1635 1749 1847 1796 eorum,
1895 1749 2035 1794 quae
2081 1733 2149 1782 de
2182 1732 2502 1798 Rhodopide
2536 1731 2726 1794 refert,

1635 1803 1918 1868 accepisse
1951 1803 2143 1852 videri.
2219 1803 2485 1853 Graue-rto
2530 1802 2589 1850 in
2634 1802 2726 1863 iis,

1636 1888 1776 1938 quae
1813 1873 1880 1922 de
1910 1871 2238 1937 Rhodopide
2279 1873 2502 1932 statuit,
2552 1870 2728 1920 adsti-

1637 1943 1858 2007 pulatur
1892 1942 2004 1991 fere
2040 1942 2233 1992 Kleine
2280 1943 2337 1991 in
2374 1957 2439 1991 ca
2482 1940 2727 2004 disputa-

1637 2014 1815 2074 tione,
1866 2026 2004 2075 quae
2051 2012 2261 2061 inserta
2306 2017 2391 2061 est
2434 2011 2520 2059 in:
2580 2010 2730 2060 Zeit-

1639 2082 1834 2130 schrift
1868 2082 1907 2132 f.
1942 2080 2428 2131 Alterthumswiss.
2471 2077 2625 2130 1835.
2666 2095 2723 2144 p.

1645 2151 1742 2202 186
1787 2166 1900 2214 seq.
1988 2152 2071 2199 De
2114 2149 2433 2214 Rhodopide
2488 2150 2726 2214 denique

1639 2219 1824 2269 confer
1854 2220 1947 2282 sis,
1986 2233 2126 2283 qnae
2149 2220 2411 2283 Limburg
2441 2219 2725 2269 Brouwer.

1639 2289 1826 2340 attulit
1860 2289 1917 2337 in
1961 2287 2129 2350 libro,
2179 2304 2339 2353 (1110111
2386 2287 2457 2337 8(1
2494 2287 2577 2347 ΙΙ,
2621 2289 2727 2338 172

1638 2358 1954 2419 citabimus,
2007 2373 2134 2423 pag.
2181 2357 2249 2409 33
2284 2362 2397 2408 not.
2448 2363 2504 2406 et
2541 2357 2725 2407 Bode:

1636 2427 1962 2478 Geschichte
2009 2427 2064 2476 d.
2118 2426 2313 2477 hellen.
2362 2425 2722 2477 Dichtkunst.

1638 2498 1713 2558 II,
1750 2499 1802 2547 2.
1840 2511 1965 2561 pag.
2006 2497 2108 2547 4¹2
2145 2511 2259 2561 seq.
2331 2496 2516 2560 Ipsum
2565 2494 2728 2544 muli-

1636 2568 1740 2615 eris
1757 2582 1952 2616 nomen
1978 2566 2238 2629 scriptum
2263 2570 2444 2615 exstat
2465 2566 2520 2614 in
2544 2563 2725 2625 fictili,

1637 2636 1702 2686 de
1735 2651 1841 2700 quo
1877 2635 1986 2683 vid.
2020 2635 2285 2701 .Catalog.
2324 2634 2411 2684 del
2455 2635 2624 2698 princ.
2664 2634 2725 2682 di

1636 2705 1844 2754 Canino
1884 2719 2007 2769 pag.
2051 2705 2166 2754 114.
2216 2720 2296 2754 nr.
2342 2703 2501 2763 13873
2548 2704 2725 2768 signi-

1634 2775 1829 2824 ficatur
1877 2778 2057 2823 autem
2104 2790 2195 2836 ea,
2255 2789 2383 2838 quae
2437 2787 2586 2823 roseo
2644 2780 2727 2822 est

1634 2846 1767 2893 vultu
1800 2859 1843 2891 s.
1898 2844 2166 2926 adspectu,-
2210 2858 2317 2907 quo
2364 2857 2529 2892 sensu
2575 2840 2727 2891 adie-

1637 2913 1840 2962 ctivum
1891 2905 2146 2974 ἆοᾶὦπις
2191 2913 2335 2976 apud
2373 2912 2552 2962 Noun.
2589 2911 2725 2961 Dio·

1635 2998 1755 3047 nys.
1794 2983 1859 3060 X,
1901 2982 2000 3032 176
2035 2981 2327 3034 invenitur.

1705 3043 1925 3100 τούτων
1961 3047 2075 3099 τῶν
2081 3047 2384 3130 βασιλέων
2418 3046 2532 3098 τῶν
2572 3064 2619 3098 τ.
2652 3064 2721 3098 π.

1638 3137 1683 3170 τ.
1707 3111 2032 3184 λιπομένων
2066 3107 2140 3183 ἦν
2167 3110 2470 3184 Ῥοδῶπις]
2504 3119 2595 3169 Sic
2614 3118 2728 3167 edi-

1638 3191 1840 3252 dimus,
1893 3188 2261 3241 Gaisfordium
2308 3189 2509 3249 secuti,
2559 3190 2649 3253 qui
2691 3203 2725 3238 0

1637 3259 1954 3310 Florentino
1987 3258 2126 3309 libro
2165 3258 2381 3309 reduxit
2406 3256 2625 3307 τούτων
2661 3262 2723 3306 et

1637 3325 1913 3408 βασιλέων
1960 3344 2054 3393 pro
2110 3328 2324 3393 vulgari
2372 3323 2617 3376 τουτέων
2662 3331 2725 3376 et

1637 3391 1941 3464 βασιλήων.
2030 3397 2096 3447 111
2143 3413 2293 3463 seqq.
2343 3396 2469 3446 inde
2523 3413 2557 3447 8
2600 3396 2723 3446 Ste-

1638 3467 1845 3532 phano,
1900 3468 1993 3532 qui
2044 3467 2215 3516 tacite
2265 3467 2343 3516 sic
2389 3469 2718 3526 mutaverat,

1636 3537 1945 3603 legebatur:
1983 3529 2286 3600 λιπόντων,
2323 3521 2397 3599 ἦν
2419 3528 2720 3598 Ροὸωπις,

1636 3606 1789 3656 libris
1826 3605 2060 3656 vetustis
2095 3605 2309 3666 invitis,
2348 3606 2441 3669 qui
2476 3605 2721 3669 plerique

1641 3692 1757 3725 eam
1784 3674 2015 3725 offerunt
2044 3675 2385 3739 scripturam,
2414 3687 2554 3739 quae
2575 3688 2720 3748 nunc

1641 3732 1901 3795 restituta
1935 3745 2235 3824 invenitur3
2278 3744 2422 3808 quod
2441 3743 2593 3793 0111111
2594 3743 2722 3824 (1111-

1640 3814 1763 3864 dam
1807 3814 2089 3863 exhibent:
2138 3801 2215 3876 ἦν
2257 3808 2564 3876 λειπομένη
2594 3802 2720 3860 ‘-Po

1640 3881 1847 3944 δῶπις,
1898 3898 1928 3933 0
1954 3883 2111 3964 'vitio
2160 3885 2337 3931 ortum
2387 3896 2506 3932 esse
2546 3884 2720 3946 patet.

1642 3952 1902 4002 Voculam
1939 3940 2041 4016 ἦν,
2093 3966 2233 4032 quae
2267 3952 2322 4000 in
2360 3951 2626 4016 plerisque
2662 3949 2723 3999 li-

1641 4021 1752 4072 bris
1791 4026 1917 4071 ante
1954 4014 2277 4081 λιπομένων
2320 4018 2551 4084 leg-itur,
2598 4023 2725 4084 post

1638 4084 1959 4153 λιπομένων
2016 4088 2309 4140 collocavit
2378 4088 2723 4150 Schaeferus,

1639 4175 1797 4225 quem
1853 4175 1973 4210 011111
2029 4164 2259 4209 recentt.
2321 4157 2443 4207 edd.
2502 4161 2724 4209 secutus

1637 4244 1775 4279 sum.
1848 4229 1929 4278 Ac
1953 4229 2132 4279 medio
2159 4228 2326 4278 verbo
2359 4220 2724 4292 (λιπομένων)

1638 4299 1839 4349 Noster
1872 4297 1963 4348 hic
1998 4313 2130 4348 usus
2169 4301 2253 4348 est
2287 4296 2433 4347 haud
2466 4296 2625 4346 aliter
2644 4301 2723 4345 at-
