3109 5092
486 291 607 353 788

1356 285 1893 358 HERQDOTI

397 456 406 468 ⁸
484 466 773 557 πρώτων
798 466 1219 554 γενομένων,
1266 463 1582 530 οἰκέουσα
1615 460 1689 530 δὲ
1719 464 1794 530 ἐν
1821 468 2070 529 Βουτοῖ
2095 459 2285 546 πόλι,
2329 466 2444 531 ἵνα
2476 463 2561 552 δή
2599 468 2667 533 οἰ
2696 463 2777 534 τὰ

481 569 884 660 χρηστήριον
909 566 1108 636 τοῦτό
1141 571 1312 651 ἐστι,
1340 561 1730 634 Ἀπόλλωνα
1759 560 1938 652 παρὰ
1950 560 2152 643 ’Ίσιος
2183 567 2775 656 παρακαταθήκην

484 677 846 761 δεξαμένη,
899 674 1179 740 διέσωσε
1228 667 1714 757 κατακρύψασα
1756 670 1830 735 ἐν
1868 671 1948 757 τῇ
1990 670 2122 735 νῦν
2165 676 2397 759 πλωτῇ
2439 674 2771 760 λεγομένῃ

481 777 700 871 νήσῳ,
727 772 834 845 ὅτε
871 773 953 863 δὴ
986 772 1060 842 τὸ
1089 779 1224 842 πᾶν
1253 770 1600 860 διζήμενος
1630 765 1666 839 ὃ
1707 768 1959 857 Τυφών
1989 772 2280 858 ἐπῆλθε,
2318 776 2547 842 θέλων
2575 776 2767 856 ἐξευ-

483 898 629 970 ρεῖν
659 885 782 950 τοῦ
813 877 1097 966 Ὀσίριος
1127 874 1246 945 τὸν
1275 880 1505 944 παῖδα.
1585 870 1973 942 Ἀπόλλωνα
2004 872 2078 941 δὲ
2108 876 2220 941 καὶ
2248 871 2567 965 Ἄρτεμιν
2593 888 2764 945 Λιο-

481 983 696 1054 νύσου
722 985 835 1051 καὶ
862 979 1060 1059 Ἴσιος
1089 983 1361 1066 λέγουσι
1394 977 1567 1047 εἶναι
1596 982 1874 1060 παῖδας,
1921 981 2193 1064 Λητοῦν
2233 977 2309 1046 δὲ
2344 978 2603 1069 τροφὸν
2635 978 2763 1048 αὐ-

479 1104 652 1156 τοῖσι
705 1088 816 1155 καὶ
874 1083 1205 1172 σώτειραν
1257 1084 1600 1168 γενέσθαι.
1683 1080 2087 1165 Αἰγυπτιστὶ
2133 1080 2209 1148 δὲ
2247 1076 2596 1152 Ἀπόλλων
2636 1083 2768 1172 μὲν

466 1179 701 1280 Ὦρος,
759 1187 1082 1276 Δημήτηρ
1125 1187 1200 1254 δὲ
1225 1182 1421 1269 Ἶσις,
1463 1181 1769 1271 ’Ἁρτεμις
1812 1181 1887 1250 δὲ
1920 1181 2315 1268 Βούβαστις.
2400 1188 2475 1254 ἐκ
2518 1186 2767 1255 τούτου

481 1293 557 1361 δὲ
582 1298 703 1360 τοῦ
731 1291 938 1378 λόγου
983 1291 1096 1357 καὶ
1138 1285 1419 1367 οὐδενὸς
1464 1283 1674 1355 ἄλλου
1711 1283 2042 1372 Αἰσχύλος
2081 1280 2117 1353 ὃ
2148 1281 2596 1378 Εὐφορίωνος
2637 1286 2761 1378 ἥρ-

480 1511 701 1547 uxorem
757 1494 844 1545 dei
893 1495 1062 1557 chem,
1113 1494 1205 1560 qui
1260 1494 1377 1558 ipse
1430 1509 1568 1543 voce

479 1559 694 1631 Χέμμις
731 1566 900 1627 satis,
937 1569 998 1614 ut
1036 1568 1211 1628 putat,
1239 1562 1564 1626 declaratur,

478 1635 810 1701 primitivam
853 1634 1089 1684 omnium
1126 1649 1302 1683 rerum
1339 1639 1568 1683 matrem

477 1721 523 1755 s.
540 1710 833 1770 parentem,
845 1704 1076 1769 indeque
1092 1703 1263 1767 primo
1282 1703 1456 1752 ordini
1475 1701 1568 1751 ad-

478 1775 754 1839 scriptam.
810 1776 988 1839 Atque
1019 1773 1197 1822 Roeth
1229 1771 1564 1836 (Geschicht.

479 1845 532 1894 d.
577 1843 790 1895 abendl.
843 1841 1157 1907 Philosopb.
1215 1841 1259 1891 Ι.
1318 1847 1457 1891 nott.
1509 1857 1564 1906 p.

481 1913 580 1965 133
613 1913 808 1979 seqq.)‚
847 1914 941 1978 qui
977 1916 1032 1962 et
1064 1912 1184 1976 ipse
1211 1911 1366 1961 deam
1391 1910 1566 1961 Atbor

475 1985 654 2034 noctis
713 1997 833 2033 esse
888 1983 1045 2032 deam
1103 1982 1318 2031 minime
1377 1984 1562 2046 negat,

478 2053 642 2102 aliam
677 2056 859 2101 tamen
907 2051 1085 2100 noctis
1122 2049 1278 2100 deam
1315 2049 1371 2100 h.
1409 2050 1445 2100 l.
1485 2050 1564 2099 in-

474 2121 648 2187 telligi
684 2121 817 2183 vult,
856 2136 995 2184 quae
1017 2124 1072 2169 et
1110 2121 1246 2183 ipsa,
1285 2134 1457 2184 aeque
1484 2124 1566 2168 at·

476 2205 580 2255 que
615 2188 805 2250 altera,
837 2206 865 2239 e
902 2189 1181 2254 primitiva
1216 2190 1374 2253 quasi
1403 2192 1564 2238 nocte

474 2275 542 2309 ac
601 2259 807 2323 spatio,
869 2258 957 2307 cui
1016 2273 1212 2307 nomen
1269 2258 1388 2307 vult
1442 2273 1564 2308 esse

473 2327 681 2390 Pasa-ht,
721 2327 989 2376 emanarit
1025 2330 1192 2391 atque
1216 2327 1271 2375 in
1294 2327 1428 2391 ipsis
1453 2343 1564 2377 mo-

473 2396 745 2447 numentis
803 2396 1196 2460 Aegyptiorum
1261 2395 1563 2460 appelletur

472 2467 600 2518 Reto
637 2481 683 2517 s.
720 2465 877 2516 Recho
901 2465 1148 2530 adeoque
1171 2481 1367 2529 mayna,
1394 2468 1564 2527 ampla

473 2538 677 2586 omnium
723 2537 926 2585 deorum
975 2537 1280 2598 imperatrix
1327 2534 1561 2585 celebre·

472 2611 563 2656 tur
587 2606 644 2655 in
667 2605 1113 2670 inscriptionibus
1139 2604 1372 2669 indeque
1398 2606 1563 2654 etiam

472 2676 645 2741 primo
698 2674 922 2725 deorum
980 2674 1158 2725 ordini
1207 2677 1562 2724 accenseatur

469 2746 539 2795 ab
566 2744 861 2807 Herodot0‚
900 2744 1078 2795 minus
1110 2748 1254 2794 certe
1284 2749 1560 2805 accurate,

469 2814 599 2865 licet
634 2829 743 2864 una
783 2830 813 2864 e
849 2815 1071 2863 summis
1111 2819 1276 2878 atque
1298 2813 1562 2878 antiquis-

469 2883 624 2932 simis
662 2883 768 2933 diis
795 2886 943 2932 certe
965 2883 1146 2932 fuerit.
1220 2883 1406 2946 Ipsum
1428 2897 1556 2932 vero

468 2966 665 3001 nomen
701 2952 1027 3016 Aegyptium
1052 2952 1179 3001 Reto
1213 2952 1268 2999 iu
1291 2952 1560 3002 Graecum

470 3022 599 3070 Leto
654 3035 717 3068 eo
773 3020 988 3069 facilius
1034 3021 1268 3070 transire
1313 3022 1560 3084 potuisse

468 3087 732 3138 Roethius
757 3092 943 3152 putat,
987 3104 1108 3138 cum
1144 3088 1335 3138 literae
1371 3106 1401 3137 r
1435 3094 1489 3138 et
1517 3092 1552 3152 l,

469 3173 607 3223 quae
647 3157 812 3206 simili
849 3158 961 3207 fere
985 3159 1144 3208 modo
1172 3158 1552 3221 pronuntiatae

468 3228 700 3290 fuerint,
747 3227 909 3277 facile
954 3226 1214 3277 confundi
1260 3229 1553 3292 potuerint.

468 3299 648 3360 Quare
680 3313 713 3347 a
740 3297 963 3348 Graecis
1006 3297 1391 3361 scriptoribus,
1425 3314 1555 3364 quo·

467 3383 585 3418 rum
632 3367 946 3418 testimonia
989 3366 1203 3430 attulit,
1253 3359 1417 3431 Λητὼ
1465 3383 1554 3418 ex·

464 3437 700 3502 plicatur
735 3429 858 3500 νὺξ,
894 3441 957 3486 ut
993 3435 1136 3486 idem
1162 3436 1317 3486 addit
1353 3437 1437 3486 vir
1461 3438 1555 3489 do-

467 3513 615 3570 ctus,
669 3508 759 3573 qui
809 3521 874 3556 ex
920 3506 1024 3556 hac
1067 3521 1275 3556 summa
1324 3506 1459 3556 deae
1497 3506 1554 3554 vi

466 3593 532 3627 ac
576 3580 852 3642 potestate
898 3577 1103 3627 oraculi
1155 3591 1367 3641 quoque
1414 3592 1556 3625 sum-

465 3662 626 3710 mam,
663 3661 822 3712 quam
842 3647 1040 3696 Noster
1075 3646 1281 3707 scribit,
1322 3646 1558 3696 auctori-

465 3720 633 3766 tatem
671 3716 887 3780 repetit.
961 3717 1145 3781 Neque
1170 3715 1277 3765 huc
1299 3731 1407 3765 non
1435 3730 1553 3779 spe·

465 3789 603 3845 ctat,
660 3785 804 3850 quod
861 3784 1004 3849 apud
1059 3785 1394 3849 Stephanum
1446 3786 1552 3848 By-

466 3859 614 3903 zaut.
638 3869 681 3902 s.
706 3870 758 3903 v.
792 3853 1008 3910 Βοῦτος
1039 3853 1261 3919 legitur:
1299 3844 1550 3902 ἐκαλεῖτο

464 3916 528 3972 δὲ
582 3916 807 3985 Βουτώ,
864 3915 970 3987 ἀφ’
1027 3910 1096 3987 ἦς
1150 3919 1246 3971 καὶ
1297 3913 1332 3985 ἡ
1382 3913 1547 3987 Λητώ

461 3983 676 4042 Βουτώ.
767 3993 906 4042 Utut
979 3997 1095 4054 est,
1169 3992 1223 4040 in
1275 3993 1549 4057 Aegyptia

463 4060 568 4111 dea
602 4061 870 4112 elementa
907 4062 1061 4125 quasi
1111 4076 1177 4110 ac
1219 4062 1427 4111 semina
1473 4062 1552 4111 fa-

459 4130 623 4181 bulae
659 4132 986 4182 Graecorum
1021 4129 1087 4178 de
1121 4131 1336 4179 Latona
1365 4129 1551 4181 .latere

460 4200 785 4260 invenimus,
824 4213 1000 4263 neque
1022 4198 1128 4248 hac
1153 4199 1207 4247 in
1232 4214 1289 4248 re
1311 4199 1367 4248 id
1395 4216 1551 4264 prae-

459 4269 891 4329 termittendum,
946 4282 1083 4331 quae
1137 4267 1465 4318 Graecorum
1520 4284 1549 4319 e

459 4338 662 4393 fabulis
708 4335 1012 4401 Apollinem
1059 4341 1114 4387 et
1147 4335 1383 4388 Dianam
1428 4337 1550 4402 ipsa

1669 1496 1877 1559 peperit
1912 1497 2129 1546 Latona
2168 1495 2297 1559 dea,
2333 1512 2454 1548 eam
2490 1497 2636 1562 apud
2658 1500 2764 1548 Ae-

1670 1566 1889 1683 fiibpgssi‘*
1920 1567 2192 1700 333503?
2212 1571 2767 1687 {23122‘03320'1225
2811 1614 2817 1618 ·

1860 1672 1873 1696 ‚
2745 1667 2763 1675 -

1671 1702 1769 1753 dos
1796 1710 2100 1767 acceperat.
2172 1706 2353 1768 Quare
2373 1744 2385 1767 ,
2418 1712 2561 1756 teste
2584 1707 2762 1756 Hirt.:

1669 1773 1850 1822 Ueber
1898 1774 1984 1823 die
2018 1775 2278 1839 Gegenst.
2343 1776 2396 1825 d.
2438 1777 2619 1826 Kunst
2668 1776 2764 1826 bei

1673 1841 1726 1890 d.
1770 1844 2005 1907 Aegypt.
2048 1845 2105 1893 in
2139 1845 2286 1894 Actt.
2337 1845 2555 1896 societt.
2592 1846 2762 1896 Bero-

1669 1911 1764 1960 lin.
1811 1913 1963 1963 1820.
2022 1911 2282 1976 (Berolin.
2340 1913 2513 1981 1822).
2558 1930 2614 1979 p.
2658 1915 2761 1965 122

1668 1997 1820 2045 seqq.
1845 2019 1858 2042 ,
1936 1983 1993 2030 in
2075 1983 2398 2048 anaglyphis
2470 1985 2760 2049 Aegyptiis

1668 2050 1810 2100 haud
1846 2066 1970 2101 raro
2008 2050 2160 2101 illam
2198 2053 2354 2102 deam
2390 2054 2761 2118 conspicimus

1667 2119 1932 2184 Apollinis
1989 2127 2153 2185 atque
2203 2124 2419 2172 Dianae
2468 2123 2760 2173 nutricem.

1666 2189 1805 2239 Add.
1846 2190 2039 2239 Roeth.
2081 2192 2117 2240 l.
2150 2190 2184 2240 l.
2213 2207 2338 2257 pag.
2384 2190 2481 2243 135
2518 2197 2573 2241 et
2610 2192 2759 2242 conf.

1668 2274 1885 2324 quoque
1903 2259 2173 2324 Seyfferth
2201 2262 2458 2325 Beitrfige
2480 2277 2531 2311 z.
2552 2262 2762 2312 Kennt-

1665 2329 1778 2377 niss
1816 2328 1869 2377 d.
1905 2329 1998 2378 alt.
2037 2332 2268 2395 Aegypt.
2310 2331 2388 2381 ΙΙ.
2430 2346 2557 2396 pag.
2601 2330 2722 2382 132.

1730 2388 2043 2447 Ἀπόλλωνα
2089 2427 2159 2435 -
2209 2392 2506 2466 δεξαμένη]
2561 2400 2761 2462 Apolli-

1665 2482 1772 2515 nem
1806 2466 2064 2533 iutelligit
2106 2469 2325 2532 Horum,
2358 2468 2451 2519 ·de
2499 2484 2603 2534 quo
2640 2469 2757 2521 vid.

1665 2541 1770 2612 not
1814 2536 1883 2585 ad
1920 2537 1993 2600 11,
2040 2539 2157 2588 114.

1735 2617 1827 2652 ote
1875 2598 1948 2669 δὴ
1992 2598 2056 2655 τὸ
2109 2604 2226 2655 πᾶν
2278 2599 2591 2672 διζήμενος]
2656 2598 2752 2670 δὴ,

1665 2673 1808 2738 quod
1855 2675 2020 2741 vulgo
2072 2677 2255 2736 abest,
2299 2693 2422 2726 cum
2461 2677 2635 2727 Gaisf.
2673 2691 2756 2725 re-

1661 2743 1959 2795 stituimus.
2034 2746 2188 2807 Quae
2223 2750 2539 2810 sequuntur,
2578 2746 2757 2795 lucem

1662 2813 1941 2877 accipiunt
1965 2830 2028 2864 ex
2056 2814 2146 2877 iis,
2182 2831 2323 2880 quae
2352 2814 2419 2864 de
2446 2815 2664 2865 Osiride
2684 2841 2756 2850 —-

1660 2882 1879 2932 Baccho
1918 2889 1973 2933 et
2007 2883 2152 2934 Iside
2188 2915 2259 2924 --
2281 2886 2475 2935 Cerere
2510 2884 2755 2948 disputa-

1660 2952 1838 3002 vimus
1876 2952 1944 3001 ad
1980 2953 2067 3015 11,
2104 2955 2190 3004 42.
2229 2955 2315 3004 50.
2360 2954 2475 3006 137.
2520 2953 2631 3005 144.
2682 2981 2753 2990 —

1662 3020 1745 3069 Ad
1771 3021 1938 3071 verba
1962 3020 2198 3085 Λητοῦν
2234 3016 2298 3072 δὲ
2331 3015 2551 3086 τροφὸν
2575 3050 2641 3059 -
2662 3037 2751 3087 γε-

1661 3083 1863 3138 νέσθαι
1911 3091 2054 3140 conf.
2108 3091 2390 3142 Plutarch.
2445 3093 2530 3141 De
2569 3093 2644 3144 Is.
2696 3096 2752 3141 et

1659 3158 1861 3208 Osirid.
1912 3175 2033 3225 cap.
2073 3161 2157 3213 33.
2214 3178 2338 3225 pag.
2391 3161 2518 3212 366:
2564 3192 2633 3200 —-·
2678 3150 2751 3209 ὃν

1659 3227 1759 3291 (sc.
1792 3217 1987 3293 Ὦρον)
2027 3219 2087 3277 ἐν
2125 3233 2244 3287 τοῖς
2282 3227 2425 3279 ἕλεσι
2461 3232 2583 3287 τοῖς
2616 3225 2748 3292 περὶ

1656 3295 1878 3346 Βοῦτον
1925 3287 2042 3347 ὑπὸ
2080 3297 2306 3363 Λητοῦς
2340 3297 2627 3364 τραφῆναι
2664 3295 2751 3348 λέ-

1655 3380 1855 3429 γουσιν
1905 3379 1955 3418 κ.
1993 3382 2041 3418 τ.
2089 3367 2137 3419 λ.
2210 3369 2294 3418 De
2342 3369 2550 3426 Diana.
2608 3384 2751 3434 quae

1656 3435 1915 3486 Bubastis
1941 3442 2044 3498 est,
2087 3438 2231 3488 conf.
2263 3443 2402 3488 nott.
2426 3438 2493 3487 ad
2523 3438 2599 3499 11,
2631 3438 2749 3489 137.

1729 3498 2000 3569 Αἰσχύλος
2034 3495 2064 3554 ὃ
2088 3498 2467 3570 Εὐφορίωνος
2502 3497 2741 3571 ἥρπασε]

1655 3575 1858 3625 Eadem
1899 3574 2125 3625 tradunt
2144 3577 2450 3627 Pausanias
2475 3577 2630 3640 VIII,
2658 3576 2746 3627 37.

1655 3647 1704 3706 §-
1743 3645 1777 3696 3
1815 3650 1869 3695 et
1904 3646 1965 3696 6:
2006 3661 2111 3709 quo
2147 3646 2266 3696 loco
2304 3647 2608 3696 Pausanias
2640 3646 2749 3695 He-

1654 3713 1902 3764 rodotum
1937 3725 2066 3764 ante
2090 3714 2276 3765 oculos
2301 3716 2494 3765 habuit
2512 3753 2526 3776 ,
2564 3715 2745 3765 iudice

1651 3783 1916 3835 Klauseu.
1983 3783 2039 3833 in
2105 3785 2408 3850 Theologg.
2467 3783 2742 3849 Aeschyll.

1651 3868 1778 3918 pag.
1836 3854 1922 3905 94.
1972 3854 2215 3904 Macrob.
2268 3855 2490 3905 Saturn.
2545 3855 2598 3918 1,
2659 3853 2742 3907 18.

1652 3923 1766 3974 Nec
1798 3923 1906 3973 alio
1944 3929 2211 3988 spectant,
2251 3940 2391 3989 quae
2422 3923 2586 3989 vulgo
2624 3938 2748 3972 nar-

1653 3997 1845 4042 rantur
1895 3992 1960 4043 de
1997 3991 2265 4058 Aeschylo
2314 3994 2576 4059 mysteria
2624 4008 2746 4057 pro-

1653 4061 1815 4111 dente
1861 4067 1917 4112 et
1954 4062 2011 4111 in
2056 4062 2314 4112 iudicium
2351 4063 2478 4113 inde
2513 4067 2743 4122 vocato;

1654 4130 1721 4180 de
1773 4147 1881 4196 qua
1926 4147 1981 4181 re
2031 4131 2142 4181 vid.
2182 4132 2313 4182 Zell.
2354 4132 2425 4181 ad
2458 4130 2743 4183 Aristotel.

1653 4199 1780 4250 Eth.
1821 4200 1890 4250 ad
1942 4201 2254 4250 Nicomaeh.
2304 4179 2523 4264 1113.
2565 4204 2616 4264 g,
2661 4202 2743 4252 17.

1652 4285 1706 4334 p.
1745 4269 1831 4331 86,
1864 4271 2070 4334 Haupt.
2098 4271 2153 4320 in
2182 4273 2434 4334 Quaestt.
2466 4270 2743 4336 Aeschyll.

1651 4340 1873 4403 specim.
1914 4339 1971 4389 11
2008 4339 2190 4405 (Lips.
2227 4339 2392 4408 1829)
2428 4356 2550 4407 cap.
2584 4340 2652 4393 V.
2689 4356 2746 4406 p.
