3109 5092
1254 338 1736 403 OL10.1.14.
1789 328 1828 367 ⁸
2417 397 2430 409 .
2551 347 2631 408 33

338 505 746 596 ἀναθηματα
792 513 934 577 ἔστι
979 513 1050 577 οἱ
1088 518 1366 580 πλεῖστα
1412 514 1489 580 ἐν
1530 521 1900 601 Δελφοῖσι·
1975 517 2181 606 πάρεξ
2222 518 2298 588 δὲ
2340 525 2462 590 τοῦ
2505 519 2626 612 ἆρ-

338 610 561 699 γύρου
600 608 857 698 χρυσὸν
905 608 1196 683 ἄπλετον
1233 610 1574 703 ἀνέθηκεν
1621 613 1832 687 αλλον
1870 644 1942 686 τε
1985 620 2131 705 καὶ,
2176 628 2296 691 τοῦ
2341 623 2628 711 μάλιστα

338 713 611 802 μνήμην
642 711 831 796 ἄξιον
859 721 1040 802 ἔχειν
1071 718 1243 803 ἐστὶ,
1285 722 1610 809 κρητῆρές
1638 726 1709 789 οί
1737 716 2035 809 ἀριθμὸν
2064 726 2131 805 ἓξ
2160 726 2430 813 χρύσεοι
2457 726 2624 797 ἀνα-

338 821 591 886 κέαται.
640 819 865 887 §avam
907 819 983 887 δὲ
1015 808 1201 889 οὗτοι
1241 823 1317 891 ἐν
1351 827 1446 915 τῷ
1483 830 1883 912 Κορινθίων
1915 834 2243 921 θησαυρῷ
2258 881 2276 913 ,
2322 828 2629 919 σταθμὸν

340 926 602 1008 ἔχοντες
628 920 989 1012 τριήκοντα
1024 923 1348 993 τάλαντα·
1403 922 1653 1013 ἀληθέι·
1676 927 1753 995 δὲ
1781 925 1959 1021 λόγω
1990 933 2347 1025 χρεωμένῳ
2376 931 2457 1003 οὐ
2487 942 2622 1003 Κο-

342 1032 632 1113 ρινθίωυ
664 1030 787 1093 τοῦ
833 1029 1161 1113 δημοσίου
1204 1028 1386 1098 ἐστὶν
1428 1023 1465 1096 ὁ
1503 1027 1883 1121 θησαυρὸς,
1933 1027 2104 1101 ἀλλὰ
2142 1038 2466 1118 Κυψέλου
2509 1043 2629 1106 τοῦ

344 1194 496 1241 nav-ia
515 1194 725 1255 plna-ima
742 1192 959 1258 Delphis
981 1197 1233 1245 exstant!
1239 1195 1438 1259 ‘Quae
1539 1195 1635 1247 Gr.
1675 1200 1726 1259 5.
1754 1195 1875 1247 473.
1899 1223 1966 1233 -
2000 1196 2299 1263 κρατῆρες,

343 1261 416 1310 ad
462 1276 676 1312 sensum
711 1266 862 1312 certe
896 1264 1174 1326 negotium
1209 1280 1319 1313 non
1355 1265 1434 1315 fa-

341 1335 595 1393 cessunt,
644 1332 895 1396 quamvis
952 1337 1228 1383 structura
1268 1334 1433 1397 paulo

339 1401 414 1450 sit
438 1400 765 1466 impeditior.
824 1401 985 1465 Quod
1009 1402 1149 1453 enim
1182 1395 1291 1452 οσα
1317 1404 1435 1454 ἰιιιι-

337 1469 575 1534 gendum
612 1475 842 1545 putant
889 1486 1011 1522 cum
1056 1471 1314 1535 πλειστα,
1371 1477 1433 1523 ut

334 1539 570 1589 πλεῖστα
605 1528 713 1590 ὅσα
766 1541 909 1591 sint:
965 1556 1212 1607 perquam
1256 1545 1431 1604 nnana,

334 1626 482 1674 quam
512 1612 761 1672 plurima,
796 1616 927 1661 noto
965 1610 1182 1661 dicendi
1215 1627 1430 1677 genere,

334 1679 484 1742 quod
521 1678 778 1744 exemplis
817 1679 1118 1731 illustravit
1150 1681 1430 1734 Schaefer.

334 1747 407 1798 ad
468 1749 699 1814 Dionys.
756 1749 940 1800 Halic.
1008 1749 1074 1800 de
1140 1754 1428 1817 componit.

332 1818 525 1868 verbb.
564 1834 617 1883 p.
662 1819 788 1882 184,
829 1819 1081 1884 quodque
1110 1820 1200 1870 vel
1234 1822 1291 1871 in
1325 1823 1430 1871 La-

329 1888 571 1938 tinorum
609 1888 848 1939 dictione
879 1892 1069 1940 nimium
1103 1898 1341 1955 quantum
1364 1906 1429 1940 ac

331 1957 603 2007 similibus
650 1959 880 2023 agnosci
910 1963 1120 2023 potest,
1155 1959 1215 2008 id
1250 1960 1430 2010 minus

333 2031 522 2091 aptum
549 2027 766 2077 videtur
790 2033 1010 2093 propter
1035 2029 1322 2079 verborum
1347 2044 1432 2079 οι·-

333 2096 542 2158 dinem,
583 2098 707 2175 qui
706 2097 838 2148 hic
821 2112 1069 2149 inversus
1099 2098 1428 2161 inveniatur,

333 2180 458 2215 cum
497 2133 634 2215 alias
672 2178 781 2216 οσα
821 2182 921 2217 suo
969 2167 1235 2219 vocabulo
1282 2173 1429 2232 post—

334 2236 467 2299 poni
499 2235 694 2287 soleat.
764 2238 872 2286 Est
904 2252 1042 2287 unus
1080 2238 1240 2288 modo
1274 2237 1427 2288 locus

335 2304 605 2355 Athenaei
654 2304 742 2369 (T.
782 2305 878 2357 IV.
913 2321 969 2371 p.
1006 2306 1139 2371 208)
1183 2307 1430 2373 alterque

335 2373 682 2424 Scholiastae
708 2374 1026 2426 Philostrat.
1083 2374 1159 2440 (p.
1200 2377 1302 2428 160
1339 2377 1426 2427 ed.

332 2444 716 2510 Boissonadq)
766 2445 861 2495 ubi
907 2458 1014 2495 oea
1057 2446 1426 2511 praepositum

334 2514 595 2563 occurrit.
670 2515 824 2576 Quae
859 2530 980 2564 cum
1012 2514 1095 2564 ita
1127 2515 1264 2578 sint,
1317 2530 1428 2565 ma-

331 2582 426 2631 lim
456 2598 579 2633 cum
596 2583 847 2648 Augusto
870 2584 1140 2634 Matthiae
1163 2552 1426 2647 sta'tuere,

334 2651 443 2702 duo
480 2652 745 2702 orationis
780 2654 1021 2704 membra
1046 2653 1136 2703 hic
1168 2655 1225 2703 in
1261 2669 1428 2704 unum

335 2722 641 2773 coaluisse.
694 2712 817 2771 ἀλλ’
869 2736 975 2772 οσα
1013 2715 1131 2800 μὲν
1174 2713 1429 2802 ἀργύρου

332 2781 685 2874 ἀναθήματα
730 2785 844 2841 ἔστι
901 2789 1195 2857 (τουτων),
1252 2806 1430 2841 ταυτα

335 2853 399 2908 οἴ
430 2859 664 2909 πλεῖστοι
697 2853 812 2910 ἔστι
848 2850 910 2910 ἐν
942 2858 1235 2924 Δελφοῖσι.
1298 2860 1422 2911 vid.

300 2947 305 2952 ·
335 2930 565 2981 eundem
604 2944 820 2995 quoque
863 2930 922 2980 in
956 2930 1192 2982 Gramm.
1237 2930 1331 2982 Gr.
1371 2934 1424 2993 5.

332 3000 468 3060 445,
523 3002 576 3051 4.
618 3016 674 3064 p.
713 2998 837 3050 832.
920 2999 1037 3049 Nec
1094 2998 1254 3050 aliter
1310 3001 1426 3050 fere

332 3068 445 3117 iam
483 3067 682 3118 dudum
718 3068 991 3120 Lai-chero
1063 3067 1326 3121 lacuerat.

403 3128 619 3203 χρυσὸν
651 3128 896 3187 ἄπλετον
929 3085 1080 3187 dvi}
1034 3135 1219 3201 θηκευ
1251 3128 1426 3187 ἄλλον

332 3202 551 3270 τεκαὶ,
588 3204 778 3256 τοῦκ.
812 3221 862 3256 τ.
900 3205 976 3273 λ.]
1013 3206 1049 3257 i.
1078 3222 1126 3258 e.
1151 3210 1426 3270 „am-iim-

331 3291 549 3327 nemum
577 3277 776 3339 pondus
798 3282 894 3325 ιιοιι
918 3277 1063 3327 aliud
1095 3275 1161 3340 (s.
1196 3276 1427 3327 aliarum

332 3345 535 3409 rerum)
573 3353 671 3395 tum
702 3360 824 3396 ver-o
852 3349 1023 3403 etiam,
1061 3347 1198 3411 quod
1222 3349 1428 3409 praeci-

325 3430 431 3479 pue
454 3422 722 3465 memoratu
741 3415 938 3479 dignum
960 3423 1053 3475 est,
1074 3423 1307 3465 crateres
1328 3430 1428 3465 sex

332 3500 537 3535 munero
570 3487 718 3535 marei
751 3483 815 3534 ab
864 3484 1034 3535 eodem
1074 3485 1301 3535 dedicati
1332 3500 1428 3534 ex-

330 3552 533 3605 stant.“
592 3553 824 3618 Reliqua
843 3554 1295 3618 interpretatione
1317 3568 1426 3603 non

335 3627 520 3687 egent.
578 3623 662 3672 Ad
697 3622 909 3689 pondus
946 3628 1243 3686 craterum,
1282 3621 1426 3689 quod

333 3693 566 3758 triginta
589 3692 918 3743 talentorum
941 3708 1226 3743 aureorum
1258 3693 1428 3743 fuisse

334 3761 561 3822 dicitur,
598 3761 734 3812 facit
769 3761 909 3812 alter
931 3763 1122 3813 Nostri
1144 3761 1295 3812 locus
1321 3761 1428 3822 111,

334 3832 421 3892 95,
455 3831 553 3881 ubi
582 3832 702 3881 auri
744 3831 1013 3881 talentum
1047 3847 1215 3881 unum
1251 3829 1428 3881 trede-

335 3901 441 4019 ἷζὶῗῗ
468 3900 1274 4021 ‘fizz‘zmffiffiffi
1293 3899 1430 4019 22¹3·

336 4037 452 4088 ficit
505 4038 794 4100 2,106000
842 4039 1053 4089 Livi-es.
1133 4038 1200 4089 In
1247 4038 1429 4087 verbis

339 4103 598 4172 σταθμὸν
643 4077 872 4173 ἔχοντες
896 4100 1229 4157 -τοὶλαντα
1273 4110 1429 4156 nota-

338 4193 454 4227 mus
486 4178 522 4227 l
679 4194 710 4228 e
744 4192 932 4241 usum,
970 4193 1035 4227 ex
1067 4191 1174 4259 quo
1198 4174 1430 4242 genitivi

336 4246 455 4297 loco
492 4240 831 4328 (ταλάντων)
889 4262 991 4298 vox
1026 4244 1272 4296 ταλαντα
1305 4243 1429 4294 voci

337 4309 597 4380 σταθμὸν
632 4315 985 4367 adscribitur.
1039 4314 1208 4366 Plura
1229 4312 1431 4365 Matth.

336 4387 386 4446 §-
416 4384 549 4448 428,
587 4387 621 4437 5
663 4400 719 4450 Ρ.
763 4384 887 4437 704.
933 4389 988 4435 et
1022 4383 1297 4436 Kuehner.
1334 4382 1429 4435 Gr.

421 4487 762 4531 HERODOT.
810 4487 854 4528 1.

782 4674 817 4689 Ο

2390 1202 2499 1252 uod
2544 1218 2630 1253 sa-

1537 1266 1611 1315 tis
1650 1270 1894 1328 constat,
1930 1268 2148 1331 proprie
2182 1217 2437 1320 dicunllur
2460 1274 2628 1322 maio·

1536 1336 1616 1385 ris
1660 1337 1897 1386 ambitus
1942 1351 2081 1387 vasa
2133 1340 2282 1387 ansis
2336 1341 2624 1403 instructa,

1534 1405 1593 1453 in
1628 1406 1824 1471 quibus
1858 1406 2070 1469 vinum,
2119 1408 2266 1471 quod
2309 1410 2626 1476 plerumque

1535 1489 1647 1524 non
1679 1490 1914 1537 merum,
1955 1476 2052 1526 sed
2087 1492 2232 1541 aqua
2265 1484 2626 1545 temperatum

1535 1545 1847 1607 sumebant,
1880 1512 2228 1600 miscebatur.
2281 1549 2474 1614 Neque
2495 1566 2627 1600 vero

1533 1612 1593 1662 in
1618 1614 1883 1664 conviviis
1909 1619 2124 1665 tantum
2147 1616 2498 1682 adhibentur,
2531 1619 2628 1669 sed

1534 1682 1592 1732 in
1639 1684 1809 1733 sacris
1857 1684 2023 1734 etiam
2075 1686 2389 1768 frequenter
2441 1704 2627 1739 oecur-

1532 1757 1687 1815 runt,
1729 1754 1785 1802 in
1823 1752 2039 1817 templis
2075 1756 2312 1819 expositi
2345 1757 2433 1806 vel
2469 1772 2628 1807 oma-

1533 1826 1623 1871 tus
1685 1837 1879 1883 causa,
1949 1822 2096 1875 haud
2158 1839 2281 1874 raro
2342 1825 2626 1889 splendide

1532 1906 1852 1957 summoque
1879 1891 2111 1941 artificio
2148 1892 2443 1957 elaborati,
2479 1895 2627 1945 inde·

1532 1974 1639 2024 que
1672 1960 1815 2010 inter
1838 1961 1976 2010 artis
2005 1976 2171 2025 opera
2194 1961 2393 2024 habitu
2430 1979 2495 2014 ex
2517 1966 2626 2015 He-

1532 2027 1727 2079 rodoto
1767 2030 1913 2079 conf.
1948 2029 1994 2092 Ι,
2029 2031 2116 2080 51.
2147 2030 2231 2080 70.
2263 2032 2358 2094 IV,
2384 2032 2470 2084 61.
2499 2034 2618 2085 152.

1530 2097 1700 2149 Plura
1743 2098 1951 2149 dabunt
1995 2099 2250 2150 Panofka
2281 2102 2621 2154 Becherehes

1531 2183 1626 2217 sur
1659 2168 1739 2218 les
1763 2184 1917 2219 noms
1953 2168 2048 2219 des
2070 2183 2231 2219 vases
2255 2171 2425 2222 Grecs
2447 2188 2501 2237 p.
2535 2173 2620 2225 11.

1531 2238 1619 2289 46.
1701 2238 1906 2303 Ussing
1965 2239 2051 2289 De
2110 2241 2407 2291 nominibb.
2469 2256 2618 2293 vass.

1532 2307 1758 2358 Graece.
1762 2324 1861 2442 p.
1900 2309 1968 2357 74
2001 2323 2116 2374 seq.
2189 2310 2401 2362 Becker
2436 2311 2623 2362 Chari-

1530 2375 1641 2426 cles
1675 2377 1723 2427 1.
1802 2377 1956 2429 ,463
1996 2393 2091 2443 seq

1596 2393 1807 2510 ἀληθεῖ
1840 2439 1904 2495 δὲ
1939 2395 2091 2514 λόγῳ
2130 2440 2450 2513 χρεωμένῳ]
2489 2448 2622 2497 Par·

1525 2515 1703 2579 ticipii
1748 2517 1806 2565 in
1851 2514 2038 2566 dativo
2082 2529 2242 2565 usum
2292 2513 2375 2578 (ut
2409 2515 2618 2579 11‚11‚

1527 2583 1652 2633 aliis
1690 2584 1847 2649 locis)
1897 2584 2036 2634 bene
2084 2583 2300 2633 notavit
2347 2584 2620 2634 Matthiae

1529 2652 1622 2704 Gr.
1649 2652 1743 2704 Gr.
1781 2656 1832 2716 5.
1865 2653 1984 2715 388,
2008 2653 2062 2702 b.
2098 2668 2152 2717 Ρ.
2178 2652 2299 2702 711.
2334 2652 2620 2702 Tuverte:

1526 2723 1613 2780 „si
1659 2725 1769 2786 quis
1819 2737 1987 2771 verum
2031 2721 2202 2770 dicere
2243 2722 2404 2770 vulef‘
2477 2720 2618 2772 Adel.

1526 2758 1804 2841 ’Kuehnen
1844 2790 1938 2841 Gr.
1977 2790 2069 2840 Gr.
2107 2789 2155 2851 5
2197 2788 2318 2851 581,
2354 2790 2410 2839 b.

1597 2873 1667 2908 ov
1649 2849 2039 2938 ’Κορινθίων
2039 2856 2144 2907 τοῦ
2163 2826 2447 2921 δημοσίου
2470 2846 2621 2907 ἐστὶν

1527 2918 1559 2977 ὁ
1621 2920 1947 2992 θησαυρὸς,
2004 2918 2143 2977 ἀλλὰ
2184 2924 2457 2989 Κυψέλου
2515 2923 2622 2976 τοῦ

1518 2988 1844 3075 Ἠετίωνος]
1877 2999 1984 3049 Pro
2020 2992 2304 3060 δημοσίου
2339 2996 2467 3047 libri
2502 2995 2619 3061 qui-

1528 3067 1653 3117 dam
1690 3058 1906 3130 δήμου,
1954 3067 2128 3131 quod,
2175 3070 2237 3115 ut
2272 3080 2307 3114 a
2342 3066 2620 3116 sententia

1526 3136 1651 3200 ipsa
1673 3151 1783 3186 non
1808 3136 2071 3199 alienum,
2107 3134 2188 3184 ita
2219 3139 2401 3184 tamen
2437 3135 2526 3185 hic
2552 3150 2617 3185 ex

1528 3205 1802 3255 scribendi
1833 3173 2151 3269 compen'dio
2174 3208 2353 3254 ortum
2375 3219 2497 3254 esse
2524 3205 2618 3253 vix

1530 3273 1770 3324 dubium.
1827 3275 1974 3325 Hinc
2007 3277 2157 3324 recte
2191 3288 2408 3338 quoque
2442 3274 2615 3323 tuitus

1527 3350 1614 3394 est
1648 3343 1926 3394 Schaefer.
1966 3342 2337 3393 adLambert.
2376 3344 2506 3394 Bos.
2549 3341 2618 3390 de

1527 3412 1751 3477 Ellipss.
1787 3429 1841 3477 p.
1868 3413 1991 3474 462,
2028 3412 2136 3461 ubi
2157 3410 2270 3461 vid.
2289 3438 2358 3447 —
2394 3411 2481 3458 De
2520 3410 2618 3475 Gy-

1520 3484 1666 3545 pselo
1699 3482 1811 3532 vid.
1836 3482 1983 3531 infra
2009 3480 2075 3539 V,
2100 3478 2187 3529 92.
2222 3505 2290 3514 -—
2325 3473 2618 3541 θησαυροὶ

1527 3566 1914 3615 saepenumero
1954 3548 2208 3598 dicuntur
2253 3545 2532 3596 aediculae
2569 3560 2617 3595 s.

1528 3619 1700 3671 cellae
1735 3620 1793 3667 in
1827 3616 2093 3681 Delphico
2131 3614 2329 3679 templo
2369 3629 2404 3663 a
2437 3614 2620 3679 singu-

1527 3690 1598 3739 lis
1635 3687 1857 3752 reg-ibus
1896 3701 1941 3735 s.
1971 3685 2284 3735 civitatibus
2316 3683 2618 3747 dedicatae,

1526 3760 1585 3808 in
1622 3756 1819 3821 quibus
1867 3771 1969 3806 sua
2005 3768 2251 3820 quaeque
2290 3752 2485 3804 civitas
2526 3752 2620 3804 do-

1529 3828 1712 3887 naria,
1772 3839 1960 3875 aurum
2014 3824 2181 3875 etiam
2233 3821 2300 3874 et'
2333 3829 2620 3889 argentum

1529 3894 1770 3962 Apollini
1794 3893 2118 3945 sacrandum
2150 3892 2465 3958 deponeret.
2517 3893 2618 3943 Mi-

1529 3967 1676 4016 nime
1703 3964 1869 4030 igitur
1897 3964 1988 4015 hic
2012 3963 2363 4030 cogitandum
2400 3962 2468 4012 de
2498 3962 2616 4012 the-

1530 4035 1707 4086 sauris
1756 4033 2078 4099 quibusdam
2122 4031 2389 4096 Apollinis
2443 4030 2617 4081 veluti

1529 4103 1658 4154 fidei
1703 4104 2024 4154 commissis.
2096 4101 2332 4166 Egregie
2375 4100 2479 4150 hoc
2522 4099 2615 4149 ad·

1529 4173 1738 4223 monuit
1756 4173 2023 4224 Valcken.
2050 4171 2121 4221 ad
2142 4169 2347 4220 Herod.
2373 4169 2468 4231 IV,
2494 4167 2614 4229 162,
2705 4206 2714 4215 .

1532 4242 1626 4308 qui
1658 4242 1811 4292 locus
1850 4241 2066 4292 omnino
2101 4254 2222 4289 cum
2253 4242 2440 4287 nestro
2474 4251 2615 4287 com-

1530 4310 1825 4377 p.arandus
1900 4308 2039 4361 Add.
2075 4306 2463 4372 wyttenbach.
2487 4305 2617 4354 Ani-

1534 4380 1715 4433 madv.
1739 4380 1810 4432 ad
1825 4376 2106 4431 Plutarch.
2132 4374 2329 4426 Moral.
2354 4374 2401 4425 1.
2423 4390 2477 4439 Ρ.
2490 4372 2611 4424 990.

2172 4456 2209 4517 3
