3109 5092
537 338 661 399 574
1408 337 1943 400 HERODOTI

537 516 676 581 τῶν
703 516 996 580 παιδίων
1023 503 1067 598 ἢ
1095 515 1318 579 πᾶσαν
1354 508 1480 600 τὴν
1515 507 1821 599 κεφαλὴν
1852 504 1895 598 ἢ
1923 508 1998 579 τὸ
2032 514 2496 600 τρίτονμέρος
2521 517 2639 601 τῆς
2667 530 2923 583 scs-135

538 619 791 702 φαλὴς,
848 617 1063 681 ίστᾶσι
1106 618 1386 706 σταθμῷ
1422 612 1589 702 πρὸς
1633 610 1960 702 ἀργύριον
2006 610 2121 694 τὰς
2168 620 2396 702 τρίχας
2416 637 2429 650 ·
2498 613 2573 682 τὸ
2614 611 2682 682 δ’
2729 609 2825 682 ἂν

539 717 823 806 ἑλκύσῃ,
878 719 1078 785 τοῦτο
1126 722 1212 805 τῇ
1253 721 1613 810 μελεδωνῷ
1660 721 1799 784 τῶν
1843 726 2113 803 θηρίων
2164 720 2364 785 διδοῖ.
2445 710 2487 804 ἡ
2544 713 2611 786 δ’
2660 713 2816 786 ἀντ’

537 818 751 889 αὐτοῦ
784 818 1128 907 τάμνουσα
1165 825 1365 907 ἰχθῦς
1411 823 1684 909 παρέχει
1734 816 1948 906 βορὴν
2000 836 2171 888 τοῖσι
2206 826 2530 909 θηρίοισι.
2598 817 2824 908 τροφὴ

538 924 665 1011 μὲν
693 920 778 1011 δὴ
805 918 1064 991 αὐτοῖσι
1094 921 1367 1010 τοιαύτη
1396 918 1861 991 ἀποδέδεκται.
1928 918 2017 989 Τὸ
2049 918 2116 989 δ’
2147 917 2235 990 ἄν
2259 947 2358 1002 τις
2385 928 2526 991 τῶν
2545 928 2820 1010 θηρίων

538 1025 798 1094 τούτων
841 1021 1242 1114 ἀποκτείνῃ,
1294 1021 1381 1112 ἢν
1419 1026 1545 1112 μὲν
1588 1021 1794 1110 ἑκων,
1856 1023 2151 1102 θάνατος
2204 1019 2246 1112 ἡ
2292 1031 2526 1112 ζημίη·
2601 1020 2690 1113 ἢν
2738 1024 2817 1092 δὲ

541 1128 797 1211 ἀέκων,
853 1123 1154 1196 ἀποτίνει
1191 1135 1461 1216 ζημίην,
1505 1125 1632 1216 τὴν
1657 1155 1743 1195 αν
1776 1130 1847 1196 οἱ
1879 1129 2051 1214 ιρέες
2088 1124 2435 1206 τάξωνται.
2527 1154 2600 1208 ος
2637 1123 2696 1195 δ’
2732 1154 2821 1195 αν

544 1232 686 1319 ἶβιν
725 1224 767 1318 ἢ
812 1239 1011 1316 ἴρηκα
1039 1227 1434 1318 ἀποκτείνῃ,
1482 1227 1568 1319 ἦν
1607 1257 1679 1298 τε
1721 1226 1896 1298 ἑκών
1936 1226 2026 1316 ἥν
2063 1255 2133 1297 τε
2175 1225 2433 1313 άέκων,
2490 1229 2819 1299 τεθνάναι

451 1332 826 1419 66ἆνάγκη.
899 1337 1187 1402 Πολλῶν
1216 1333 1288 1401 δὲ
1328 1328 1631 1401 ἐόντων
1600 1332 2001 1420 ομοτρόφων
2028 1345 2200 1400 τοῖσι
2230 1327 2654 1419 άνθρωποισι
2682 1345 2816 1420 θη-

545 1445 747 1526 ρίων,
802 1439 1028 1525 πολλῷ
1076 1429 1161 1503 ἂν
1203 1442 1300 1503 ἔτι
1341 1439 1522 1504 πλέω
1576 1439 1868 1521 ἐγίνετο,
1920 1439 1983 1503 εί
2024 1432 2115 1522 μὴ
2155 1434 2621 1524 κατελάμβανε
2662 1434 2822 1513 τοὺς

544 1623 776 1672 σαντες,
827 1598 1056 1657 διδόασι
1109 1599 1173 1657 τὸ
1218 1599 1463 1673 νόμισμα
1506 1612 1629 1667 τοις

1728 1608 1839 1659 bol.
1876 1608 1955 1658 11.
1995 1624 2050 1673 p.
2089 1609 2192 1659 208
2230 1624 2368 1674 seq„
2405 1623 2639 1674 quocum
2671 1610 2823 1661 conf.

543 1672 1008 1758 ἐπιμελουμένοις
1042 1674 1157 1725 τῶν
1198 1676 1629 1742 προειρημένων

1730 1678 2005 1728 Hammer.
2047 1678 2104 1726 in
2132 1679 2433 1743 Boettigeri
2460 1678 2700 1728 Amaltb.
2737 1679 2821 1730 11.

540 1742 716 1809 ζώων.
780 1747 1074 1797 cincinnos
1104 1746 1158 1796 in
1188 1747 1462 1797 Thebanis
1490 1747 1630 1798 scul-

543 1819 719 1885 pturis
744 1817 1015 1867 exhibitos
1039 1815 1232 1882 longos
1257 1816 1327 1866 ad
1352 1817 1493 1866 hunc
1519 1833 1629 1867 mo-

543 1905 656 1940 rem
691 1887 860 1938 refert
888 1885 1217 1936 Wilkinson.
1244 1887 1499 1937 Manners
1518 1892 1625 1937 etc.

611 1973 798 2077 ἷστιάσι
818 2021 1056 2091 σταθμῷ
1076 2017 1221 2088 πρὸς
1236 2015 1513 2088 ἀργύριον
1534 2015 1635 2080 τὰς

545 2093 760 2159 τρίχας]
809 2096 848 2144 i.
899 2110 947 2144 e.
991 2095 1282 2155 ponderant
1316 2096 1530 2156 capillos
1564 2094 1636 2141 ad

546 2172 804 2229 arpentum
837 2166 888 2212 in
922 2165 1089 2211 altera
1119 2163 1283 2214 librae
1317 2165 1462 2212 lance
1486 2177 1634 2225 repo-

546 2236 711 2288 situm:
765 2239 998 2296 quantum
1052 2247 1172 2281 vero
1218 2229 1492 2296 (ponderis
1549 2246 1629 2281 sc.

547 2300 865 2366 capillorum
900 2301 958 2349 in
1004 2299 1177 2349 altera
1226 2300 1382 2349 lance
1427 2301 1631 2363 posito-

429 2417 440 2428 ,
548 2371 688 2436 rum)
728 2378 986 2435 argentum
1017 2372 1274 2428 traxerit,
1320 2377 1506 2418 tantum
1542 2371 1632 2419 dac

546 2443 805 2499 curatrici,
844 2441 879 2490 i.
909 2454 957 2488 e.
986 2446 1173 2488 tantiam
1197 2442 1395 2504 amena·
1410 2440 1628 2500 pondus,

547 2518 780 2577 quantum
814 2518 891 2560 esc
921 2511 1214 2571 capillorum
1241 2508 1457 2572 pondus.
1513 2508 1632 2558 Ste-

585 2595 708 2632 erus
724 2580 903 2630 locum
930 2578 1011 2629 sic
1036 2577 1454 2629 circumscribit.
1492 2566 1633 2627 ὅσον

585 2642 601 2663 ’
653 2664 726 2698 αν
786 2639 1059 2699 {invemat
1110 2641 1213 2698 τὸν
1263 2639 1523 2711 σταθμὸν
1572 2638 1637 2694 αἴ

546 2713 864 2770 ἔντεθεισαι
885 2715 1088 2783 τρίχες,
1113 2714 1289 2767 τοσοῦ
1291 2732 1394 2766 τον
1413 2714 1515 2780 (sc.
1533 2707 1632 2780 ἆρ-

548 2782 778 2906 Ξῖἒὲἶῖ)
788 2802 877 2905 ‚2³3
902 2783 1633 2919 ἔῗξῗῖξῗὴῖωέπῗλῖἓῖῗ

546 2929 633 2975 De
666 2925 902 2974 transitu
941 2925 1094 2974 verbi
1118 2939 1152 2973 a
1175 2922 1371 2986 plurali
1399 2917 1631 2986 (ἰστᾶσι)

550 2993 620 3044 ad
654 2992 982 3056 singularem
1027 3006 1307 3042 numerum
1353 2991 1495 3041 conf.
1546 3007 1635 3041 su·

548 3077 673 3140 pra
686 3060 871 3140 1,195
906 3062 1092 3125 ibique
1125 3064 1265 3110 nott.

618 3121 683 3179 τὸ
716 3097 776 3177 δ’
821 3144 896 3177 αν
941 3145 1025 3186 τις
1066 3125 1180 3178 τῶν
1226 3126 1455 3193 θηρίων
1501 3120 1633 3178 τού-

548 3214 664 3249 των
703 3190 1035 3264 ἀποκτείνῃ]
1081 3197 1320 3249 Relativi
1365 3198 1635 3263 pronomi-

547 3270 633 3319 nis
667 3283 852 3331 nsum,
887 3268 983 3319 ubi
1010 3267 1332 3332 particulam
1369 3263 1423 3316 εἰ
1451 3283 1496 3318 s.
1535 3258 1634 3317 ἐαν

548 3342 996 3403 exspectaveras,
1030 3342 1215 3399 notat,
1257 3337 1513 3388 hocloco
1539 3353 1634 3401 ap-

548 3409 757 3474 posito,
813 3407 1083 3458 Matthiae
1136 3408 1228 3458 Gr.
1359 3409 1478 3469 ..5
1527 3407 1628 3457 481

545 3484 661 3530 not.
703 3479 753 3529 1.

619 3562 683 3604 ος
708 3538 764 3596 δ’
790 3561 864 3595 αν
894 3533 1081 3613 ἷβιν’“
1040 3562 1077 3611 η
1106 3542 1278 3609 ἴρηκα
1296 3533 1630 3673 άποκτείνῃὲ

545 3619 632 3668 De
667 3616 822 3667 Ibide
857 3615 968 3666 vid.
998 3616 1141 3666 infra
1165 3613 1240 3676 11,
1271 3614 1338 3664 75
1358 3628 1452 3678 seq
1500 3610 1597 3677 ἴρη

548 3701 595 3736 s.
627 3681 786 3748 ἱέραξ
808 3690 893 3736 est
910 3701 1068 3735 sacra
1094 3685 1233 3746 avis,
1270 3681 1435 3744 falco,
1475 3697 1633 3746 quem

546 3754 804 3819 Aegyptii
836 3756 1113 3806 vocabant
1140 3720 1338 3820 βαιὴθ,
1376 3753 1414 3800 i.
1443 3766 1492 3802 e.
1528 3754 1637 3802 ani-

545 3839 694 3878 mam,-
726 3828 788 3873 ut
824 3824 963 3873 enim
1002 3824 1215 3875 animae
1262 3822 1503 3886 signum,
1552 3821 1634 3871 ita

545 3891 632 3941 vel
672 3891 930 3956 quidquid
977 3908 1190 3943 sacrum
1238 3894 1333 3940 aut
1390 3889 1631 3941 divinum

544 3960 809 4022 habetur,
863 3961 978 4011 eius
1024 3960 1328 4026 symbolum
1379 3974 1501 4010 esse
1533 3974 1631 4009 vo-

544 4028 763 4078 luerunt
785 4030 1071 4093 Aegyptii,
1111 4031 1168 4078 in
1205 4028 1523 4093 templorum
1551 4028 1630 4076 in-

544 4097 717 4148 troitu
748 4098 1067 4161 praesertim
1102 4098 1332 4163 aliisque
1366 4097 1502 4148 locis
1545 4112 1632 4146 sa-

544 4167 653 4218 cris
702 4180 818 4216 eam
862 4181 1016 4217 avem
1067 4168 1352 4233 pingentes
1413 4182 1478 4216 ac
1523 4166 1629 4216 diis

546 4236 810 4300 supremis
813 4234 1149 4286 tribuentes.
1211 4236 1346 4287 Inde
1371 4235 1505 4286 nihil
1527 4235 1626 4284 mi-

543 4305 799 4366 randum,
855 4304 973 4354 eius
1015 4320 1203 4356 necem
1247 4310 1418 4356 morte
1457 4305 1628 4355 fuisse

543 4373 883 4436 mulctatam.
965 4360 1134 4426 ‘Plura
1176 4373 1426 4427 Creuzer.
1476 4373 1630 4440 Sym-

1729 1762 1856 1811 pag.
1900 1746 2017 1810 119,
2057 1746 2145 1796 cui
2176 1753 2262 1796 est
2304 1752 2551 1798 nostrum
2580 1748 2820 1810 {labie-lu,

1730 1831 1870 1879 quae
1896 1816 2016 1865 avis
2041 1815 2201 1865 simili
2232 1816 2495 1882 religione
2523 1818 2708 1867 Persis
2740 1823 2824 1867 at-

1730 1900 1833 1950 que
1888 1885 2174 1950 Aegyptiis
2233 1891 2573 1936 consecrata.
2671 1886 2817 1936 Add.

1730 1954 2058 2004 Wilkinson.
2094 1955 2351 2005 Manners
2400 1961 2507 2005 etc.
2546 1971 2655 2006 sec.
2708 1971 2820 2008 ser.

1734 2023 1810 2073 11.
1858 2037 1984 2088 pag.
2032 2025 2135 2075 205
2180 2038 2355 2089 seqq.,
2395 2025 2490 2089 qui
2533 2024 2679 2074 inter
2722 2040 2821 2074 va-

1732 2093 1844 2142 rias
1908 2091 2183 2142 falconum
2234 2094 2445 2157 species
2502 2108 2598 2158 per
2643 2096 2826 2158 Aegy-

1734 2170 1887 2226 ptum
1932 2162 2123 2222 obvias
2170 2178 2333 2212 unam
2391 2163 2494 2212 sibi
2541 2164 2821 2212 invenisse

1732 2233 1973 2294 videtur,
2023 2246 2163 2296 quae
2197 2232 2440 2297 proxime
2484 2232 2715 2281 accedat
2749 2233 2824 2282 ad

1734 2316 1949 2351 sacrum
1997 2300 2387 2366 Aegyptiorum
2432 2306 2679 2351 veterum
2720 2301 2823 2352 sal-

1731 2386 1947 2432 conem,
1989 2370 2203 2434 qualem
2246 2371 2304 2419 in
2341 2372 2705 2421 monumentis
2739 2387 2827 2422 re-

1732 2443 2136 2505 praesentatum
2157 2438 2549 2503 conspicimus3
2588 2446 2823 2490 vocatur

1734 2509 1803 2558 ab
1828 2510 1946 2573 ipso
1974 2508 2129 2558 Falco
2158 2510 2389 2561 Aroeris.
2465 2509 2623 2560 Conf.
2654 2511 2823 2560 etiam

1732 2577 1929 2628 Roeth.
1966 2577 2003 2626 1.
2044 2591 2209 2642 supra
2243 2576 2279 2626 l.
2307 2592 2436 2642 pag.
2482 2577 2602 2628 191.
2659 2581 2705 2630 E
2732 2595 2826 2630 ve-

1735 2647 1941 2697 teribus
1976 2651 2192 2710 praeter
2224 2647 2523 2696 Diodorum
2556 2647 2595 2698 l.
2634 2648 2672 2699 1.
2696 2664 2827 2699 con-

1735 2717 1943 2765 feratur
1977 2714 2167 2765 Cicero
2204 2714 2272 2765 de
2319 2721 2435 2767 nat.
2465 2717 2633 2768 Deor.
2670 2718 2716 2779 1,
2752 2716 2827 2768 29

1735 2790 1791 2834 et
1815 2783 2057 2835 Tusculi.
2078 2790 2291 2848 quaest.
2313 2785 2379 2848 V,
2419 2785 2506 2846 27,
2555 2788 2648 2851 qui
2670 2801 2828 2851 prae-

1735 2859 1888 2904 terea
1921 2851 2079 2904 felem
2095 2890 2108 2915 ,
2161 2869 2351 2903 canem
2397 2858 2455 2904 et
2490 2856 2826 2906 crocodilum

1734 2924 1792 2974 in
1839 2923 1922 2972 his
1960 2923 2132 2972 sacris
2183 2921 2508 2973 animalibus
2554 2931 2823 2989 recenset,

1735 3007 1877 3057 qnae
1923 2990 2130 3042 violare
2172 2992 2330 3042 nefas
2380 2993 2453 3042 sit
2509 2993 2823 3059 Aegyptiis.

1734 3062 1843 3112 Sed
1868 3061 2189 3125 accipitrum
2214 3065 2269 3110 et
2300 3061 2468 3111 ibium
2496 3065 2825 3128 praecipuus

1733 3132 1932 3193 honor3
1982 3135 2044 3180 ut
2076 3131 2242 3180 etiam
2278 3146 2343 3181 ex
2377 3146 2443 3181 eo
2477 3132 2824 3198 intelligitur,

1734 3200 1881 3265 quod
1896 3200 2087 3249 horum
2106 3199 2374 3250 cadavera
2393 3201 2627 3251 maximo
2640 3208 2827 3253 sumtu

1722 3273 2158 3334 ornamentoque
2216 3269 2438 3319 condita
2480 3271 2827 3334 reperiuntur

1734 3340 1791 3389 in
1823 3339 2030 3403 cryptis
2064 3337 2376 3389 Thebaicis.
2448 3338 2606 3391 Cous.
2656 3341 2827 3391 Creu-

1737 3409 1847 3458 zeri
1896 3407 2223 3458 Commentt.
2273 3408 2567 3460 Herodott.
2611 3425 2665 3473 p.
2721 3410 2827 3461 164

1735 3481 1790 3528 et
1823 3476 2156 3528 Wilkinson.
2190 3477 2230 3526 l.
2269 3475 2308 3526 l.
2348 3493 2403 3541 p.
2436 3477 2509 3528 94
2544 3493 2658 3543 seq.
2695 3479 2823 3530 210.

1735 3547 1843 3609 Qui
1889 3545 2120 3595 mumias
2169 3547 2502 3595 examinavit
2547 3546 2823 3613 Geoffroy,

1737 3631 1797 3665 se
1832 3620 2067 3681 quatuor
2099 3614 2243 3664 inter
2278 3614 2522 3665 falcones
2566 3617 2823 3668 inunctos

1736 3686 1946 3750 species
1996 3684 2289 3749 agnovisse
2343 3683 2603 3747 affirmat,
2650 3686 2825 3747 falco-

1734 3769 1842 3803 nem
1861 3756 2205 3818 pereqrinwn,
2238 3753 2283 3815 f.
2311 3756 2621 3812 ascalonem,
2652 3756 2699 3819 f.
2720 3769 2823 3817 pa·-

1734 3824 2051 3885 imbertum,
2085 3822 2128 3884 f.
2167 3824 2343 3874 nisum.
2419 3823 2676 3888 Sequitur
2697 3839 2822 3875 eum

1734 3892 2036 3944 Reinhardt
2075 3891 2114 3942 1.
2150 3916 2186 3966 1.
2224 3906 2353 3958 pag.
2387 3892 2473 3945 26.
2511 3895 2598 3945 27.

2088 4063 2220 4114 Cu».
2252 4064 2448 4115 LXVI.

1801 4161 1857 4216 εἰ
1892 4157 1968 4230 μὴ
2004 4157 2393 4249 κατελάμβανε
2421 4157 2558 4223 τοὺς
2594 4158 2819 4217 alelmi-

1732 4249 1870 4297 ρους
1906 4227 2121 4299 τοιάδε]
2159 4237 2196 4285 i.
2248 4251 2295 4285 e.
2339 4237 2441 4286 nisi
2469 4236 2660 4298 felibus
2692 4236 2822 4286 haec

1725 4305 2028 4357 acciderent.
2101 4305 2211 4356 Ubi
2245 4304 2616 4356 Herodoteum
2668 4306 2823 4355 verbi

1724 4367 2176 4441 καταλαμβάνειν
2210 4389 2367 4425 nsum
2398 4374 2564 4427 semel
2598 4379 2824 4427 notasse
