3109 5092
1095 348 1593 409 EUTERPE.
1634 347 1720 407 11.
1758 355 1848 411 99.

337 521 629 611 λέγουσα
665 522 804 589 ἐστι
823 541 836 555 ·

336 630 583 717 ἐρέων,
638 622 807 693 κατὰ
850 620 1144 712 ἤκουον,

334 729 546 813 ὄψιος.

2482 352 2599 415 641

929 517 1006 589 τὸ
1049 519 1126 590 δὲ
1165 517 1297 590 ἀπὸ
1336 525 1538 590 τοῦδε
1578 525 1998 606 Αἰγυπτίους
2047 528 2322 613 ἔρχομαι
2364 525 2606 613 λόγους

1201 626 1561 713 προσέσται
1604 623 1680 693 δὲ
1733 620 2005 694 αὐτοῖσί
2036 654 2100 694 τι
2141 630 2255 696 καὶ
2293 635 2412 717 τῆς
2447 633 2607 719 ἐμῆς

646 725 779 796 Τὸν
823 732 1068 816 Μῆνα,
1109 724 1230 795 τὸν
1256 731 1526 815 πρῶτον
1565 725 2061 814 βασιλεύσαντα
2099 730 2486 817 Αἰγύπτου,
2542 737 2610 801 οἱ

336 836 509 921 ἱρέες
541 838 779 917 ἔλεγον
808 834 1009 898 τοῦτο
1041 828 1168 917 μὲν
1193 826 1720 919 ἀπογεφυρῶσαι
1753 828 1878 919 τὴν
1907 833 2226 920 Μέμφιν·

2317 832 2438 904 τὸν
2476 833 2606 924 γὰρ

335 932 636 1024 ποταμὸν
680 932 898 1003 πάντα
955 936 1140 1023 ῥέειν
1188 930 1368 1021 παρὰ
1416 932 1492 1002 τὸ
1537 924 1739 1019 οὖρος
1778 930 1855 1002 τὸ
1894 934 2241 1023 ψάμμινον
2283 935 2451 1027 πρὸς
2479 947 2602 1007 Λι-

334 1133 736 1186 Dahlmannusz
775 1131 1057 1185 Herodoto
1102 1132 1160 1181 in
1197 1131 1425 1182 historia

337 1203 733 1255 conscribenda
766 1202 876 1252 iam
909 1208 1130 1267 praesto
1167 1201 1336 1251 fuisse
1363 1200 1424 1249 li-

337 1275 554 1325 brorum
589 1271 839 1323 historici
874 1278 930 1321 et
959 1270 1310 1336 geographici
1340 1286 1425 1319 ar-

337 1343 582 1409 gumenti
604 1342 818 1407 copiam
843 1340 1143 1405 quandam,
1174 1340 1424 1391 eundem-

338 1429 443 1479 que
497 1411 866 1477 composuisse
914 1425 1051 1475 opus
1112 1424 1270 1459 suum
1313 1425 1425 1459 ιιοιι

338 1482 714 1542 audientibus,
763 1494 950 1529 verum
985 1478 1321 1544 legentibus,
1366 1478 1424 1527 id

337 1552 484 1602 unde
518 1550 704 1617 colligi
752 1549 952 1614 possit,
996 1548 1243 1613 equidem
1277 1548 1424 1598 haud

337 1621 625 1687 perspicio.
709 1618 866 1669 Conf.
913 1619 1142 1668 eundem
1195 1634 1249 1683 p.
1305 1617 1421 1668 146.

339 1691 624 1741 Caeterum
642 1689 735 1738 vix
762 1702 979 1738 monere
1005 1688 1221 1749 attinet,
1255 1702 1424 1753 quan-

338 1766 453 1810 tum
493 1760 581 1810 hic
613 1757 766 1809 locus
800 1756 986 1807 valeat
1015 1756 1088 1806 ad
1122 1757 1294 1822 ipsam
1314 1757 1422 1806 He·

337 1830 518 1880 rodoti
562 1827 930 1878 narrationem
985 1827 1209 1891 eiusque
1263 1825 1422 1876 fldem

337 1903 488 1950 recte
555 1896 987 1948 diiudicandam.
1057 1897 1258 1961 quippe
1328 1895 1422 1960 qui

338 1984 500 2034 quam
536 1971 793 2018 accurate
823 1964 1098 2016 discernat
1134 1967 1278 2014 inter
1310 1964 1425 2014 son-

339 2043 450 2100 tes,
500 2036 643 2086 unde
694 2034 940 2100 singula,
997 2049 1136 2100 quae
1179 2033 1423 2096 tradidit,

340 2107 621 2169 fluxerint,
670 2105 938 2166 neminem
989 2103 1178 2168 fugere
1220 2107 1422 2168 potest,

339 2176 434 2242 qui
456 2176 576 2241 ipse
597 2175 780 2225 omnia
799 2178 948 2224 recte
971 2173 1278 2224 discernere
1296 2187 1424 2222 ean-

340 2245 568 2310 demque
596 2244 762 2294 crisin
782 2243 1040 2294 adhibere
1073 2242 1223 2304 velit,
1262 2256 1424 2308 quam

337 2314 502 2380 longe
551 2318 679 2364 ante
725 2313 864 2363 hanc
905 2312 1079 2376 ipsam
1127 2317 1298 2362 artem
1345 2311 1425 2359 in-

339 2388 556 2434 ventam
580 2380 959 2447 excultamque
983 2382 1245 2431 historiae
1267 2385 1424 2445 pater

338 2469 548 2504 summa
588 2452 873 2517 diligentia
908 2450 1158 2500 adhibuit
1183 2448 1422 2500 luculen-

339 2529 529 2589 terque
575 2522 679 2572 hoc
724 2522 871 2584 1000,
925 2520 1018 2570 ubi
1066 2520 1136 2570 ad
1179 2518 1425 2584 singulas

339 2591 732 2657 Aegyptiorum
753 2605 839 2641 res
874 2595 1058 2652 gestas
1094 2589 1307 2639 accedit
1336 2588 1425 2638 de-

340 2660 657 2722 clarandas,
707 2659 986 2724 professus
1022 2664 1125 2708 est.
1201 2660 1322 2720 Qua
1360 2657 1426 2706 de

341 2748 399 2782 re
433 2730 544 2780 vid.
578 2729 941 2780 commentat.
972 2728 1175 2778 Herod.
1212 2730 1263 2790 §-
1300 2727 1354 2777 9.

409 2828 755 2898 Αἰγυπτίους
769 2825 1001 2896 ἔρχομαι
1010 2822 1142 2895 λόγο
1151 2845 1213 2886 υς
1233 2818 1426 2894 ἐρέων]

341 2902 504 2953 Haud
539 2900 898 2965 improbabile
945 2904 1055 2963 est,
1103 2899 1246 2965 quod
1288 2899 1429 2948 Hee-

343 2972 523 3025 renius
570 2970 766 3020 statuit
823 2968 1014 3033 (Ideen
1066 2968 1141 3032 11,
1198 2970 1251 3018 2.
1298 2982 1426 3032 pag.

343 3042 446 3093 208
484 3056 601 3106 seq.
640 3039 764 3090 coll.
804 3055 856 3104 p.
884 3040 982 3091 421
1023 3035 1224 3104 seqq),
1265 3052 1429 3102 quae-

344 3125 555 3176 cunque
603 3110 710 3159 iam
768 3124 833 3159 ex
879 3108 1152 3174 Aegyptia
1195 3106 1429 3157 historia

341 3181 715 3246 proferantur,
745 3194 812 3228 ea
844 3178 1314 3242 Memphiticorum
1341 3190 1429 3224 sa-

345 3249 625 3301 cerdotum
673 3246 832 3312 (quos
892 3248 1183 3312 praecipue
1229 3246 1429 3295 Noster

345 3317 647 3378 consuluit3
701 3316 811 3367 vid.
862 3316 936 3379 11,
976 3316 1030 3381 3)
1077 3332 1143 3365 ex
1190 3329 1284 3364 ore
1335 3314 1429 3363 flu-

345 3391 517 3450 xisse,
554 3385 855 3437 Diodorum
879 3400 1007 3436 vero
1033 3384 1324 3435 Thebanos
1347 3398 1430 3433 sa-

347 3456 596 3507 cerdotes
642 3464 884 3505 secutum
934 3470 1080 3516 esse,
1143 3451 1430 3503 Manetho-

347 3542 472 3576 nem
506 3522 891 3589 Heliopolitas.
962 3492 1122 3575 Unde
1166 3526 1315 3572 certe
1350 3521 1430 3570 in·

349 3594 636 3660 telligitur,
672 3593 764 3659 qui
789 3593 996 3643 factum
1019 3593 1118 3654 sit,
1151 3596 1214 3641 ut
1240 3590 1295 3639 in
1324 3590 1432 3639 sin-

350 3664 493 3730 gulis
527 3663 762 3728 Aegypti
796 3662 1014 3727 regibus
1053 3658 1433 3712 enumerandis

347 3733 428 3785 illi
460 3734 753 3798 scriptores
780 3736 1064 3797 tantopere
1085 3730 1431 3781 dissentiant.

349 3804 435 3854 De
469 3802 758 3884 participio
796 3791 824 3851 ἔ
834 3817 864 3865 ρ
885 3800 1015 3851 ε’ων
1048 3800 1193 3851 conf.
1236 3798 1431 3861 1,194.

352 3903 423 3913 -
453 3865 628 3922 κατὰ
671 3871 923 3937 rescripsi
954 3871 1176 3921 iubente
1211 3868 1433 3919 Struvio

353 3947 410 3992 et
442 3941 691 4003 Bredov„
729 3956 864 4006 quos
901 3940 1070 3991 citavi
1115 3940 1187 3989 ad
1222 3938 1269 4001 1,
1310 3937 1432 4000 208,

352 4027 476 4062 cum
499 4014 729 4063 recentt.
758 4010 880 4060 edd.
910 4026 1006 4089 pro
1030 4025 1114 4088 e0,
1138 3976 1282 4073 quod
1306 4005 1434 4057 olim
1491 4043 1498 4049 .

351 4079 634 4146 vulgatum
672 4084 816 4129 erat.
854 4071 996 4128 κάτά
1029 4070 1127 4140 τὰ,
1164 4077 1235 4126 cf.
1265 4076 1431 4127 etiam

349 4149 446 4213 IV,
482 4149 568 4200 76.
607 4146 705 4209 VI,
745 4146 831 4197 88.
901 4148 1005 4197 Est
1038 4162 1167 4197 vero
1200 4136 1343 4195 κατὰ
1378 4144 1434 4193 in

349 4218 436 4268 his
472 4217 710 4284 positum
740 4230 838 4281 pro
874 4206 1019 4267 κατ’
1057 4204 1253 4281 (καθ’)
1286 4202 1341 4264 ἅ.

419 4316 589 4369 τοῦτο
655 4311 762 4383 μὲν
817 4294 1270 4381 ἀπογεφυρῶσαι
1329 4310 1437 4378 τὴν

351 4383 611 4454 Μέμφιν]
650 4384 820 4437 τοῦτο
851 4378 1174 4451 μὲν,ι1ιιοι1
1211 4382 1436 4434 inferius

432 4489 767 4533 HERODO'I'.
815 4489 860 4529 1.

1525 1132 1789 1214 repetitur
1843 1134 1901 1183 in
1945 1135 2126 1185 verbis
2174 1133 2346 1186 τοῦτο
2394 1131 2499 1200 μὲν
2547 1128 2608 1187 ἐν

1524 1199 1681 1268 αυτῷ
1710 1194 1881 1252 πόλιν
1905 1201 2090 1253 κτίσαι
2109 1198 2338 1270 ταύτην,
2376 1209 2610 1285 pertinet

1524 1271 1594 1321 ad
1631 1270 1888 1322 alterum·
1930 1270 2103 1322 τοῦτο
2140 1268 2229 1335 δὲ,
2275 1273 2381 1324 τοῦ
2405 1266 2610 1340 Ηφαί-

1526 1354 1663 1389 στου
1697 1332 1762 1389 τὸ
1797 1333 1929 1404 ἱρὸν
1962 1357 2013 1391 κ.
2052 1358 2098 1390 τ.
2142 1342 2211 1405 λ.,
2260 1348 2321 1394 ut
2363 1346 2494 1395 bina
2528 1361 2610 1395 re-

1526 1410 1612 1475 gis
1658 1425 1825 1474 opera
1872 1411 2186 1462 sacerdotes
2231 1412 2399 1478 digna
2442 1415 2609 1464 habu·

1525 1478 1696 1541 erint,
1745 1494 1886 1545 quae
1928 1480 2208 1531 Herodoto
2266 1490 2607 1534 enarrarent.

1526 1547 1757 1598 alterum
1793 1564 1929 1614 opus
1950 1549 2103 1599 fluvii
2136 1550 2246 1602 alio
2275 1552 2495 1603 deducti
2525 1568 2610 1603 ur·

1523 1618 1718 1683 bisque
1752 1618 1810 1667 in
1843 1617 1968 1669 loco
2010 1621 2156 1670 sicco
2191 1621 2299 1670 iam
2335 1622 2608 1684 conditae,

1523 1687 1755 1737 alterum
1804 1687 1993 1753 templi
2053 1688 2321 1754 splendidi
2364 1691 2608 1742 Vulcano

1526 1756 1783 1807 dedicati.
1867 1758 2042 1818 Quam
2099 1764 2226 1809 ante
2278 1761 2447 1811 verba
2503 1753 2610 1824 τὴν

1524 1818 1770 1889 Μέμφιν
1815 1826 2026 1891 aliquot
2070 1826 2223 1889 libri,
2271 1844 2406 1893 quos
2455 1830 2610 1881 Gais-

1524 1894 1732 1945 fordius
1777 1901 1997 1946 secutus
2040 1902 2152 1959 est,
2198 1897 2406 1948 addunt
2445 1913 2610 1948 vocu-

1521 1964 1633 2014 lam
1680 1959 1823 2027 καὶ,
1888 1965 2138 2030 equidem
2207 1982 2328 2017 cum
2379 1973 2606 2018 recentt.

1526 2033 1649 2084 edd.
1677 2033 1829 2095 eieci,
1868 2034 2065 2099 quippe
2100 2040 2277 2086 ortam
2302 2052 2368 2086 ex
2391 2052 2610 2101 praece-

1525 2103 1706 2154 dentis
1742 2105 1892 2153 vocis
1928 2103 2142 2169 syllaba
2168 2110 2409 2156 extrema
2432 2122 2612 2172 neque

1529 2176 1715 2253 aptam
1769 2173 1838 2223 ad
1886 2172 2059 2238 ipsam
2108 2173 2216 2225 loci
2260 2176 2609 2226 sententiam.

1524 2270 1597 2279 --
1632 2232 2074 2306 ἀπογεφυρῶσαι
2105 2235 2213 2309 τὴν
2238 2240 2482 2308 Μέμφιν
2517 2261 2612 2295 va-

1525 2312 1625 2362 let:
1680 2314 1840 2361 locum
1885 2310 1963 2375 (in
2018 2328 2125 2378 quo
2172 2313 2440 2378 Memphis
2486 2318 2612 2379 post

1525 2384 1805 2431 exstructa
1841 2384 1947 2442 est)
1984 2396 2175 2447 a99ere
2206 2382 2395 2434 obiecto
2436 2401 2469 2433 a
2495 2384 2614 2434 Nilo

1514 2455 1728 2515 eiusque
1739 2451 2140 2502 inundationibus
2152 2459 2301 2502 tutum
2315 2461 2608 2516 praestare.

1525 2520 1668 2570 Nam
1691 2510 1972 2583 γεφύραιν,
2009 2520 2151 2571 unde
2176 2511 2609 2585 ἄπογεφυροῦν,

1527 2604 1638 2639 ιιοιι
1673 2586 1849 2638 solum
1875 2596 2086 2651 pontem,
2124 2589 2221 2639 sed
2255 2591 2419 2640 etiam
2457 2606 2610 2656 aqqe-

1526 2673 1633 2707 rem
1657 2656 1992 2721 significare,
2032 2658 2168 2708 satis
2191 2659 2490 2723 probarunt
2507 2658 2611 2709 viri

1527 2726 1704 2782 docti,
1742 2730 1804 2775 ut
1838 2724 2054 2775 minime
2087 2726 2141 2777 h.
2190 2726 2227 2777 l.
2263 2743 2398 2792 opus
2438 2730 2513 2778 sit
2538 2728 2613 2778 le·

1529 2810 1657 2861 gere
1690 2786 2189 2858 ἀποστενυγρῶσαι
2216 2794 2486 2861 (humorum
2504 2800 2614 2848 viae

1526 2864 1794 2915 occludere
1828 2871 1877 2913 ee
1911 2864 2230 2928 arefacere),
2269 2866 2614 2931 quemadmo-

1529 2934 1656 2984 dum
1696 2932 1823 2983 olim
1860 2934 2165 2985 coniecerat
2194 2935 2611 3002 Wesselingius.

1533 3031 1596 3040 —-
1618 3004 1702 3052 De
1739 3001 1893 3052 Mene
1927 3004 2039 3055 vid.
2076 3005 2147 3055 ad
2182 3004 2258 3067 11,
2286 3008 2319 3055 4
2340 3004 2434 3057 fin.
2471 3010 2613 3056 nott.

1528 3073 1710 3122 Unum
1763 3071 1907 3122 addo
1962 3074 2187 3126 Diodor.
2243 3074 2288 3137 1,
2356 3076 2443 3138 50,
2501 3075 2614 3138 ubi,

1530 3158 1671 3207 quae
1707 3142 1773 3192 de
1814 3140 1968 3192 Mene
2012 3143 2324 3194 Herodotus
2371 3144 2462 3194 hic
2509 3160 2618 3195 me-

1531 3211 1735 3262 moriae
1778 3212 2040 3277 prodidit,
2091 3213 2161 3263 ad
2213 3214 2487 3265 Uoltur-eum
2534 3229 2618 3263 re-

1531 3296 1654 3345 gem
1690 3281 2023 3345 referuntur,
2071 3283 2136 3333 de
2184 3298 2291 3348 quo
2336 3283 2409 3333 cf.
2459 3283 2614 3332 Wes-

1530 3348 1728 3427 seling.
1758 3355 1875 3401 not.

1533 3502 1587 3537 2..
1600 3432 1733 3535 '⁶3⁹2
1742 3407 2414 3553 ξ”ἓθίἱῗέἔὲἵᾌέὲάῗξ
2461 3407 2615 3567 ᾖξξὲζ

1534 3555 1605 3605 ad
1645 3555 1722 3616 11,
1774 3556 1840 3605 10
1895 3554 2276 3606 adnotavimus
2333 3553 2400 3602 de
2446 3554 2614 3618 priori

1533 3624 1645 3675 Nili
1679 3639 1841 3674 cursu
1872 3640 1970 3689 per
2005 3624 2214 3687 Libyae
2250 3623 2484 3673 deserta.
2535 3623 2616 3672 Ac

1535 3693 1713 3744 Nilum
1752 3693 1929 3757 ipsum
1966 3693 2012 3742 si
2050 3708 2112 3742 eo
2139 3692 2333 3742 itinere
2367 3690 2438 3740 ad
2468 3706 2617 3741 mare

1532 3761 1772 3813 volvisse
1826 3777 1996 3828 aquas
2042 3776 2235 3825 neges,
2297 3761 2413 3810 eius
2470 3765 2617 3811 certe

1534 3831 1754 3882 fluvium
1780 3830 1897 3881 sive
1923 3835 2129 3895 partem
2154 3831 2233 3880 sic
2261 3829 2482 3879 fluxisse
2510 3829 2619 3880 exi·

1532 3900 1861 3951 stimandum
1895 3900 2017 3950 erit.
2083 3900 2237 3960 Quae
2253 3898 2510 3950 Heereuii
2532 3904 2618 3949 est

1533 3969 1805 4021 sententia
1840 3968 2007 4020 Ideen
2043 3973 2148 4019 etc.
2188 3969 2262 4030 11,
2305 3970 2358 4019 2.
2394 3983 2521 4034 pag.
2550 3969 2616 4018 77

1534 4054 1649 4104 seq.
1671 4037 1795 4089 coll.
1831 4039 2052 4088 Dureau
2073 4038 2139 4088 de
2159 4037 2213 4087 la
2230 4037 2396 4088 Malle
2415 4035 2616 4102 Geogr.

1533 4108 1748 4173 physiq.
1784 4112 1888 4158 etc.
1928 4123 2055 4172 pag.
2093 4106 2159 4158 37
2201 4121 2313 4173 seq.
2384 4107 2470 4156 Tu
2505 4106 2618 4157 vid.

1536 4178 1700 4228 ctiam
1727 4175 2055 4229 Wilkinson.
2076 4177 2280 4241 Egypt.
2306 4175 2416 4226 and
2444 4175 2616 4225 Theb.

1534 4262 1664 4312 pag.
1701 4243 1806 4296 340
1841 4261 1956 4311 seq.
1987 4250 2041 4296 et
2073 4246 2364 4309 praecipue
2397 4246 2618 4295 Bunsen

1533 4315 1575 4367 l.
1610 4313 1649 4365 l.
1684 4330 1738 4379 p.
1776 4314 1847 4365 40
1880 4330 1995 4380 seq.
2034 4313 2298 4378 Parthey.
2342 4313 2459 4363 Das
2506 4311 2620 4362 Nil·

1535 4382 1655 4434 thal
1688 4399 1740 4449 p.
1775 4382 1896 4435 128.
1935 4410 2003 4420 -—
2036 4383 2165 4433 Mox
2204 4381 2398 4446 scripsi
2444 4370 2621 4444 οὖρος

2176 4464 2251 4525 41
