3109 5092
1230 378 1484 443 OLIO.
1530 381 1584 441 Ι.
1633 388 1722 444 72.
2503 383 2623 445 159

332 550 563 640 λήνων
584 550 832 641 Σύριοι
875 548 1389 642 οὖνομᾶξονται·
1445 544 1622 642 ἦσαν
1650 553 1726 624 δὲ
1756 559 1827 623 οἰ
1844 551 2090 641 Σύριοι
2120 543 2305 624 οὗτοι
2321 606 2341 641 ,
2383 553 2458 625 τὸ
2496 556 2625 646 μὲν

334 654 665 745 πρότερον
702 650 746 744 ἢ
772 658 1039 745 Πέρσας
1079 653 1305 747 ἄρξαι,
1357 657 1628 747 Μήδων
1668 657 2017 746 κατήκοοι,
2066 659 2217 726 τότε
2262 658 2337 727 δὲ
2363 658 2621 748 Κύρου.

332 753 369 827 ὁ
394 756 525 849 γὰρ
552 749 754 849 οὖρος
779 750 867 848 ἦν
891 765 1007 848 τῆς
1033 787 1105 829 τε
1133 767 1452 850 Μηδικῆς
1491 758 1696 851 ἀρχῆς
1741 762 1853 831 καὶ
1887 765 2006 849 τῆς
2030 758 2390 851 Λυδικῆς’
2359 789 2396 830 ο
2422 760 2625 844 ’Ἀλυς

332 860 662 951 ποταμὸς,
709 858 784 943 ὃς
823 865 962 953 ῥέει
1005 861 1073 946 ἐξ
1112 861 1467 955 Ἀρμενίου
1509 861 1747 954 οὔρεος
1795 862 1908 934 διὰ
1943 870 2285 951 Κιλίκων,
2341 865 2506 956 μετὰ
2549 867 2625 936 δε

332 1021 388 1087 ἐς
425 1026 875 1095 Καππαδοκίαν,
915 1032 997 1081 ita
1032 1035 1111 1095 ut,
1141 1047 1283 1098 quae
1319 1032 1423 1083 hoc

331 1115 453 1165 cap.
487 1101 572 1150 71.
610 1105 933 1165 narrantur,
982 1103 1307 1167 interposita
1343 1118 1425 1153 re·

328 1170 515 1235 liquae
558 1171 864 1221 narrationi
911 1171 1309 1237 quodammodo
1345 1175 1425 1223 vi-

331 1239 583 1290 deantur.
632 1242 736 1290 Est
770 1256 899 1291 vero
938 1242 1074 1292 illud
1110 1243 1457 1307 tenendums

333 1310 529 1374 Syriae
565 1325 762 1360 nomen
794 1311 1104 1377 ‘antiquitus
1140 1312 1312 1363 multo
1348 1313 1425 1363 la-

330 1380 446 1429 tius
502 1380 751 1444 patuisse
800 1396 834 1431 a
891 1380 1200 1446 Babylonia
1253 1398 1430 1449 usque

335 1449 408 1499 ad
433 1449 763 1515 Aegyptum,
800 1450 1049 1502 Ciliciam
1074 1467 1333 1518 oramque
1368 1452 1430 1502 il-

332 1519 627 1569 lammaris
657 1520 1040 1573 mediterranei
1066 1522 1299 1588 indeque
1317 1538 1432 1573 rur-

334 1605 431 1639 sus
490 1589 561 1639 ad
618 1591 856 1641 Pontum
904 1593 1178 1643 Euxinum
1237 1608 1432 1659 usque.

335 1659 523 1711 Testis
561 1664 646 1709 est
681 1659 880 1711 Strabo
931 1662 1081 1713 XIV.
1124 1678 1182 1743 p.
1230 1664 1329 1713 737
1382 1678 1428 1713 s.

337 1730 467 1780 1071
519 1730 594 1779 A:
650 1725 819 1779 donst
848 1724 911 1780 δὲ
960 1726 1023 1781 τὸ
1070 1732 1185 1781 τῶν
1220 1724 1433 1795 Σύρων

335 1790 523 1862 ὄνομα
556 1795 838 1848 διατεῖναι
873 1791 991 1850 ἀπὸ
1008 1795 1133 1881 μὲν
1176 1799 1277 1865 τῆς
1320 1801 1430 1849 Βα-

332 1866 618 1947 βνλωνίας
639 1867 826 1945 μέχρι
869 1867 973 1919 τοῦ
1008 1861 1258 1920 Ἰσσικοῦ
1301 1863 1430 1919 κόλ-

333 1951 485 1987 που·
544 1929 660 1986 ἀπὸ
701 1932 792 2016 ,δὲ
846 1932 1056 1989 τούτου
1106 1936 1268 2005 μέχρι
1325 1936 1429 1989 τοῦ

333 1998 622 2067 Εὐξείνου
658 1998 723 2056 τὸ
754 2002 1017 2059 παλαιόν.
1081 2012 1264 2072 Quare
1293 2011 1431 2074 Cap-

334 2077 575 2143 padoces
613 2076 756 2127 idem
792 2078 948 2129 addit
980 2080 1352 2145 Leucosyms,
1390 2080 1428 2129 i.

335 2163 387 2197 e.
428 2146 581 2196 albos
618 2147 786 2211 Syros
817 2149 1031 2211 vocari,
1070 2148 1287 2215 aliaque
1322 2164 1433 2199 mo·

340 2221 438 2266 net
475 2216 543 2266 de
578 2217 751 2282 Syris,
784 2219 879 2283 qui
894 2218 1178 2284 Babylone
1215 2234 1281 2269 ac
1301 2218 1431 2270 Nini

337 2302 568 2351 regnum
607 2288 1011 2340 constituerint.
1051 2289 1296 2355 Namque
1322 2305 1432 2339 om·

336 2371 470 2418 nes,
534 2362 805 2422 quotquot
858 2359 1181 2409 Aramaicae
1241 2359 1439 2422 stirpis

335 2427 610 2476 habentur
654 2432 873 2492 gentes,
926 2430 1026 2478 hoc
1081 2428 1301 2478 nomine
1344 2428 1433 2478 de·

337 2497 596 2561 signatae
641 2512 761 2547 esse
805 2498 1077 2549 videntur.
1151 2498 1433 2564 Cappado-

338 2581 453 2628 ces,
491 2566 583 2630 qui
620 2567 692 2616 ad
725 2568 1096 2631 Armenicum,
1147 2584 1285 2634 quae
1322 2583 1432 2618 non

338 2636 458 2686 alia
503 2640 587 2685 est
628 2641 795 2701 atque
841 2638 1156 2701 Aramaica‚
1205 2639 1433 2702 stirpem

336 2706 1392 2843 2322322211.¹²22¹.3¹..⁸¹31‘⁶55;?:3⁶.3”
1361 2725 1434 2828 :3

337 2844 802 2928 Thermodontem
834 2846 1186 2929 habitabant,
1240 2853 1336 2898 aut
1372 2848 1431 2911 ii,

335 2914 894 3050 ἓὲὲαξῗιῗῗέἒωὲἒὲ.
922 2916 1434 3038 Ἐέἒιῗῖἒῗιὲωἷῖῗ

338 3054 503 3104 conf.
550 3054 876 3107 Billerbeck.
936 3059 1021 3108 De
1054 3057 1222 3108 Asiae
1257 3059 1434 3108 Hero-

337 3124 457 3174 dot.
516 3123 903 3178 difficilioribb.
972 3127 1218 3192 Gotting.
1275 3126 1431 3178 1794.

338 3208 516 3329 Ιι)ι;ι’ξι(ει·
520 3196 1144 3333 'anzffigerng-efgssgt
1148 3198 1283 3331 pa}³
1273 3211 1433 3318 θι18043

338 3333 684 3384 Herodotum
723 3341 902 3387 autem
946 3337 1014 3386 de
1056 3337 1312 3387 Armenia
1344 3336 1434 3386 hic

340 3404 496 3486 loqui
528 3408 694 3470 atque
716 3405 912 3457 incolis
948 3406 1108 3457 huius
1135 3410 1314 3457 terrae
1338 3421 1434 3456 an-

339 3476 1435 3611 Qfflmgfflfl‘fflusssshoessitssssmiiss

340 3613 571 3664 Rennel.
611 3614 810 3681 Geogr.
863 3617 915 3667 d.
952 3616 1158 3666 Herod.
1206 3632 1259 3680 p.
1308 3616 1432 3668 484.

341 3684 544 3733 Bitter.
578 3684 875 3737 Erdkunde
908 3686 989 3737 11.
1028 3700 1155 3751 pag.
1194 3685 1317 3737 783.

417 3779 647 3855 Συριοι]
675 3790 764 3841 Ita
792 3793 1107 3840 constanter
1137 3790 1226 3840 hic
1249 3802 1435 3839 omnes

345 3855 490 3920 libri,
527 3859 620 3922 qui
656 3859 791 3909 alibi
836 3858 919 3923 (ut
957 3859 1004 3922 1,
1051 3859 1104 3910 6.
1151 3859 1278 3923 VII,
1321 3858 1433 3925 72.)
1459 3886 1475 3903 .

346 3927 405 3975 in
441 3927 677 3979 lectione
709 3921 894 3994 Σύροι
932 3928 1268 4007 conspirant,
1306 3930 1437 3980 Bre-

347 3995 509 4046 dovio
537 4003 763 4050 auctore
794 4015 849 4065 p.
890 3999 975 4051 70.
1016 3998 1075 4048 in
1092 3990 1300 4063 Σύριοι
1325 4015 1437 4049 ιιιιι-

276 4072 285 4081 ·
347 4064 538 4118 tanda.

418 4155 565 4232 ἦσαν
601 4165 665 4220 δὲ
712 4163 773 4220 οἱ
816 4162 1049 4238 Σύριοι]
1088 4158 1236 4236 ἦσαν
1270 4173 1340 4223 ob
1377 4171 1438 4221 li-

348 4236 567 4289 brorum
592 4241 920 4306 scriptorum
946 4256 1268 4292 consensum
1323 4257 1439 4292 rae-

352 4306 574 4359 tulimus
635 4309 898 4376 vulgatae
966 4311 1188 4362 lectioni
1311 4326 1437 4377 σαν,

352 4390 493 4439 quae
536 4380 735 4430 Aldina
771 4386 1079 4447 propagata
1125 4385 1262 4433 erat.
1308 4382 1434 4434 Vid.

351 4448 514 4498 modo
538 4450 770 4502 Bredov.
797 4467 853 4516 p.
892 4452 1016 4503 406.

1597 1022 1711 1097 ὄέει
1745 1020 1803 1092 ἐξ
1834 1021 2123 1096 Ἀρμενίου
2156 1021 2361 1095 οὔρεος
2396 1024 2496 1081 διὰ
2517 1031 2624 1081 Κι-

1526 1099 1718 1167 λίκων]
1767 1101 1974 1152 Montis
2019 1101 2248 1152 Armenii
2289 1100 2442 1152 nulla
2488 1102 2623 1152 alibi

1527 1171 1759 1233 mentio,
1818 1172 1927 1221 nisi
1975 1171 2122 1236 apud
2176 1187 2342 1222 unum
2389 1173 2622 1238 Dionys.

1525 1242 1800 1307 Perieget.
1840 1243 1964 1305 694,
1999 1242 2095 1291 ubi
2122 1241 2319 1292 Phasis
2348 1242 2477 1292 inde
2500 1258 2625 1308 pro-

1528 1311 1698 1361 fluere
1719 1311 1936 1362 dicitur.
1966 1313 2151 1373 Quare
2167 1313 2478 1377 suspicatur
2492 1313 2625 1362 Lar-

1531 1381 1745 1443 cherus,
1768 1381 2000 1432 indicari
2020 1381 2193 1432 Tauri
2223 1383 2460 1448 aliquem
2478 1398 2627 1433 mon-

1533 1456 1644 1501 tem
1671 1451 1730 1500 in
1752 1451 1964 1515 Cilicia,
1986 1451 2481 1518 intelligendosque
2505 1467 2628 1503 esse

1533 1521 1751 1571 omnino
1785 1522 2075 1572 Armeniae
2110 1537 2251 1587 quae
2285 1538 2431 1573 nunc
2465 1538 2627 1572 voca-

1533 1596 1625 1640 tur
1659 1595 1838 1642 terrae
1876 1596 2087 1643 montes
2127 1593 2222 1655 (cf.
2270 1593 2427 1643 Tom.
2465 1592 2624 1643 VIII.

1532 1677 1661 1726 pag.
1704 1662 1812 1725 50).
1851 1662 2027 1711 Multo
2064 1663 2375 1712 accuratius
2411 1664 2468 1712 in
2494 1663 2627 1712 haec

1536 1731 1825 1795 inquisivit
1859 1732 2059 1781 Ritter.
2109 1730 2407 1781 Erdkunde
2443 1732 2508 1783 T.
2547 1731 2625 1781 11.

1533 1814 1661 1864 pag.
1703 1800 1826 1850 716.
1897 1801 2004 1862 Qui
2040 1787 2216 1862 οὖρος
2249 1800 2301 1852 h.
2340 1801 2376 1851 l.
2417 1817 2523 1851 non
2561 1800 2626 1849 de

1532 1884 1642 1919 ιιιιο
1678 1873 1881 1931 monte,
1920 1868 2018 1919 sed
2054 1869 2122 1919 de
2145 1870 2408 1920 montium
2445 1874 2628 1920 tractu

1534 1937 1950 2004 intelligendum
2014 1953 2135 1989 esse
2182 1947 2392 2002 monet,
2453 1954 2628 2005 neque

1536 2009 1704 2059 alium
1764 2008 1855 2058 hic
1911 2008 2144 2058 indicari
2194 2013 2459 2073 montem,
2518 2008 2629 2059 nisi

1532 2078 1860 2144 Paryadrem
1950 2078 2116 2143 (unde
2192 2078 2333 2129 alter
2393 2080 2630 2144 profluat

1533 2149 1745 2214 Halyos
1794 2148 1917 2197 fons
1974 2148 2419 2213 septentrionalis
2468 2165 2628 2214 prae-

1532 2225 1618 2268 ter
1649 2218 1919 2269 Sebasten
1947 2233 1992 2269 a.
2019 2218 2216 2284 Siwas)
2249 2218 2339 2269 vel
2369 2220 2630 2285 Arqaem

1532 2294 1791 2351 montem,
1823 2289 1919 2353 qui
1956 2288 2255 2339 altissimus
2291 2290 2529 2340 omnium
2567 2289 2628 2339 il-

1532 2358 1605 2408 lic
1654 2325 1869 2408 dica'tur
1920 2360 2210 2422 montium,
2266 2376 2333 2410 ex
2401 2375 2506 2425 quo
2571 2360 2628 2408 in

1535 2434 1825 2492 utrumque
1866 2443 2016 2478 mare
2050 2434 2242 2494 pateat
2286 2434 2626 2495 prospectus,

1535 2501 1593 2547 et
1629 2513 1695 2547 ex
1731 2513 1838 2562 quo
1876 2497 2014 2549 alter
2052 2499 2262 2563 Halyos
2313 2501 2435 2549 fons
2471 2499 2627 2549 meri-

1536 2567 1771 2618 dionalis
1808 2568 2131 2631 proveniens
2169 2568 2493 2619 Caesaream
2511 2570 2627 2617 Ma·

1535 2652 1723 2687 zacam
1795 2636 2248 2701 praeterlabatur.
2325 2639 2627 2702 Utrumque

1534 2712 1775 2758 montem
1810 2706 1881 2756 ad
1917 2722 2038 2757 eum
2071 2708 2344 2771 pertinere
2369 2712 2625 2769 tractum,

1533 2793 1694 2842 quem
1729 2777 2059 2841 posteriores
2108 2777 2410 2842 geographi
2444 2775 2628 2842 appel-

1532 2846 1740 2898 latione
1772 2847 1949 2896 minus
1986 2851 2248 2897 accurata
2294 2863 2360 2897 ac
2404 2845 2629 2896 definita

1534 2916 1872 2982 designarint
1922 2916 2268 2974 Antitaurum5
2339 2921 2627 2981 utrumque

1534 2988 1596 3037 in
1639 2986 2070 3037 occidentalibus
2118 2987 2234 3037 eius
2280 2991 2459 3038 terrae
2505 3002 2626 3037 esse

1534 3056 1750 3119 finibus,
1784 3072 1923 3123 quae
1958 3057 2131 3107 serius
2167 3057 2441 3109 Armeniae
2473 3057 2627 3107 mireo-

1534 3130 1612 3178 ris
1645 3142 1843 3177 nomeu
1877 3127 2183 3193 acceperit,
2221 3133 2319 3178 aut
2350 3129 2533 3193 potius
2569 3128 2627 3176 in

1537 3197 1660 3261 ipsa
1695 3196 2071 3262 Cappadocia,
2122 3196 2192 3247 ad
2242 3213 2404 3262 quam
2453 3211 2627 3262 usque

1534 3266 1804 3316 Herodoti
1857 3267 2116 3317 Armenia
2168 3269 2463 3332 pertineat.
2539 3265 2626 3317 Ad

1533 3336 1803 3387 Herodoti
1876 3337 2054 3387 locum
2131 3337 2343 3387 consuli
2409 3350 2626 3401 quoque

1533 3406 1735 3470 poterit
1745 3404 1940 3457 Vivien
1958 3406 2025 3456 de
2040 3406 2423 3456 Saint-Martin
2437 3406 2501 3472 (J
2506 3419 2626 3455 our-

1535 3475 1627 3525 nal
1674 3474 1770 3526 des
1807 3476 2061 3541 Voyages
2107 3475 2239 3525 1847
2278 3473 2434 3525 Juill.
2476 3490 2532 3538 p.
2569 3474 2622 3523 6.

1537 3544 1634 3610 7.),
1700 3545 1768 3595 de
1814 3545 1901 3595 his
1953 3543 2268 3608 regionibus
2329 3543 2623 3593 disserens.

1536 3614 1707 3679 Halys
1754 3612 1950 3665 fluvius
1995 3627 2138 3663 nunc
2186 3617 2417 3663 vocatur
2465 3613 2626 3663 Risit-

1535 3684 1724 3747 [rmac,
1746 3684 1782 3734 i.
1814 3699 1861 3733 e.
1892 3684 2076 3748 fluvius
2110 3682 2282 3747 ruber,
2310 3687 2373 3733 ut
2407 3683 2517 3733 iam
2554 3682 2625 3732 ad

1538 3753 1586 3815 Ι,
1624 3754 1677 3804 6.
1718 3752 2174 3819 significavimusz
2211 3751 2279 3803 de
2326 3753 2481 3803 cuius
2529 3752 2626 3803 flu-

1535 3823 1615 3873 vii
1665 3837 1828 3873 cursu
1870 3826 2129 3874 accurate
2176 3838 2322 3873 nunc
2358 3823 2624 3888 disputat,

1534 3892 1670 3958 ipsis
1728 3892 1863 3944 loeis
1916 3892 2205 3957 inspeetis,
2251 3891 2632 3944 Tchihatcheff

1533 3962 1668 4013 Asie
1701 3963 1943 4013 mineure
1981 3962 2027 4012 Ι.
2057 3978 2109 4028 p.
2153 3963 2251 4015 168
2288 3978 2435 4028 seq„
2473 3964 2627 4014 item-

1538 4048 1646 4099 que
1681 4033 1878 4083 Texier
1913 4033 2187 4097 Descript.
2227 4033 2295 4084 de
2329 4033 2497 4084 l'Asie
2529 4033 2626 4083 mi-

1537 4118 1703 4154 neure
1754 4103 1831 4155 11.
1886 4118 1941 4167 p.
1988 4104 2055 4154 47
2103 4118 2219 4168 seq.
2273 4107 2330 4154 et
2375 4102 2626 4168 Chesney

1538 4174 1750 4238 Survey
1785 4176 1845 4223 of
1873 4173 2203 4238 Expedition
2252 4178 2360 4224 etc.
2411 4173 2460 4224 I.
2495 4189 2549 4237 p.
2590 4171 2624 4222 3

1534 4258 1690 4308 seqq.
1725 4244 1811 4294 De
1836 4249 2020 4294 monte
2053 4243 2264 4308 Arqaeo
2299 4243 2441 4294 idem
2468 4241 2627 4301 '1'th-

1533 4312 1780 4363 hutcheff
1811 4312 1849 4364 l.
1895 4313 1932 4364 l.
1969 4330 2024 4379 p.
2060 4312 2165 4365 439
2200 4328 2352 4378 seqq.
2410 4310 2624 4377 quaesi-

1535 4383 1618 4433 vit
1654 4383 1771 4433 eius
1817 4388 2069 4434 naturam
2116 4386 2171 4433 et
2212 4380 2456 4446 singulas
2501 4394 2623 4444 par-

1535 4456 1620 4503 tes
1650 4468 1861 4504 summa
1895 4467 2026 4502 cura
2054 4455 2448 4517 perscrutatus,
2471 4447 2623 4499 addi-
