3109 5092
1233 391 1486 453 CLIO.
1533 394 1586 452 I.
1636 401 1757 455 125.

2501 395 2618 458 261

256 578 495 633 63σαι·
531 559 1015 653 Πασαργάδαι,
1060 563 1453 653 Μαράφιοι,
1500 564 1830 634 Μάσπιοι.
1892 564 2155 636 τούτων
2181 569 2626 658 Πασαργάδαι

348 782 498 816 more
544 764 749 816 dictum
797 779 895 828 pro
931 754 1240 828 ἤρτηνταις
1291 767 1439 818 conf.

349 836 464 899 111,
508 832 838 896 leva!
887 834 993 896 VI
1037 835 1156 887 109.
1209 835 1437 900 ΙΧ,.68

351 905 436 955 Cf.
479 903 712 956 Bredov'.
775 918 829 967 p.
875 902 978 952 328
1019 919 1172 969 seqq.
1234 905 1297 956 de
1354 905 1438 955 his

353 974 540 1024 formis
563 977 820 1023 accurate
839 979 894 1022 et
915 974 1138 1037 copiose
1162 974 1440 1055 disputan-

350 1049 485 1104 tem3
559 1043 653 1107 qui
709 1041 848 1092 idem
909 1058 962 1106 p.
1022 1042 1123 1094 293
1177 1034 1440 1107 ἠρτέαται

352 1112 519 1163 scribi
572 1110 719 1172 vult,
785 1126 907 1160 cum
970 1111 1026 1160 in
1082 1112 1326 1176 perfecto
1385 1118 1441 1163 et

353 1179 883 1246 plusquamperfecto
910 1180 1070 1229 huius
1094 1182 1246 1231 verbi
1277 1198 1310 1231 a
1330 1183 1438 1233 No-

353 1256 468 1302 stro
504 1250 802 1299 retineatur
826 1254 1200 1314 augmentum:
1238 1267 1304 1301 ex
1330 1267 1439 1325 qua

354 1320 543 1371 eadem
579 1333 749 1369 causa
761 1317 946 1400 paulo
984 1324 1114 1369 ante
1142 1336 1241 1401 pro
1268 1312 1437 1370 συνά-

353 1390 471 1439 λισε
510 1388 651 1438 idem
682 1375 848 1438 scr'ibi
882 1388 1034 1439 iubet
1059 1382 1318 1453 συνήλισε
1348 1390 1440 1439 ad·

355 1460 544 1523 (litque
565 1456 768 1507 Suidae
754 1456 1048 1534 glossam,
1073 1458 1313 1508 sortasse
1333 1460 1439 1509 huc

354 1531 716 1605 spectantem:
743 1515 927 1589 ἥλισε·
954 1519 1320 1591 συνήθροισε.
1352 1529 1440 1578 Iu·

354 1598 419 1647 de
456 1588 717 1676 συνήλισε
753 1610 969 1660 quoque
996 1595 1166 1646 edidit
1189 1597 1436 1659 Dietsch‚

355 1666 450 1732 qui
468 1655 732 1727 ἀρτέαται
752 1665 1020 1714 intactum
1040 1664 1277 1730 reliquit.
1303 1667 1439 1716 Mihi

352 1737 408 1785 in
477 1749 538 1784 re
607 1739 720 1782 tam
781 1733 994 1783 incerta
1057 1739 1278 1798 tamque
1341 1736 1440 1784 flu-

352 1809 576 1856 ctuante
620 1803 795 1852 satius
841 1803 1130 1852 videbatur
1181 1803 1438 1853 librorum

351 1876 689 1926 vetustorum
717 1873 1100 1921 auctoritatem
1123 1875 1295 1938 sequi.
1335 1875 1440 1923 Ne-

353 1958 458 2008 que
497 1941 625 1991 inde
658 1946 875 1990 secutus
913 1957 1031 1991 sum
1070 1941 1291 2003 Sti-uve,
1346 1943 1440 2006 qui

355 2014 410 2061 in
448 2009 948 2073 Quaest.Herodd.
988 2010 1232 2090 Spec.1.
1279 2007 1344 2090 p·
1372 2014 1440 2061 44

353 2082 410 2131 in
447 2080 625 2130 verbis
658 2079 1026 2158 sequentibus
1047 2072 1124 2144 (ἐξ
1162 2068 1244 2128 ὧν
1274 2068 1441 2128 ὧλλοι

343 2139 563 2206 -πάντες
597 2164 647 2197 τι.
671 2164 716 2210 f.
745 2140 912 2211 ³..){n
950 2164 1065 2197 των
1099 2149 1289 2213 reponi
1323 2148 1442 2199 vult

353 2219 508 2269 libris
554 2217 769 2278 invitis,
831 2218 1027 2281 quibus
1075 2217 1177 2267 hoc
1224 2217 1344 2267 loco
1386 2223 1442 2268 et

353 2287 594 2338 Dindors
627 2292 683 2336 et
712 2254 940 2336 D’ietsch
967 2294 1282 2352 paruerunt.
1333 2288 1440 2338 Pro

354 2345 550 2412 ὦλλοι,
607 2354 750 2421 quod
795 2355 922 2405 olim
971 2357 1253 2440 vulgatum
1304 2361 1440 2419 erat,

355 2425 480 2477 dedi
526 2393 693 2473 ὧλλοι
749 2421 807 2486 (i.
847 2440 895 2475 e.
946 2418 1006 2474 οἷ
1044 2422 1260 2488 ἄλλοι),
1324 2426 1437 2476 vid.

354 2494 588 2546 Bredov.
626 2510 679 2557 p
711 2494 833 2544 201.
871 2522 935 2530 -—
975 2494 1261 2545 Caeterum
1299 2494 1439 2545 falsa

354 2564 590 2614 lectione
617 2561 871 2612 inductus
896 2563 1203 2628 Stephanus
1229 2566 1440 2628 Byzan-

355 2634 503 2683 tinus
546 2648 613 2682 ex
653 2632 758 2682 hoc
801 2631 922 2682 loco
969 2637 1214 2683 recenset
1247 2633 1440 2684 Arten-

354 2711 462 2760 tas,
500 2706 736 2766 gentem.

427 2763 819 2835 Πασαργάδαι]
873 2769 1043 2819 Primi
1090 2774 1254 2835 atque
1290 2771 1442 2821 nobi-

353 2840 547 2889 lissimi
585 2855 614 2889 e
649 2838 860 2898 Persis,
899 2853 1141 2903 quosque
1178 2855 1303 2888 mox
1334 2840 1442 2889 No·

357 2915 471 2958 ster
506 2899 774 2971 ἀρίστους
810 2905 949 2956 hanc
985 2907 1055 2956 ob
1092 2923 1314 2958 causam
1350 2924 1442 2974 ap·

357 2976 549 3042 pellat,
608 2977 936 3026 Graecorum
991 2991 1138 3027 more
1193 2977 1440 3042 loquens,

359 3047 452 3111 qui
500 3060 698 3108 genere
743 3048 1084 3108 praestantes
1131 3051 1186 3096 et
1231 3047 1441 3098 nobiles

360 3133 405 3165 s.
434 3115 723 3177 optimates
758 3113 838 3163 sic
865 3113 1137 3178 appellare
1172 3115 1442 3169 solebant.

359 3187 510 3247 Quas
546 3198 675 3233 vero
713 3182 848 3233 haec
885 3198 1018 3247 gens
1057 3185 1233 3234 tenuit
1268 3187 1444 3250 regio-

361 3269 486 3316 nes,
530 3252 586 3302 in
631 3253 699 3301 iis
739 3251 913 3317 Cyrus
963 3257 1090 3317 post
1138 3254 1445 3304 condidisse

359 3323 534 3372 fertur
575 3321 760 3372 urbem
811 3320 960 3371 illam
1000 3321 1241 3372 eiusdem
1277 3325 1446 3373 nomi-

360 3392 465 3455 nis,
503 3391 682 3442 sedem
706 3391 931 3456 regiam,
969 3391 1109 3441 bene
1131 3396 1313 3441 tamen
1339 3393 1447 3443 dis-

360 3459 686 3511 cernendam
728 3476 762 3509 a
797 3460 1078 3524 Persepoli
1127 3461 1277 3511 urbe.
1352 3462 1447 3512 At-

362 3545 467 3594 que
495 3530 658 3579 etiam
691 3543 835 3578 nnnc
857 3530 996 3578 Fusa
1024 3544 1069 3579 s.
1093 3531 1234 3580 Pasa
1261 3546 1446 3581 unam-

362 3614 632 3664 quamque
665 3597 850 3647 urbem
888 3598 998 3648 dici
1032 3598 1251 3662 volunt,
1307 3616 1447 3664 quae

361 3668 615 3732 frequens
661 3668 736 3716 sit
770 3670 824 3715 et
861 3667 999 3716 satis
1034 3667 1234 3733 ampla.
1291 3669 1447 3720 Haec

363 3737 537 3800 prima
569 3737 857 3786 Persarum
892 3752 1027 3800 gens
1063 3740 1276 3787 tantum
1315 3754 1446 3802 prae

363 3804 584 3870 reliquis
608 3803 928 3855 excelluisse
949 3806 1192 3866 videtur,
1218 3812 1280 3856 ut
1300 3807 1448 3858 haud

363 3873 561 3923 iniuria
596 3873 798 3924 dixerit
828 3874 1065 3926 Heeren.
1099 3875 1137 3925 l.
1173 3875 1211 3926 l.
1247 3893 1302 3941 p.
1323 3875 1446 3940 398,

363 3947 604 3993 nostram
625 3944 914 3993 Persarum
939 3944 1226 3994 historiam
1250 3960 1449 4010 nequa-

363 4027 523 4076 quam
571 4012 644 4062 ad
689 4012 999 4062 universum
1034 4014 1320 4063 Persarum
1355 4030 1449 4078 po-

362 4080 548 4145 pulum
572 4082 861 4146 pertinere,
889 4083 986 4133 sed
1012 4083 1302 4147 primarum
1327 4087 1450 4133 tan-

362 4154 477 4199 tum
522 4165 643 4200 esse
695 4151 939 4216 gentium
997 4155 1163 4216 atque
1207 4152 1450 4215 inprimis

361 4219 799 4284 Pasargadai-um
842 4221 1044 4285 gentis.
1115 4221 1303 4285 Neque
1346 4221 1452 4270 hoc

362 4287 433 4337 ab
479 4287 824 4339 orientalium
871 4290 1034 4338 rebus
1075 4288 1337 4350 alienum,
1388 4293 1452 4339 ut

311 4399 320 4406 .
361 4357 522 4420 periti
558 4357 760 4408 sciunt.
817 4358 969 4408 Inter
1005 4355 1241 4407 familias
1269 4361 1451 4407 autem

362 4424 637 4492 singulas,
675 4427 872 4495 quibus
906 4427 1042 4480 haec
1079 4442 1213 4493 gens
1249 4427 1335 4491 (ut
1369 4442 1452 4477 re·

1536 765 1725 831 liquae
1745 764 1965 831 gentes)
1983 769 2290 830 constabat,
2314 769 2486 832 primo
2507 769 2628 822 loco

1539 836 1968 886 Achaemenidas
2007 836 2177 886 fuisse
2213 853 2278 887 ex
2307 837 2495 888 eodem
2522 841 2631 890 He-

1539 905 1736 954 rodoto
1775 905 2059 966 discimus3
2116 906 2314 971 quippe
2356 923 2385 956 e
2432 909 2628 972 quibus

1539 990 1697 1038 reges
1736 975 1913 1024 exiere
1938 975 2246 1025 Persarum.
2319 977 2472 1038 Quae
2510 979 2631 1041 ipsa

1542 1049 1879 1109 quantopere
1912 1059 2036 1093 cum
2080 1044 2425 1096 orientalium
2462 1062 2629 1111 popu-

1540 1113 1715 1163 lorum
1766 1129 1831 1162 ac
1875 1128 2163 1177 regnorum
2214 1114 2392 1165 indole
2436 1131 2630 1166 conve-

1541 1183 1722 1244 niant,
1773 1183 1913 1232 idern
1950 1188 2341 1233 commonstrat
2375 1185 2442 1234 V.
2479 1186 2551 1236 D.
2588 1185 2626 1236 l.

1540 1251 1584 1301 l.·
1618 1267 1670 1315 p.
1704 1251 1824 1313 399,
1863 1252 1954 1300 ubi
1992 1251 2102 1300 alia
2128 1252 2356 1302 aliarum
2387 1255 2630 1320 gentium

1543 1321 1799 1371 instituta
1849 1320 2051 1370 similia
2102 1323 2329 1385 profert.
2401 1325 2486 1373 Ad
2522 1325 2630 1372 He-

1542 1388 1794 1439 rodotum
1831 1394 2013 1439 autem
2047 1390 2151 1440 hoc
2193 1407 2355 1456 quam
2396 1393 2630 1443 maxime

1541 1459 1806 1524 pertinet,
1862 1458 2007 1523 quod
2056 1459 2112 1508 in
2147 1460 2505 1524 inscriptione
2541 1462 2631 1512 Bi-

1544 1533 1745 1577 sutuna
1789 1543 1960 1591 nuper
2006 1533 2222 1593 reperta
2256 1530 2486 1592 Darius,
2536 1533 2629 1596 qui

1542 1596 1688 1660 apud
1724 1596 2063 1647 Herodotum
2094 1599 2221 1661 VII,
2262 1599 2321 1649 ll
2358 1599 2481 1665 (ubi
2515 1601 2629 1650 vid.

1541 1665 1708 1729 nott.)
1735 1667 1915 1730 gentis
1940 1681 2070 1716 suae
2092 1672 2368 1717 auctorem
2389 1668 2632 1733 appellat

1541 1735 1924 1796 Achaemenem,
1980 1750 2203 1785 avorum
2240 1742 2537 1786 extremum
2576 1741 2632 1787 et

1539 1805 1718 1869 ipsum
1756 1807 1921 1852 vocat
1950 1803 2344 1854 Achaemenem
2394 1805 2631 1866 (Halelza-

1539 1872 1772 1935 manisloe),
1808 1871 2094 1937 additque,
2123 1873 2249 1923 inde
2275 1875 2479 1937 regiam
2506 1875 2632 1923 Per-

1541 1957 1723 1992 sarum
1762 1945 1977 2005 gentem
2014 1942 2202 1990 vocari
2238 1942 2632 1992 Achaemenides

1541 2009 2070 2075 (ΗαΙεΙιαηιαηιίςΙιῇα).
2148 2010 2286 2059 Vide
2329 2027 2466 2076 quae
2517 2012 2631 2062 dixi

1542 2080 1599 2128 in
1629 2077 1858 2130 Jahrbb.
1909 2078 1950 2127 f.
1987 2078 2256 2144 Philolog.
2296 2095 2349 2130 ιι.
2388 2081 2630 2145 Paedag.

1542 2147 1665 2197 Vol.
1705 2147 1770 2197 L.
1809 2163 1861 2212 p.
1902 2146 2022 2198 392.
2095 2149 2275 2213 Atque
2321 2150 2431 2199 iam
2466 2156 2632 2200 antea

1543 2217 1903 2267 Achaemenis
1940 2232 2134 2266 nomen
2166 2234 2195 2266 e
2219 2219 2633 2283 Persepolitana

1541 2285 1898 2349 inscriptione
1953 2292 2169 2336 eruerat
2215 2288 2455 2338 Lassen:
2515 2289 2631 2338 Alt-

1542 2371 1686 2421 pers.
1708 2354 2043 2406 Keilsehrist.
2069 2373 2121 2420 p.
2141 2357 2259 2406 144.
2300 2358 2459 2422 Apud
2481 2359 2633 2408 Stra-

1540 2426 1735 2474 bonem
1781 2425 1900 2474 XV.
1952 2440 2005 2489 p.
2046 2427 2147 2475 727
2193 2426 2627 2476 Achaemenidae

1539 2494 1892 2544 inveniuntur
1943 2494 2220 2543 coniuncti
2281 2510 2399 2544 cum
2449 2495 2630 2559 Magis

1543 2568 1599 2613 et
1646 2577 1767 2611 cum
1813 2562 1909 2622 iis,
1970 2563 2063 2626 qui
2116 2569 2385 2612 vocantur
2429 2562 2629 2611 Πατει-

1542 2633 1792 2696 σχορεις,
1832 2631 1923 2694 qni
1958 2646 2086 2680 num
2124 2630 2286 2681 iidem
2323 2633 2434 2679 sint
2467 2637 2631 2695 atque

1543 2666 1942 2762 Πασαργάδαι,
1998 2699 2210 2764 ignoro.
2292 2699 2631 2764 Pasargada-

1541 2785 1657 2819 rum
1682 2772 1899 2832 gentem
1930 2783 2068 2818 unus
2094 2773 2479 2818 commemorat
2502 2769 2632 2817 Dio-

1543 2839 1731 2902 nysius
1761 2837 1974 2902 Perieg.
2008 2836 2161 2899 1069,
2198 2837 2293 2906 ubi
2328 2837 2401 2887 cf.
2435 2839 2633 2887 Eusta-

1544 2907 1734 2957 thium.
1823 2907 1889 2955 In
1947 2906 2238 2956 Carmania
2285 2907 2632 2970 Pasargadas

1545 2976 1702 3026 affert
1726 2975 2070 3026 Ptolemaeus
2094 2976 2188 3036 VI,
2214 2975 2265 3025 8.
2313 2978 2398 3027 De
2424 2976 2631 3026 Achae-

1543 3046 1775 3096 menidis
1810 3061 1955 3096 nunc
1991 3046 2334 3110 disquisivit,
2384 3046 2631 3095 omnibus

1543 3120 1786 3166 veterum
1850 3115 1985 3166 locis
2056 3120 2112 3165 et
2184 3115 2631 3179 inscriptionibus

1546 3185 1794 3235 cuneatis
1832 3185 2124 3247 adhibitis,
2162 3184 2208 3234 1.
2247 3184 2489 3235 Rubino·
2550 3185 2631 3232 De

1544 3253 2067 3305 Achaemenidarum
2146 3269 2346 3316 genere
2424 3254 2628 3317 disput.

1545 3322 2039 3387 Marburg.1849,
2098 3322 2190 3372 ubi
2238 3321 2350 3372 vid.
2412 3322 2634 3386 potissi-

1546 3407 1705 3509 232¹.
1725 3406 1881 3523 paim
1898 3361 2634 3523 Ῑὲχὲῗῇἓνισᾱῖζῗρῖξαᾜὲῐ

1548 3528 1830 3578 Abraham·
1866 3531 2079 3589 posteri,
2146 3527 2312 3577 scribi
2373 3525 2493 3574 vult
2549 3524 2634 3573 vir

1549 3597 1743 3647 doctus
1779 3596 1835 3644 in
1862 3595 2108 3659 Monthly
2140 3595 2389 3656 Revievv',
2429 3593 2541 3643 Mai
2578 3609 2631 3658 p.

1548 3665 1819 3717 38-47,“
1874 3664 1960 3717 Cr.

1621 3724 1947 3797 Μαράφιοι,
1968 3722 2254 3795 Μάσπιοι]
2283 3733 2510 3781 Praeter
2526 3732 2634 3781 He-

1548 3803 1826 3864 rodotum,
1876 3801 1968 3865 qui
2014 3800 2119 3863 IV,
2172 3800 2271 3850 167
2329 3801 2448 3865 ipse
2492 3816 2635 3850 com-

1547 3875 1812 3924 memorat
1845 3871 2130 3920 Persarum
2168 3869 2359 3920 ducem
2389 3870 2634 3934 Amasin,

1545 3934 1733 4004 ἄνδρα
1785 3931 2132 4002 Μαράφιον,
2196 3940 2472 4004 pertinent
2527 3939 2633 3990 huc

1554 4009 1820 4074 Stephani
1867 4008 2162 4086 Byzantini
2222 4009 2355 4059 loci.
2426 4001 2633 4087 Μαρά-

1553 4093 1708 4146 φιοι·
1742 4072 1918 4135 ἔθνος
1953 4069 2013 4126 ἐν
2051 4074 2318 4140 Περσίδι,
2356 4067 2472 4126 άπὸ
2504 4077 2634 4127 Μα-

1552 4143 2078 4264 ραφίουῖῗασιλέως,
2117 4151 2307 4226 atque:
2336 4137 2632 4195 Μάσπιοι·

1552 4216 1730 4273 ἔθνος
1822 4228 2076 4280 ερσικον,
2117 4205 2193 4270 ὡς
2226 4214 2447 4280 εἴρηται
2472 4206 2531 4264 ἐν
2555 4210 2637 4279 τῷ

1552 4281 1682 4350 περὶ
1728 4283 2088 4362 Μαραφίων,
2149 4277 2490 4365 [Ἂρτεάτων]
2540 4263 2637 4331 κάὶ

1558 4345 1971 4418 Πασαργάὸων.
2053 4352 2134 4402 Ac
2182 4346 2452 4417 Πάραφις
2505 4351 2635 4415 cyri

1551 4424 1716 4488 filius,
1751 4422 2037 4488 cambysis
2065 4421 2254 4488 frater,
2280 4420 2555 4472 invenitur
2578 4420 2637 4470 in
