3109 5092
451 355 578 417 416

1327 357 1859 418 HERODOTI

445 532 648 619 τέρην
683 530 994 620 γνώμην,
1024 529 1150 621 τὴν
1178 539 1477 621 Κροίσου
1510 532 1585 601 δὲ
1615 526 1963 620 ἑλόμενος,
2008 530 2427 619 προηγόρευε
2473 532 2723 623 Τομύρι
2745 550 2817 605 99

447 630 960 722 ἐξαναχωρέειν,
994 630 1082 714 ὥς
1108 632 1321 705 αὐτοῦ
1364 639 1860 724 διαβησομένου
1894 630 2006 702 ἐπ’
2044 630 2334 722 ἐκείνην.
2415 631 2455 725 ἡ
2482 637 2608 726 μὲν
2641 637 2725 726 δὴ

446 734 856 826 ἓξαναχωρεε
876 792 894 822 ,
936 737 1104 806 κατά
1129 732 1454 827 ὑπέσχετο
1482 745 1734 827 πρῶτα.
1817 743 2043 826 Κῦρος
2074 737 2149 806 δὲ
2176 745 2475 825 Κροῖσον
2515 737 2583 820 ἐς
2608 740 2724 821 τὰς

443 857 669 929 χεῖρας
711 838 937 922 ἐσθεὶς
975 847 1068 935 τῷ
1112 845 1370 912 ἑωυτοῦ
1415 845 1606 912 παιδὶ
1647 840 2016 929 Καμβύσῃ,
2062 846 2157 933 τῷ
2196 867 2322 929 περ
2362 841 2487 931 τὴν
2526 851 2721 931 βασι-

448 951 648 1032 ληΐην
678 942 933 1029 ἐδίδου,
963 946 1074 1013 καὶ
1107 944 1319 1017 πολλὰ
1351 944 1816 1034 ἐντειλάμενός
1843 948 1912 1012 ὀἱ
1934 950 2135 1033 τιμᾶν
2161 972 2234 1012 τε
2264 941 2475 1015 αὐτὸν
2499 950 2614 1015 καὶ
2643 940 2723 1016 εὖ

445 1052 732 1131 ποιέειν,
762 1043 849 1136 ἢν
875 1045 915 1137 ἡ
945 1048 1253 1135 διάβασις
1282 1045 1322 1138 ἡ
1353 1046 1462 1118 ἐπὶ
1495 1048 1945 1134 Μασσαγέτας
1973 1047 2065 1137 μὴ
2094 1044 2422 1139 ὀρθωθῇ·

2508 1054 2718 1119 ταῦτα

445 1148 908 1239 ἐντειλάμενος
961 1152 1073 1219 καὶ
1118 1148 1517 1232 ἀποστείλας
1556 1152 1838 1230 τούτους
1893 1147 1960 1230 ἐς
2003 1154 2268 1239 Πέρσας
2326 1148 2527 1232 αὐτὸς
2575 1157 2714 1222 διέ-

305 1270 429 1331 209
447 1262 642 1342 βαινε
663 1252 782 1323 τὸν
808 1251 1106 1342 ποταμὸν
1133 1257 1244 1323 καὶ
1272 1251 1307 1325 ὁ
1333 1253 1609 1343 στρατὸς
1636 1252 1868 1323 αὐτοῦ.
1916 1251 2102 1323 Ἐπεί
2123 1281 2194 1322 τε
2227 1253 2301 1321 δὲ
2332 1252 2718 1345 ἐπεραιώθη

444 1356 564 1425 τὸν
608 1354 914 1444 Ἀράξεα,
957 1356 1195 1436 νυκτὸς
1237 1356 1689 1446 ἐπελθούσης,
1751 1355 1890 1425 εἶδε
1931 1352 2126 1440 ὄψιν,
2182 1352 2405 1427 εὕδων
2453 1355 2532 1428 ἐν
2583 1365 2720 1429 τῶν

449 1464 952 1547 Μασσαγετέων
975 1466 1055 1549 τῇ
1083 1461 1264 1550 χώρῃ
1282 1514 1299 1544 ,
1328 1461 1620 1550 τοιήνδε.
1706 1457 1936 1529 ἐδόκεε
1963 1455 1999 1529 ὁ
2028 1465 2256 1547 Κῦρος
2295 1457 2371 1529 ἐν
2397 1466 2493 1554 τῷ
2518 1458 2715 1555 ὕπνῳ

440 1558 608 1650 ὁρᾶν
637 1568 775 1632 τῶν
793 1559 1188 1646 Ὑστάσπεος
1216 1571 1479 1634 παίδων
1521 1562 1641 1634 τὸν
1670 1563 2131 1652 πρεσβύτατον
2162 1568 2394 1650 ἔχοντα
2442 1562 2718 1635 ἐπὶτῶν

441 1664 644 1755 ὤμων
686 1671 1051 1754 πτέρυγας·
1111 1671 1220 1738 καὶ
1260 1672 1555 1738 τουτέων
1596 1673 1678 1755 τῇ
1721 1667 1848 1756 μὲν
1885 1664 2010 1754 τὴν
2043 1663 2308 1753 Ἀσίην,
2352 1672 2433 1755 τῇ
2478 1668 2553 1736 δὲ
2581 1668 2708 1757 τὴν

438 1768 783 1859 Εὐρώπην
811 1767 1235 1855 ἐπισκιάζειν.

437 1994 587 2028 more
633 1995 730 2044 pro
784 1971 945 2029 καθὰ
990 1970 1162 2046 (καθ’
1212 1969 1290 2044 ἃ),
1347 1988 1520 2044 prout.

438 2048 633 2110 „Confi
677 2050 902 2114 Gregor.
933 2050 1176 2099 Corinth.
1206 2051 1272 2099 de
1301 2050 1521 2100 dialect.

435 2132 491 2180 p.
531 2119 635 2168 400
684 2118 768 2168 ed.
809 2118 1068 2169 Schaes.“
1128 2120 1213 2169 Cr.
1289 2120 1375 2169 Tu
1411 2119 1521 2171 vid.

439 2188 637 2237 Struve
674 2189 898 2249 Quaest.
939 2189 1006 2237 de
1042 2188 1171 2238 dial.
1205 2189 1338 2238 Her.
1382 2190 1428 2239 Ι.
1465 2204 1522 2252 p.

440 2255 508 2306 34
548 2261 601 2305 et
646 2257 880 2306 BredoV.
927 2273 981 2321 p.
1029 2258 1126 2318 92,
1188 2273 1292 2322 quo
1335 2259 1523 2308 eodem

440 2332 692 2375 monente
729 2342 781 2390 p.
809 2325 913 2377 288
938 2325 1280 2376 scribendum
1318 2318 1521 2387 ἐξανε-

436 2387 639 2459 χώρεε,
681 2395 735 2444 id
769 2395 912 2460 quod
938 2402 1257 2459 receperunt
1289 2396 1528 2446 Dindorf

438 2469 493 2513 et
535 2465 778 2515 Dietseh.
854 2465 988 2515 Mihi
1034 2466 1088 2514 iu
1133 2480 1191 2514 re
1239 2470 1523 2531 tantopere

438 2534 734 2584 fluctuante
770 2535 985 2585 codices
1022 2535 1177 2600 sequi
1216 2534 1408 2586 melius
1446 2537 1523 2585 vi-

438 2603 611 2654 detur.

503 2670 582 2740 τῷ
628 2688 733 2736 περ
790 2664 895 2737 τὴν
949 2669 1252 2740 βασιληΐην
1300 2664 1518 2738 ἐδίδου]

436 2744 644 2793 Notant
679 2743 795 2802 hic,
834 2743 1024 2792 solitos
1060 2759 1180 2792 esse
1205 2759 1360 2808 reges
1396 2745 1522 2794 Per-

434 2828 644 2875 sarum,
685 2812 885 2862 bellum
921 2813 1290 2876 ingressuros,
1335 2813 1404 2862 ob
1442 2814 1519 2861 in-

434 2887 640 2930 eertum
715 2887 966 2930 eventum
1050 2897 1418 2931 successorem
1488 2896 1517 2930 e

431 2949 554 3013 lege
595 2950 699 2999 sibi
748 2950 1060 3011 desig-nare3
1106 2952 1251 3000 conf.
1298 2951 1422 3011 vn,
1459 2953 1513 3000 2.

432 3017 598 3067 Plura
619 3020 854 3068 Barnab.
873 3019 1116 3068 Brisson'.
1144 3019 1210 3068 de
1234 3034 1347 3083 reg.
1364 3022 1513 3069 Pers.

430 3087 659 3151 princip.
699 3087 744 3147 Ι,
778 3086 831 3137 9.
907 3088 1144 3137 Ctesiam
1185 3104 1313 3137 vero
1348 3089 1395 3137 si
1435 3104 1515 3138 se-

431 3157 670 3220 quimur,
717 3156 892 3220 Cyrus
942 3157 996 3205 in
1046 3157 1162 3221 ipso
1208 3158 1397 3207 mortis
1432 3173 1516 3207 ar·

428 3221 598 3274 ticnlo
646 3225 967 3290 cambysem
1024 3225 1191 3275 filium
1240 3241 1517 3277 suecesso-

431 3310 542 3344 rem
579 3295 685 3343 sibi
733 3295 1048 3352 constituit,
1099 3298 1149 3358 §-
1186 3295 1237 3345 8.
1276 3297 1513 3347 Persice.

427 3366 741 3429 Excerptt.:
781 3362 974 3427 Κῦρος
1001 3360 1064 3414 δε
1093 3356 1309 3428 μελλων
1338 3366 1514 3415 τελευ-

427 3431 536 3503 τᾷν
580 3439 731 3500 (nam
780 3435 1021 3498 graviter
1073 3435 1412 3485 vulneratum
1460 3436 1515 3484 in

428 3519 611 3568 pugna
619 3504 860 3582 Cyrum
872 3504 1038 3553 fuisse
1071 3506 1121 3566 §-
1160 3506 1194 3554 6
1211 3504 1515 3588 retulerat)

427 3566 744 3651 Καμβύσην
800 3565 904 3636 μὶ-ν
959 3566 1062 3622 τὸν
1108 3571 1338 3636 πρῶτον
1382 3568 1513 3624 υἱὸν

426 3635 656 3707 βασιλέα
684 3640 953 3706 καθίστη.
1024 3643 1108 3692 Ad
1145 3658 1303 3707 quem
1333 3643 1511 3694 locum

427 3713 685 3762 nonnulla
734 3712 1009 3777 disputavi
1047 3728 1099 3777 p.
1145 3711 1242 3762 113
1279 3712 1345 3762 de
1393 3729 1511 3763 sue-

427 3782 689 3831 cessionis
725 3781 881 3831 modo
922 3783 976 3832 in
1012 3797 1178 3847 regno
1221 3783 1509 3832 Persarum

427 3849 701 3901 instituto.

779 4020 913 4071 Cn».
952 4021 1139 4071 CCIX.

487 4112 797 4171 ’Ὑστάσπεϊ
839 4115 902 4169 δὲ
945 4120 1023 4185 τῷ
1047 4112 1377 4202 Ἀρσάμεος]
1424 4122 1506 4173 Ad

425 4192 766 4242 Herodoteas
790 4189 1023 4239 nominis
1047 4181 1376 4255 ‘Yo’toeonnc
1402 4192 1510 4241 sor-

423 4277 541 4311 mas
574 4275 714 4325 quae
750 4259 822 4309 ad
845 4259 1063 4308 tertiam
1094 4259 1506 4310 declinationem

423 4330 728 4395 pertinent,
768 4327 911 4378 conf.
949 4327 1181 4378 BredoV.
1220 4343 1347 4394 pag.
1385 4331 1505 4380 230.

424 4399 508 4450 De
554 4401 735 4465 etymo
770 4397 921 4448 vocis
960 4395 1070 4447 vid.
1109 4401 1247 4446 nott.
1293 4395 1364 4447 ad
1398 4397 1506 4462 111,

1309 1767 1664 1841 Ὑστάσπεϊ
1703 1770 1777 1839 δὲ
1800 1775 1893 1861 τῷ
1915 1766 2274 1858 Ἀρσάμεος
2297 1821 2315 1855 ,
2364 1767 2545 1840 ἐόντι
2587 1769 2709 1840 ἀν-

1629 1979 1714 2030 70.
1788 1979 1854 2028 In
1876 1977 2117 2043 proxime
2140 1977 2586 2029 antecedentibus
2616 1996 2713 2057 pro

1628 2040 1877 2097 τουτέων
1916 2046 2158 2097 Dindorf
2198 2053 2254 2096 et
2305 2048 2534 2098 Dietseh
2582 2042 2713 2098 τού-

1627 2133 1767 2194 των;
1809 2117 1904 2168 sed
1940 2117 2052 2168 vid.
2084 2117 2318 2167 Bredov.
2354 2133 2409 2181 p.
2433 2120 2555 2170 222.
2598 2111 2712 2183 ’-Αρ

1628 2178 1836 2251 σάμεος
1870 2187 2061 2250 optimi
2086 2191 2306 2236 tuentur
2323 2185 2466 2250 hbn
2502 2193 2564 2237 ut
2583 2189 2712 2251 VII,

1632 2256 1715 2317 11,
1748 2257 1842 2305 ubi
1874 2256 1990 2306 vid.
2031 2261 2168 2306 nott.
2209 2257 2330 2305 224.
2404 2258 2489 2306 De
2526 2259 2712 2308 eodem

1626 2326 1797 2374 Persa
1832 2326 2024 2390 opinor
2061 2325 2270 2375 Ctesias
2306 2324 2344 2374 l.
2375 2325 2433 2386 1.,
2471 2327 2566 2376 nbi
2600 2327 2710 2378 vid.

1624 2396 1841 2445 adnott.
1886 2411 1941 2460 p.
1981 2396 2101 2445 244.
2182 2394 2366 2444 Verba
2416 2387 2565 2450 ἐόντι
2613 2388 2711 2445 άν-

1626 2460 1721 2528 δρὶ
1758 2457 2110 2530 Ἀχαιμενίδῃ
2154 2478 2265 2513 ιιοιι
2315 2465 2433 2514 sine
2479 2466 2534 2513 vi
2582 2481 2712 2531 qua-

1627 2532 1752 2582 dam
1790 2534 1980 2583 addita.
2027 2547 2146 2583 esse
2186 2548 2344 2583 nemo
2389 2550 2497 2584 non
2532 2535 2708 2596 videt3

1625 2603 1826 2653 etenim
1875 2618 1941 2652 ex
1978 2602 2500 2654 Achaemenidarnm
2549 2610 2712 2670 gente

1626 2687 1780 2736 reges
1830 2674 2115 2721 Persarum
2166 2677 2316 2720 ortos
2355 2688 2476 2723 esse
2512 2674 2712 2724 Noster

1624 2757 1791 2805 supra
1830 2741 1874 2802 1,
1919 2742 2014 2791 125
2054 2739 2169 2805 (ubi
2205 2741 2317 2791 vid.
2357 2742 2522 2808 nott.)
2566 2744 2713 2794 dixe-

1623 2816 1729 2860 rat.
1800 2811 1978 2860 Huius
2013 2826 2143 2860 vero
2177 2811 2355 2875 gentis
2394 2812 2530 2863 duas
2556 2813 2713 2863 fumi-

1621 2880 1723 2928 lias
1771 2879 1869 2929 has
1919 2880 2185 2944 distingui
2235 2880 2353 2929 vult
2395 2882 2609 2933 Rubino
2654 2886 2709 2933 in
2806 2898 2819 2908 ·

1620 2949 1753 2999 diss.
1802 2964 1966 3013 snpra
2008 2948 2234 2999 laudata
2279 2965 2408 3015 pag.
2444 2952 2542 3003 VI.
2580 2953 2705 3014 vn,

1620 3032 1814 3081 unam,
1866 3034 1896 3068 e
1944 3033 2049 3084 qua
2083 3019 2258 3084 Cyrus
2296 3025 2351 3069 et
2395 3021 2705 3086 Cambyses,

1621 3087 1878 3151 alteram,
1929 3088 2074 3139 unde
2105 3089 2307 3138 Darius
2355 3090 2578 3155 eiusque
2615 3107 2708 3156 po-

1621 3158 1755 3206 steri
1790 3160 2065 3222 proereati
2102 3158 2231 3208 sint.
2302 3159 2387 3208 De
2420 3161 2588 3209 Dario
2620 3161 2705 3210 hic

1618 3226 1739 3291 ipse
1784 3226 1938 3276 locus
1989 3231 2226 3277 testatur
2274 3228 2509 3293 itemque
2549 3229 2705 3280 Bisu·

1620 3299 1754 3344 tuna
1786 3296 2066 3360 inscriptio
2100 3297 2196 3358 (cf.
2234 3296 2378 3361 apud
2411 3298 2609 3350 Rubin.
2649 3315 2704 3363 p.

1620 3364 1749 3428 Ix);
1805 3365 1872 3415 de
1921 3365 2063 3429 Cyro
2122 3381 2187 3414 ex
2236 3366 2506 3415 Herodoti
2557 3373 2705 3418 certe

1619 3439 1795 3483 mente
1844 3434 2359 3484 Achaemenidarum
2420 3438 2573 3499 genti
2614 3453 2706 3488 ac-

1619 3503 1889 3553 censendo
1912 3504 2057 3553 conf.
2088 3503 2198 3564 ΙΙΙ,
2220 3505 2286 3554 75
2310 3503 2435 3553 coll.
2465 3505 2551 3556 65.
2608 3508 2705 3556 At-

1620 3589 1722 3636 que
1743 3572 1916 3636 ipsum
1946 3573 2285 3637 Cambysem‚
2325 3572 2451 3636 Cyri
2471 3579 2701 3640 patrem,

1615 3643 1813 3691 Noster
1854 3657 2023 3724 supra
2061 3642 2105 3703 Ι,
2166 3641 2256 3691 107
2303 3642 2518 3692 dixerat
2573 3645 2702 3694 Per-

1614 3726 1731 3760 sam
1769 3705 1892 3760 οίκί
1865 3725 1957 3773 ιςη
1993 3679 2248 3774 ἀγαθῆς,
2288 3712 2325 3758 i.
2368 3727 2416 3761 e.
2454 3711 2701 3764 familiae

1612 3779 1839 3839 nobilis,
1887 3779 2063 3844 qualis
2108 3780 2251 3828 inter
2285 3781 2469 3830 varies
2508 3783 2703 3833 Persa-

1611 3864 1729 3899 rum
1775 3855 1964 3913 gentes
2015 3863 2060 3898 s.
2109 3848 2286 3898 tribus
2332 3855 2449 3899 erat
2493 3851 2701 3902 Achae-

1612 3918 1947 3967 menidarum
1985 3933 2139 3982 gens.
2175 3947 2246 3958 —
2280 3918 2364 3968 De
2401 3919 2522 3983 ipso
2560 3936 2701 3971 som·

1611 3987 1701 4036 nio
1737 3985 2064 4051 Wesseling.
2115 3986 2253 4035 citat
2296 3988 2698 4041 Artemidorum

1612 4056 1667 4104 in
1693 4055 2076 4118 Oneirocr.11,
2114 4057 2181 4106 72
2210 4060 2559 4120 statuentem,
2594 4058 2699 4110 hoe

1612 4126 1939 4175 somniorum
1980 4140 2166 4202 genus
2227 4123 2349 4181 τοις
2400 4125 2699 4185 πλουσίοις

1608 4190 1703 4242 καὶ
1758 4195 1879 4250 τοῖς
1925 4184 2067 4257 μέγα
2110 4187 2456 4257 δυναμένοις
2517 4187 2699 4261 ἀρχὰς

1607 4264 1947 4324 περιποιειν.
2013 4263 2298 4313 Caeterum
2334 4262 2510 4313 simile
2528 4268 2698 4329 quod—

1610 4330 1734 4379 dam
1800 4330 2009 4380 alarum
2082 4331 2365 4395 augurium
2429 4347 2495 4380 ex
2560 4335 2696 4384 'Pur-

1609 4412 1794 4448 earnm
1865 4397 2096 4450 historie
2156 4403 2344 4448 narret
2401 4400 2694 4453 Hammon
