<?xml version="1.0" encoding="UTF-8"?>
<!DOCTYPE html PUBLIC "-//W3C//DTD XHTML 1.0 Transitional//EN"
    "http://www.w3.org/TR/xhtml1/DTD/xhtml1-transitional.dtd">
<html xmlns="http://www.w3.org/1999/xhtml" xml:lang="en" lang="en">
 <head>
  <title>
</title>
<meta http-equiv="Content-Type" content="text/html;charset=utf-8" />
  <meta name='ocr-system' content='tesseract 3.04.00' />
  <meta name='ocr-capabilities' content='ocr_page ocr_carea ocr_par ocr_line ocrx_word'/>
</head>
<body>
  <div class='ocr_page' id='page_1' title='image "./herodotihalicar02unkngoog_0530.png"; bbox 0 0 3109 5092; ppageno 0'>
   <div class='ocr_carea' id='block_1_1' title="bbox 443 335 588 409">
    <p class='ocr_par' dir='ltr' id='par_1_1' title="bbox 443 335 588 409">
     <span class='ocr_line' id='line_1_1' title="bbox 443 335 588 409; baseline 0 -1"><span class='ocrx_word' id='word_1_1' title='bbox 443 335 588 409; x_wconf 80' lang='lat'>510&#39;</span> 
     </span>
    </p>
   </div>
   <div class='ocr_carea' id='block_1_2' title="bbox 443 519 1568 610">
    <p class='ocr_par' dir='ltr' id='par_1_2' title="bbox 443 519 1568 610">
     <span class='ocr_line' id='line_1_2' title="bbox 443 519 1568 610; baseline -0.003 -19"><span class='ocrx_word' id='word_1_2' title='bbox 443 519 953 610; x_wconf 76' lang='grc' dir='ltr'><strong><em>ἐπιτηδεύοντες</em></strong></span> <span class='ocrx_word' id='word_1_3' title='bbox 1005 524 1206 588; x_wconf 82' lang='grc' dir='ltr'><strong><em>τοῦτο</em></strong></span> <span class='ocrx_word' id='word_1_4' title='bbox 1261 519 1568 607; x_wconf 78' lang='grc' dir='ltr'><strong><em>μάλιστα.</em></strong></span> 
     </span>
    </p>
   </div>
   <div class='ocr_carea' id='block_1_3' title="bbox 1311 346 1859 409">
    <p class='ocr_par' dir='ltr' id='par_1_3' title="bbox 1311 346 1859 409">
     <span class='ocr_line' id='line_1_3' title="bbox 1311 346 1859 409; baseline -0.002 -1"><span class='ocrx_word' id='word_1_5' title='bbox 1311 346 1859 409; x_wconf 80' lang='grc' dir='ltr'><strong><em>ΗΕΒΟΒΟΤΙ</em></strong></span> 
     </span>
    </p>
   </div>
   <div class='ocr_carea' id='block_1_4' title="bbox 1668 517 2725 608">
    <p class='ocr_par' dir='ltr' id='par_1_4' title="bbox 1668 517 2725 608">
     <span class='ocr_line' id='line_1_4' title="bbox 1668 517 2725 608; baseline -0.001 -19"><span class='ocrx_word' id='word_1_6' title='bbox 1668 520 1750 589; x_wconf 80' lang='grc' dir='ltr'><strong>τά</strong></span> <span class='ocrx_word' id='word_1_7' title='bbox 1804 545 1878 587; x_wconf 84' lang='grc' dir='ltr'><strong>τε</strong></span> <span class='ocrx_word' id='word_1_8' title='bbox 1932 524 2158 588; x_wconf 69' lang='grc' dir='ltr'><strong><em>αἰδοῖα</em></strong></span> <span class='ocrx_word' id='word_1_9' title='bbox 2204 517 2725 608; x_wconf 76' lang='grc' dir='ltr'><strong><em>περιτάμνονται</em></strong></span> 
     </span>
    </p>
   </div>
   <div class='ocr_carea' id='block_1_5' title="bbox 442 618 2722 714">
    <p class='ocr_par' dir='ltr' id='par_1_5' title="bbox 442 618 2722 714">
     <span class='ocr_line' id='line_1_5' title="bbox 442 618 2722 714; baseline -0.001 -21"><span class='ocrx_word' id='word_1_10' title='bbox 442 624 930 714; x_wconf 75' lang='grc' dir='ltr'><strong><em>καθαριότητος</em></strong></span> <span class='ocrx_word' id='word_1_11' title='bbox 982 627 1282 708; x_wconf 80' lang='grc' dir='ltr'><strong><em>εἵνεκεν,</em></strong></span> <span class='ocrx_word' id='word_1_12' title='bbox 1346 628 1804 712; x_wconf 77' lang='grc' dir='ltr'><strong><em>προτιμῶντες</em></strong></span> <span class='ocrx_word' id='word_1_13' title='bbox 1841 624 2130 712; x_wconf 75' lang='grc' dir='ltr'><strong><em>καθαροὶ</em></strong></span> <span class='ocrx_word' id='word_1_14' title='bbox 2170 621 2348 690; x_wconf 78' lang='grc' dir='ltr'><strong><em>εἶναι</em></strong></span> <span class='ocrx_word' id='word_1_15' title='bbox 2394 618 2435 711; x_wconf 78' lang='grc' dir='ltr'><em>ἢ</em></span> <span class='ocrx_word' id='word_1_16' title='bbox 2477 619 2722 711; x_wconf 79' lang='grc' dir='ltr'><strong><em>εὐπρε-</em></strong></span> 
     </span>
    </p>
   </div>
   <div class='ocr_carea' id='block_1_6' title="bbox 441 780 1535 4254">
    <p class='ocr_par' dir='ltr' id='par_1_6' title="bbox 441 780 1535 4254">
     <span class='ocr_line' id='line_1_6' title="bbox 511 780 1529 852; baseline -0.001 -13"><span class='ocrx_word' id='word_1_17' title='bbox 511 781 581 839; x_wconf 66' lang='lat' dir='ltr'><strong>to}</strong></span> <span class='ocrx_word' id='word_1_18' title='bbox 614 804 672 839; x_wconf 83' lang='grc' dir='ltr'><strong>τε</strong></span> <span class='ocrx_word' id='word_1_19' title='bbox 720 785 918 839; x_wconf 73' lang='grc' dir='ltr'><strong><em>αἰδοῖα</em></strong></span> <span class='ocrx_word' id='word_1_20' title='bbox 954 780 1394 852; x_wconf 72' lang='grc' dir='ltr'><strong><em>περιτάμνονται</em></strong></span> <span class='ocrx_word' id='word_1_21' title='bbox 1430 804 1529 838; x_wconf 80' lang='grc' dir='ltr'><strong>κα-</strong></span> 
     </span>
     <span class='ocr_line' id='line_1_7' title="bbox 442 852 1530 924; baseline 0 -16"><span class='ocrx_word' id='word_1_22' title='bbox 442 852 790 924; x_wconf 79' lang='grc' dir='ltr'><strong><em>θαριότητος</em></strong></span> <span class='ocrx_word' id='word_1_23' title='bbox 833 857 1071 924; x_wconf 73' lang='grc' dir='ltr'><strong>εἵνεκεν]</strong></span> <span class='ocrx_word' id='word_1_24' title='bbox 1123 860 1276 921; x_wconf 82' lang='lat' dir='ltr'><strong>Quae</strong></span> <span class='ocrx_word' id='word_1_25' title='bbox 1314 860 1530 909; x_wconf 87' lang='lat' dir='ltr'><strong>Wesse-</strong></span> 
     </span>
     <span class='ocr_line' id='line_1_8' title="bbox 441 928 1532 996; baseline -0.001 -18"><span class='ocrx_word' id='word_1_26' title='bbox 441 929 645 996; x_wconf 82' lang='lat' dir='ltr'><strong>lingius</strong></span> <span class='ocrx_word' id='word_1_27' title='bbox 684 945 750 980; x_wconf 89' lang='lat' dir='ltr'><strong>ex</strong></span> <span class='ocrx_word' id='word_1_28' title='bbox 798 928 1028 979; x_wconf 87' lang='lat' dir='ltr'><strong>aliorum</strong></span> <span class='ocrx_word' id='word_1_29' title='bbox 1071 929 1308 979; x_wconf 76' lang='lat' dir='ltr'><strong>virorum</strong></span> <span class='ocrx_word' id='word_1_30' title='bbox 1345 928 1532 979; x_wconf 90' lang='lat' dir='ltr'><strong>docto-</strong></span> 
     </span>
     <span class='ocr_line' id='line_1_9' title="bbox 443 997 1530 1060; baseline -0.002 -11"><span class='ocrx_word' id='word_1_31' title='bbox 443 1015 560 1049; x_wconf 85' lang='lat' dir='ltr'><strong>rum</strong></span> <span class='ocrx_word' id='word_1_32' title='bbox 592 999 1064 1049; x_wconf 79' lang='lat' dir='ltr'><strong>observationibus</strong></span> <span class='ocrx_word' id='word_1_33' title='bbox 1101 998 1190 1048; x_wconf 88' lang='lat' dir='ltr'><strong>hic</strong></span> <span class='ocrx_word' id='word_1_34' title='bbox 1224 997 1530 1060; x_wconf 83' lang='lat' dir='ltr'><strong>adnotavit,</strong></span> 
     </span>
     <span class='ocr_line' id='line_1_10' title="bbox 442 1068 1534 1131; baseline -0.002 -13"><span class='ocrx_word' id='word_1_35' title='bbox 442 1083 506 1118; x_wconf 89' lang='lat' dir='ltr'><strong>eo</strong></span> <span class='ocrx_word' id='word_1_36' title='bbox 552 1069 668 1120; x_wconf 80' lang='lat' dir='ltr'><strong>fere</strong></span> <span class='ocrx_word' id='word_1_37' title='bbox 713 1068 967 1131; x_wconf 83' lang='lat' dir='ltr'><strong>redeunt,</strong></span> <span class='ocrx_word' id='word_1_38' title='bbox 1024 1073 1087 1118; x_wconf 91' lang='lat' dir='ltr'><strong>nt</strong></span> <span class='ocrx_word' id='word_1_39' title='bbox 1134 1068 1323 1119; x_wconf 77' lang='lat' dir='ltr'><strong>Nostri</strong></span> <span class='ocrx_word' id='word_1_40' title='bbox 1365 1068 1534 1119; x_wconf 81' lang='lat' dir='ltr'><strong>verba</strong></span> 
     </span>
     <span class='ocr_line' id='line_1_11' title="bbox 442 1137 1532 1188; baseline 0 -2"><span class='ocrx_word' id='word_1_41' title='bbox 442 1137 514 1186; x_wconf 85' lang='lat' dir='ltr'><strong>ad</strong></span> <span class='ocrx_word' id='word_1_42' title='bbox 558 1137 871 1188; x_wconf 73' lang='lat' dir='ltr'><strong>sacerdotes</strong></span> <span class='ocrx_word' id='word_1_43' title='bbox 920 1138 1113 1188; x_wconf 81' lang='lat' dir='ltr'><strong>referri</strong></span> <span class='ocrx_word' id='word_1_44' title='bbox 1160 1137 1395 1187; x_wconf 85' lang='lat' dir='ltr'><strong>debeant</strong></span> <span class='ocrx_word' id='word_1_45' title='bbox 1441 1152 1532 1186; x_wconf 87' lang='lat' dir='ltr'><strong>ne-</strong></span> 
     </span>
     <span class='ocr_line' id='line_1_12' title="bbox 443 1206 1531 1271; baseline 0.001 -15"><span class='ocrx_word' id='word_1_46' title='bbox 443 1222 547 1270; x_wconf 87' lang='lat' dir='ltr'><strong>que</strong></span> <span class='ocrx_word' id='word_1_47' title='bbox 598 1207 671 1257; x_wconf 87' lang='lat' dir='ltr'><strong>ad</strong></span> <span class='ocrx_word' id='word_1_48' title='bbox 717 1221 903 1257; x_wconf 81' lang='lat' dir='ltr'><strong>omnes</strong></span> <span class='ocrx_word' id='word_1_49' title='bbox 947 1208 1278 1271; x_wconf 78' lang='lat' dir='ltr'><strong>Aegyptios3</strong></span> <span class='ocrx_word' id='word_1_50' title='bbox 1329 1206 1531 1271; x_wconf 88' lang='lat' dir='ltr'><strong>quippe</strong></span> 
     </span>
     <span class='ocr_line' id='line_1_13' title="bbox 442 1275 1529 1340; baseline 0.002 -17"><span class='ocrx_word' id='word_1_51' title='bbox 442 1275 667 1340; x_wconf 87' lang='lat' dir='ltr'><strong>quibus,</strong></span> <span class='ocrx_word' id='word_1_52' title='bbox 706 1276 814 1326; x_wconf 89' lang='lat' dir='ltr'><strong>nisi</strong></span> <span class='ocrx_word' id='word_1_53' title='bbox 837 1278 1110 1340; x_wconf 74' lang='lat' dir='ltr'><strong>mysteriis</strong></span> <span class='ocrx_word' id='word_1_54' title='bbox 1141 1276 1346 1325; x_wconf 85' lang='lat' dir='ltr'><strong>initiari</strong></span> <span class='ocrx_word' id='word_1_55' title='bbox 1376 1280 1432 1325; x_wconf 85' lang='lat' dir='ltr'><strong>et</strong></span> <span class='ocrx_word' id='word_1_56' title='bbox 1459 1275 1529 1325; x_wconf 88' lang='lat' dir='ltr'><strong>ad</strong></span> 
     </span>
     <span class='ocr_line' id='line_1_14' title="bbox 442 1345 1528 1427; baseline 0.001 -33"><span class='ocrx_word' id='word_1_57' title='bbox 442 1360 630 1395; x_wconf 87' lang='lat' dir='ltr'><strong>sacras</strong></span> <span class='ocrx_word' id='word_1_58' title='bbox 641 1345 858 1394; x_wconf 85' lang='lat' dir='ltr'><strong>admitti</strong></span> <span class='ocrx_word' id='word_1_59' title='bbox 870 1345 1192 1427; x_wconf 75' lang='lat' dir='ltr'><strong>disciplinas</strong></span> <span class='ocrx_word' id='word_1_60' title='bbox 1206 1345 1528 1405; x_wconf 85' lang='lat' dir='ltr'><strong>voluissent,</strong></span> 
     </span>
     <span class='ocr_line' id='line_1_15' title="bbox 442 1408 1531 1465; baseline 0 -1"><span class='ocrx_word' id='word_1_61' title='bbox 442 1414 782 1465; x_wconf 76' lang='lat' dir='ltr'><strong>circumcisio</strong></span> <span class='ocrx_word' id='word_1_62' title='bbox 811 1415 1030 1463; x_wconf 87' lang='lat' dir='ltr'><strong>minime</strong></span> <span class='ocrx_word' id='word_1_63' title='bbox 1066 1408 1378 1464; x_wconf 72' lang='lat' dir='ltr'><strong>necessaria</strong></span> <span class='ocrx_word' id='word_1_64' title='bbox 1414 1414 1531 1464; x_wconf 83' lang='lat' dir='ltr'><strong>fue-</strong></span> 
     </span>
     <span class='ocr_line' id='line_1_16' title="bbox 442 1484 1530 1546; baseline 0.002 -14"><span class='ocrx_word' id='word_1_65' title='bbox 442 1485 534 1534; x_wconf 87' lang='lat' dir='ltr'><strong>rit.</strong></span> <span class='ocrx_word' id='word_1_66' title='bbox 608 1486 782 1546; x_wconf 81' lang='lat' dir='ltr'><strong>Quam</strong></span> <span class='ocrx_word' id='word_1_67' title='bbox 832 1484 1259 1534; x_wconf 74' lang='lat' dir='ltr'><strong>circumcisionis</strong></span> <span class='ocrx_word' id='word_1_68' title='bbox 1305 1499 1530 1534; x_wconf 82' lang='lat' dir='ltr'><strong>causam</strong></span> 
     </span>
     <span class='ocr_line' id='line_1_17' title="bbox 442 1552 1529 1618; baseline 0 -15"><span class='ocrx_word' id='word_1_69' title='bbox 442 1552 755 1603; x_wconf 88' lang='lat' dir='ltr'><strong>Herodotus</strong></span> <span class='ocrx_word' id='word_1_70' title='bbox 793 1553 977 1614; x_wconf 86' lang='lat' dir='ltr'><strong>affert,</strong></span> <span class='ocrx_word' id='word_1_71' title='bbox 1028 1568 1146 1603; x_wconf 89' lang='lat' dir='ltr'><strong>eam</strong></span> <span class='ocrx_word' id='word_1_72' title='bbox 1183 1554 1357 1618; x_wconf 81' lang='lat' dir='ltr'><strong>ipsam</strong></span> <span class='ocrx_word' id='word_1_73' title='bbox 1405 1569 1529 1617; x_wconf 84' lang='lat' dir='ltr'><strong>pro-</strong></span> 
     </span>
     <span class='ocr_line' id='line_1_18' title="bbox 444 1621 1529 1684; baseline -0.001 -12"><span class='ocrx_word' id='word_1_74' title='bbox 444 1623 526 1672; x_wconf 90' lang='lat' dir='ltr'><strong>dit</strong></span> <span class='ocrx_word' id='word_1_75' title='bbox 556 1621 741 1684; x_wconf 90' lang='lat' dir='ltr'><strong>Philo,</strong></span> <span class='ocrx_word' id='word_1_76' title='bbox 798 1623 1034 1672; x_wconf 83' lang='lat' dir='ltr'><strong>Iudaeus</strong></span> <span class='ocrx_word' id='word_1_77' title='bbox 1087 1623 1273 1683; x_wconf 88' lang='lat' dir='ltr'><strong>homo,</strong></span> <span class='ocrx_word' id='word_1_78' title='bbox 1316 1622 1383 1672; x_wconf 90' lang='lat' dir='ltr'><strong>de</strong></span> <span class='ocrx_word' id='word_1_79' title='bbox 1430 1622 1529 1672; x_wconf 90' lang='lat' dir='ltr'><strong>cir-</strong></span> 
     </span>
     <span class='ocr_line' id='line_1_19' title="bbox 444 1691 1528 1758; baseline 0.001 -16"><span class='ocrx_word' id='word_1_80' title='bbox 444 1693 665 1743; x_wconf 88' lang='lat' dir='ltr'><strong>cumcis.</strong></span> <span class='ocrx_word' id='word_1_81' title='bbox 703 1708 830 1758; x_wconf 84' lang='lat' dir='ltr'><strong>pag.</strong></span> <span class='ocrx_word' id='word_1_82' title='bbox 871 1693 976 1742; x_wconf 86' lang='lat'><strong>810</strong></span> <span class='ocrx_word' id='word_1_83' title='bbox 1012 1693 1054 1742; x_wconf 85' lang='lat' dir='ltr'>C</span> <span class='ocrx_word' id='word_1_84' title='bbox 1083 1692 1208 1744; x_wconf 93' lang='lat' dir='ltr'><strong>coll.</strong></span> <span class='ocrx_word' id='word_1_85' title='bbox 1249 1691 1528 1756; x_wconf 87' lang='lat' dir='ltr'><strong>Paralipp.</strong></span> 
     </span>
     <span class='ocr_line' id='line_1_20' title="bbox 442 1761 1528 1827; baseline -0.002 -14"><span class='ocrx_word' id='word_1_86' title='bbox 442 1764 698 1813; x_wconf 83' lang='lat' dir='ltr'><strong>Armenn.</strong></span> <span class='ocrx_word' id='word_1_87' title='bbox 740 1761 956 1826; x_wconf 87' lang='lat' dir='ltr'><strong>(Venet.</strong></span> <span class='ocrx_word' id='word_1_88' title='bbox 1003 1761 1188 1818; x_wconf 83' lang='lat'><strong>1826.)</strong></span> <span class='ocrx_word' id='word_1_89' title='bbox 1234 1763 1528 1827; x_wconf 67' lang='lat' dir='ltr'><strong>pag.‚217,</strong></span> 
     </span>
     <span class='ocr_line' id='line_1_21' title="bbox 441 1831 1529 1898; baseline -0.003 -15"><span class='ocrx_word' id='word_1_90' title='bbox 441 1833 546 1883; x_wconf 86' lang='lat' dir='ltr'><strong>hoc</strong></span> <span class='ocrx_word' id='word_1_91' title='bbox 582 1847 798 1898; x_wconf 88' lang='lat' dir='ltr'><strong>quoque</strong></span> <span class='ocrx_word' id='word_1_92' title='bbox 834 1831 1071 1896; x_wconf 89' lang='lat' dir='ltr'><strong>addens,</strong></span> <span class='ocrx_word' id='word_1_93' title='bbox 1117 1847 1226 1881; x_wconf 89' lang='lat' dir='ltr'><strong>non</strong></span> <span class='ocrx_word' id='word_1_94' title='bbox 1262 1831 1426 1882; x_wconf 88' lang='lat' dir='ltr'><strong>aliam</strong></span> <span class='ocrx_word' id='word_1_95' title='bbox 1461 1831 1529 1881; x_wconf 92' lang='lat' dir='ltr'><strong>ob</strong></span> 
     </span>
     <span class='ocr_line' id='line_1_22' title="bbox 443 1902 1532 1968; baseline -0.003 -15"><span class='ocrx_word' id='word_1_96' title='bbox 443 1917 666 1953; x_wconf 84' lang='lat' dir='ltr'><strong>causam</strong></span> <span class='ocrx_word' id='word_1_97' title='bbox 716 1918 911 1967; x_wconf 84' lang='lat' dir='ltr'><strong>corpus</strong></span> <span class='ocrx_word' id='word_1_98' title='bbox 960 1917 1175 1968; x_wconf 85' lang='lat' dir='ltr'><strong>quoque</strong></span> <span class='ocrx_word' id='word_1_99' title='bbox 1217 1902 1532 1952; x_wconf 88' lang='lat' dir='ltr'><strong>sacerdotes</strong></span> 
     </span>
     <span class='ocr_line' id='line_1_23' title="bbox 443 1972 1535 2034; baseline 0.001 -13"><span class='ocrx_word' id='word_1_100' title='bbox 443 1972 859 2023; x_wconf 80' lang='lat' dir='ltr'><strong>accuratissime</strong></span> <span class='ocrx_word' id='word_1_101' title='bbox 903 1974 1114 2023; x_wconf 87' lang='lat' dir='ltr'><strong>radere.</strong></span> <span class='ocrx_word' id='word_1_102' title='bbox 1198 1974 1352 2034; x_wconf 81' lang='lat' dir='ltr'><strong>Quae</strong></span> <span class='ocrx_word' id='word_1_103' title='bbox 1407 1987 1535 2022; x_wconf 89' lang='lat' dir='ltr'><strong>con·</strong></span> 
     </span>
     <span class='ocr_line' id='line_1_24' title="bbox 442 2041 1533 2106; baseline -0.001 -15"><span class='ocrx_word' id='word_1_104' title='bbox 442 2041 646 2091; x_wconf 84' lang='lat' dir='ltr'><strong>firmari</strong></span> <span class='ocrx_word' id='word_1_105' title='bbox 684 2041 936 2091; x_wconf 84' lang='lat' dir='ltr'><strong>dicuntur</strong></span> <span class='ocrx_word' id='word_1_106' title='bbox 970 2043 1065 2102; x_wconf 85' lang='lat' dir='ltr'><strong>iis,</strong></span> <span class='ocrx_word' id='word_1_107' title='bbox 1112 2057 1250 2106; x_wconf 85' lang='lat' dir='ltr'><strong>qnae</strong></span> <span class='ocrx_word' id='word_1_108' title='bbox 1295 2041 1533 2092; x_wconf 88' lang='lat' dir='ltr'><strong>Niebuh-</strong></span> 
     </span>
     <span class='ocr_line' id='line_1_25' title="bbox 443 2109 1532 2175; baseline 0.001 -16"><span class='ocrx_word' id='word_1_109' title='bbox 443 2111 555 2160; x_wconf 87' lang='lat' dir='ltr'><strong>rius</strong></span> <span class='ocrx_word' id='word_1_110' title='bbox 591 2112 649 2159; x_wconf 88' lang='lat' dir='ltr'><strong>in</strong></span> <span class='ocrx_word' id='word_1_111' title='bbox 682 2109 766 2158; x_wconf 87' lang='lat' dir='ltr'><strong>his</strong></span> <span class='ocrx_word' id='word_1_112' title='bbox 805 2111 938 2175; x_wconf 86' lang='lat' dir='ltr'><strong>ipsis</strong></span> <span class='ocrx_word' id='word_1_113' title='bbox 964 2111 1192 2160; x_wconf 79' lang='lat' dir='ltr'><strong>orientis</strong></span> <span class='ocrx_word' id='word_1_114' title='bbox 1215 2112 1532 2174; x_wconf 84' lang='lat' dir='ltr'><strong>regionibus</strong></span> 
     </span>
     <span class='ocr_line' id='line_1_26' title="bbox 444 2179 1530 2243; baseline -0.002 -14"><span class='ocrx_word' id='word_1_115' title='bbox 444 2179 673 2241; x_wconf 82' lang='lat' dir='ltr'><strong>audivit,</strong></span> <span class='ocrx_word' id='word_1_116' title='bbox 710 2194 957 2243; x_wconf 87' lang='lat' dir='ltr'><strong>quaeque</strong></span> <span class='ocrx_word' id='word_1_117' title='bbox 981 2180 1076 2229; x_wconf 87' lang='lat' dir='ltr'><strong>alii</strong></span> <span class='ocrx_word' id='word_1_118' title='bbox 1108 2179 1233 2228; x_wconf 89' lang='lat' dir='ltr'><strong>aliis</strong></span> <span class='ocrx_word' id='word_1_119' title='bbox 1265 2180 1319 2227; x_wconf 90' lang='lat' dir='ltr'><strong>in</strong></span> <span class='ocrx_word' id='word_1_120' title='bbox 1352 2180 1530 2240; x_wconf 87' lang='lat' dir='ltr'><strong>terris,</strong></span> 
     </span>
     <span class='ocr_line' id='line_1_27' title="bbox 444 2247 1532 2312; baseline -0.003 -13"><span class='ocrx_word' id='word_1_121' title='bbox 444 2247 756 2299; x_wconf 86' lang='lat' dir='ltr'><strong>Australiae</strong></span> <span class='ocrx_word' id='word_1_122' title='bbox 789 2250 978 2312; x_wconf 84' lang='lat' dir='ltr'><strong>opinor</strong></span> <span class='ocrx_word' id='word_1_123' title='bbox 1003 2250 1059 2297; x_wconf 87' lang='lat' dir='ltr'><strong>in</strong></span> <span class='ocrx_word' id='word_1_124' title='bbox 1099 2248 1310 2312; x_wconf 89' lang='lat' dir='ltr'><strong>insulis,</strong></span> <span class='ocrx_word' id='word_1_125' title='bbox 1351 2249 1532 2298; x_wconf 83' lang='lat' dir='ltr'><strong>obser-</strong></span> 
     </span>
     <span class='ocr_line' id='line_1_28' title="bbox 443 2317 1527 2369; baseline -0.002 -1"><span class='ocrx_word' id='word_1_126' title='bbox 443 2323 664 2369; x_wconf 81' lang='lat' dir='ltr'><strong>varunt.</strong></span> <span class='ocrx_word' id='word_1_127' title='bbox 738 2317 862 2367; x_wconf 89' lang='lat' dir='ltr'><strong>Vid.</strong></span> <span class='ocrx_word' id='word_1_128' title='bbox 901 2318 1160 2368; x_wconf 84' lang='lat' dir='ltr'><strong>Larcher.</strong></span> <span class='ocrx_word' id='word_1_129' title='bbox 1198 2323 1314 2368; x_wconf 85' lang='lat' dir='ltr'><strong>not.</strong></span> <span class='ocrx_word' id='word_1_130' title='bbox 1365 2319 1437 2368; x_wconf 85' lang='lat' dir='ltr'><strong>ad</strong></span> <span class='ocrx_word' id='word_1_131' title='bbox 1471 2317 1527 2367; x_wconf 85' lang='lat' dir='ltr'><strong>h.</strong></span> 
     </span>
     <span class='ocr_line' id='line_1_29' title="bbox 445 2387 1529 2452; baseline -0.003 -15"><span class='ocrx_word' id='word_1_132' title='bbox 445 2387 503 2450; x_wconf 90' lang='lat' dir='ltr'><strong>l.,</strong></span> <span class='ocrx_word' id='word_1_133' title='bbox 543 2388 635 2452; x_wconf 87' lang='lat' dir='ltr'><strong>qui</strong></span> <span class='ocrx_word' id='word_1_134' title='bbox 672 2387 814 2437; x_wconf 87' lang='lat' dir='ltr'><strong>idem</strong></span> <span class='ocrx_word' id='word_1_135' title='bbox 864 2387 1210 2438; x_wconf 85' lang='lat' dir='ltr'><strong>sacerdotum</strong></span> <span class='ocrx_word' id='word_1_136' title='bbox 1249 2387 1529 2437; x_wconf 87' lang='lat' dir='ltr'><strong>circumci-</strong></span> 
     </span>
     <span class='ocr_line' id='line_1_30' title="bbox 444 2455 1527 2522; baseline -0.004 -14"><span class='ocrx_word' id='word_1_137' title='bbox 444 2458 651 2508; x_wconf 86' lang='lat' dir='ltr'><strong>sionem</strong></span> <span class='ocrx_word' id='word_1_138' title='bbox 694 2455 765 2507; x_wconf 89' lang='lat' dir='ltr'><strong>ad</strong></span> <span class='ocrx_word' id='word_1_139' title='bbox 811 2458 1158 2522; x_wconf 88' lang='lat' dir='ltr'><strong>praecipuam</strong></span> <span class='ocrx_word' id='word_1_140' title='bbox 1196 2456 1527 2507; x_wconf 79' lang='lat' dir='ltr'><strong>valetudinis</strong></span> 
     </span>
     <span class='ocr_line' id='line_1_31' title="bbox 445 2526 1529 2592; baseline -0.002 -15"><span class='ocrx_word' id='word_1_141' title='bbox 445 2542 658 2589; x_wconf 85' lang='lat' dir='ltr'><strong>euram,</strong></span> <span class='ocrx_word' id='word_1_142' title='bbox 709 2527 974 2578; x_wconf 74' lang='lat' dir='ltr'><strong>munditie</strong></span> <span class='ocrx_word' id='word_1_143' title='bbox 1029 2526 1370 2592; x_wconf 86' lang='lat' dir='ltr'><strong>potissimum</strong></span> <span class='ocrx_word' id='word_1_144' title='bbox 1419 2542 1529 2576; x_wconf 86' lang='lat' dir='ltr'><strong>ser·</strong></span> 
     </span>
     <span class='ocr_line' id='line_1_32' title="bbox 443 2596 1530 2659; baseline 0 -13"><span class='ocrx_word' id='word_1_145' title='bbox 443 2597 657 2647; x_wconf 82' lang='lat' dir='ltr'><strong>vandae</strong></span> <span class='ocrx_word' id='word_1_146' title='bbox 694 2602 803 2646; x_wconf 89' lang='lat' dir='ltr'><strong>tarn</strong></span> <span class='ocrx_word' id='word_1_147' title='bbox 843 2596 1020 2647; x_wconf 86' lang='lat' dir='ltr'><strong>calido</strong></span> <span class='ocrx_word' id='word_1_148' title='bbox 1044 2597 1145 2646; x_wconf 87' lang='lat' dir='ltr'><strong>sub</strong></span> <span class='ocrx_word' id='word_1_149' title='bbox 1172 2596 1354 2659; x_wconf 69' lang='lat' dir='ltr'><strong>coelo„</strong></span> <span class='ocrx_word' id='word_1_150' title='bbox 1380 2611 1530 2646; x_wconf 82' lang='lat' dir='ltr'><strong>revo-</strong></span> 
     </span>
     <span class='ocr_line' id='line_1_33' title="bbox 444 2665 1525 2731; baseline -0.003 -14"><span class='ocrx_word' id='word_1_151' title='bbox 444 2673 555 2717; x_wconf 87' lang='lat' dir='ltr'><strong>cat.</strong></span> <span class='ocrx_word' id='word_1_152' title='bbox 627 2665 767 2716; x_wconf 78' lang='lat' dir='ltr'><strong>Add.</strong></span> <span class='ocrx_word' id='word_1_153' title='bbox 806 2667 1015 2717; x_wconf 90' lang='lat' dir='ltr'><strong>Bohlen</strong></span> <span class='ocrx_word' id='word_1_154' title='bbox 1053 2666 1122 2717; x_wconf 85' lang='lat' dir='ltr'><strong>ad</strong></span> <span class='ocrx_word' id='word_1_155' title='bbox 1163 2667 1361 2717; x_wconf 83' lang='lat' dir='ltr'><strong>Genes.</strong></span> <span class='ocrx_word' id='word_1_156' title='bbox 1399 2681 1525 2731; x_wconf 79' lang='lat' dir='ltr'><strong>pag.</strong></span> 
     </span>
     <span class='ocr_line' id='line_1_34' title="bbox 447 2735 1527 2801; baseline -0.002 -15"><span class='ocrx_word' id='word_1_157' title='bbox 447 2737 543 2787; x_wconf 82' lang='lat'><strong>191</strong></span> <span class='ocrx_word' id='word_1_158' title='bbox 586 2751 700 2801; x_wconf 88' lang='lat' dir='ltr'><strong>seq.</strong></span> <span class='ocrx_word' id='word_1_159' title='bbox 735 2735 854 2787; x_wconf 80' lang='lat'><strong>195.</strong></span> <span class='ocrx_word' id='word_1_160' title='bbox 929 2739 1033 2787; x_wconf 86' lang='lat' dir='ltr'><strong>Est</strong></span> <span class='ocrx_word' id='word_1_161' title='bbox 1079 2736 1293 2801; x_wconf 86' lang='lat' dir='ltr'><strong>quidem</strong></span> <span class='ocrx_word' id='word_1_162' title='bbox 1339 2751 1405 2786; x_wconf 89' lang='lat' dir='ltr'><strong>ea</strong></span> <span class='ocrx_word' id='word_1_163' title='bbox 1440 2750 1527 2785; x_wconf 87' lang='lat' dir='ltr'><strong>res</strong></span> 
     </span>
     <span class='ocr_line' id='line_1_35' title="bbox 444 2805 1530 2871; baseline -0.002 -17"><span class='ocrx_word' id='word_1_164' title='bbox 444 2805 710 2870; x_wconf 84' lang='lat' dir='ltr'><strong>hodieque</strong></span> <span class='ocrx_word' id='word_1_165' title='bbox 746 2806 907 2860; x_wconf 85' lang='lat' dir='ltr'><strong>valde</strong></span> <span class='ocrx_word' id='word_1_166' title='bbox 941 2806 1250 2871; x_wconf 86' lang='lat' dir='ltr'><strong>disceptata</strong></span> <span class='ocrx_word' id='word_1_167' title='bbox 1272 2806 1417 2855; x_wconf 87' lang='lat' dir='ltr'><strong>inter</strong></span> <span class='ocrx_word' id='word_1_168' title='bbox 1451 2805 1530 2854; x_wconf 81' lang='lat' dir='ltr'><strong>vi-</strong></span> 
     </span>
     <span class='ocr_line' id='line_1_36' title="bbox 445 2873 1528 2940; baseline -0.001 -16"><span class='ocrx_word' id='word_1_169' title='bbox 445 2889 534 2924; x_wconf 89' lang='lat' dir='ltr'><strong>ros</strong></span> <span class='ocrx_word' id='word_1_170' title='bbox 572 2873 789 2937; x_wconf 89' lang='lat' dir='ltr'><strong>doctos,</strong></span> <span class='ocrx_word' id='word_1_171' title='bbox 838 2878 930 2940; x_wconf 90' lang='lat' dir='ltr'><strong>qni</strong></span> <span class='ocrx_word' id='word_1_172' title='bbox 977 2876 1229 2925; x_wconf 73' lang='lat' dir='ltr'><strong>certatim</strong></span> <span class='ocrx_word' id='word_1_173' title='bbox 1276 2875 1331 2924; x_wconf 88' lang='lat' dir='ltr'><strong>in</strong></span> <span class='ocrx_word' id='word_1_174' title='bbox 1363 2875 1528 2924; x_wconf 84' lang='lat' dir='ltr'><strong>moris</strong></span> 
     </span>
     <span class='ocr_line' id='line_1_37' title="bbox 446 2944 1530 3009; baseline 0 -16"><span class='ocrx_word' id='word_1_175' title='bbox 446 2944 710 3008; x_wconf 81' lang='lat' dir='ltr'><strong>originem</strong></span> <span class='ocrx_word' id='word_1_176' title='bbox 763 2949 930 3009; x_wconf 86' lang='lat' dir='ltr'><strong>atque</strong></span> <span class='ocrx_word' id='word_1_177' title='bbox 982 2959 1177 2995; x_wconf 88' lang='lat' dir='ltr'><strong>causas</strong></span> <span class='ocrx_word' id='word_1_178' title='bbox 1238 2944 1530 3009; x_wconf 88' lang='lat' dir='ltr'><strong>inquisive-</strong></span> 
     </span>
     <span class='ocr_line' id='line_1_38' title="bbox 445 3013 1530 3078; baseline 0.002 -18"><span class='ocrx_word' id='word_1_179' title='bbox 445 3017 589 3061; x_wconf 84' lang='lat' dir='ltr'><strong>runt.</strong></span> <span class='ocrx_word' id='word_1_180' title='bbox 672 3013 758 3061; x_wconf 90' lang='lat' dir='ltr'><strong>De</strong></span> <span class='ocrx_word' id='word_1_181' title='bbox 810 3014 1020 3078; x_wconf 79' lang='lat' dir='ltr'><strong>origine</strong></span> <span class='ocrx_word' id='word_1_182' title='bbox 1066 3013 1230 3062; x_wconf 87' lang='lat' dir='ltr'><strong>moris</strong></span> <span class='ocrx_word' id='word_1_183' title='bbox 1276 3018 1530 3077; x_wconf 87' lang='lat' dir='ltr'><strong>opportu-</strong></span> 
     </span>
     <span class='ocr_line' id='line_1_39' title="bbox 444 3080 1528 3146; baseline 0.003 -18"><span class='ocrx_word' id='word_1_184' title='bbox 444 3081 568 3130; x_wconf 86' lang='lat' dir='ltr'><strong>nius</strong></span> <span class='ocrx_word' id='word_1_185' title='bbox 616 3080 934 3132; x_wconf 87' lang='lat' dir='ltr'><strong>instituetur</strong></span> <span class='ocrx_word' id='word_1_186' title='bbox 990 3082 1288 3146; x_wconf 83' lang='lat' dir='ltr'><strong>disputatio</strong></span> <span class='ocrx_word' id='word_1_187' title='bbox 1339 3082 1407 3131; x_wconf 89' lang='lat' dir='ltr'><strong>ad</strong></span> <span class='ocrx_word' id='word_1_188' title='bbox 1452 3082 1528 3143; x_wconf 89' lang='lat'><strong>11,</strong></span> 
     </span>
     <span class='ocr_line' id='line_1_40' title="bbox 448 3149 1530 3201; baseline 0.001 -2"><span class='ocrx_word' id='word_1_189' title='bbox 448 3149 566 3200; x_wconf 75' lang='lat'><strong>104.</strong></span> <span class='ocrx_word' id='word_1_190' title='bbox 638 3151 724 3199; x_wconf 92' lang='lat' dir='ltr'><strong>De</strong></span> <span class='ocrx_word' id='word_1_191' title='bbox 759 3151 941 3200; x_wconf 84' lang='lat' dir='ltr'><strong>causis</strong></span> <span class='ocrx_word' id='word_1_192' title='bbox 976 3150 1065 3199; x_wconf 86' lang='lat' dir='ltr'><strong>hic</strong></span> <span class='ocrx_word' id='word_1_193' title='bbox 1099 3150 1360 3200; x_wconf 80' lang='lat' dir='ltr'><strong>nonnulla</strong></span> <span class='ocrx_word' id='word_1_194' title='bbox 1396 3150 1530 3201; x_wconf 88' lang='lat' dir='ltr'><strong>adii-</strong></span> 
     </span>
     <span class='ocr_line' id='line_1_41' title="bbox 446 3219 1529 3284; baseline 0.002 -16"><span class='ocrx_word' id='word_1_195' title='bbox 446 3219 679 3282; x_wconf 81' lang='lat' dir='ltr'><strong>ciemus,</strong></span> <span class='ocrx_word' id='word_1_196' title='bbox 720 3234 861 3284; x_wconf 84' lang='lat' dir='ltr'><strong>quae</strong></span> <span class='ocrx_word' id='word_1_197' title='bbox 897 3220 968 3270; x_wconf 82' lang='lat' dir='ltr'><strong>ad</strong></span> <span class='ocrx_word' id='word_1_198' title='bbox 1007 3220 1273 3270; x_wconf 86' lang='lat' dir='ltr'><strong>Herodoti</strong></span> <span class='ocrx_word' id='word_1_199' title='bbox 1310 3223 1529 3271; x_wconf 88' lang='lat' dir='ltr'><strong>senten·</strong></span> 
     </span>
     <span class='ocr_line' id='line_1_42' title="bbox 445 3288 1532 3354; baseline 0.003 -17"><span class='ocrx_word' id='word_1_200' title='bbox 445 3289 580 3339; x_wconf 88' lang='lat' dir='ltr'><strong>tiam</strong></span> <span class='ocrx_word' id='word_1_201' title='bbox 609 3288 897 3354; x_wconf 85' lang='lat' dir='ltr'><strong>pertinent,</strong></span> <span class='ocrx_word' id='word_1_202' title='bbox 924 3305 1031 3354; x_wconf 85' lang='lat' dir='ltr'><strong>qna</strong></span> <span class='ocrx_word' id='word_1_203' title='bbox 1055 3288 1339 3340; x_wconf 87' lang='lat' dir='ltr'><strong>munditiei</strong></span> <span class='ocrx_word' id='word_1_204' title='bbox 1362 3305 1532 3340; x_wconf 88' lang='lat' dir='ltr'><strong>cansa</strong></span> 
     </span>
     <span class='ocr_line' id='line_1_43' title="bbox 447 3357 1527 3410; baseline 0.001 -3"><span class='ocrx_word' id='word_1_205' title='bbox 447 3357 762 3409; x_wconf 82' lang='lat' dir='ltr'><strong>sacerdotes</strong></span> <span class='ocrx_word' id='word_1_206' title='bbox 785 3358 1097 3410; x_wconf 85' lang='lat' dir='ltr'><strong>circumcidi</strong></span> <span class='ocrx_word' id='word_1_207' title='bbox 1122 3360 1338 3410; x_wconf 77' lang='lat' dir='ltr'><strong>statuit.</strong></span> <span class='ocrx_word' id='word_1_208' title='bbox 1388 3360 1527 3410; x_wconf 87' lang='lat' dir='ltr'><strong>Nam</strong></span> 
     </span>
     <span class='ocr_line' id='line_1_44' title="bbox 444 3428 1530 3480; baseline 0 -2"><span class='ocrx_word' id='word_1_209' title='bbox 444 3428 678 3480; x_wconf 81' lang='lat' dir='ltr'><strong>Iudaeos</strong></span> <span class='ocrx_word' id='word_1_210' title='bbox 720 3428 858 3478; x_wconf 84' lang='lat' dir='ltr'><strong>satis</strong></span> <span class='ocrx_word' id='word_1_211' title='bbox 900 3432 1120 3479; x_wconf 87' lang='lat' dir='ltr'><strong>constat</strong></span> <span class='ocrx_word' id='word_1_212' title='bbox 1161 3429 1389 3479; x_wconf 79' lang='lat' dir='ltr'><strong>eundem</strong></span> <span class='ocrx_word' id='word_1_213' title='bbox 1421 3444 1530 3478; x_wconf 89' lang='lat' dir='ltr'><strong>mo-</strong></span> 
     </span>
     <span class='ocr_line' id='line_1_45' title="bbox 445 3497 1528 3563; baseline 0.001 -16"><span class='ocrx_word' id='word_1_214' title='bbox 445 3512 558 3548; x_wconf 87' lang='lat' dir='ltr'><strong>rem</strong></span> <span class='ocrx_word' id='word_1_215' title='bbox 581 3498 857 3563; x_wconf 86' lang='lat' dir='ltr'><strong>recepisse</strong></span> <span class='ocrx_word' id='word_1_216' title='bbox 905 3514 970 3549; x_wconf 86' lang='lat' dir='ltr'><strong>ex</strong></span> <span class='ocrx_word' id='word_1_217' title='bbox 1007 3497 1276 3563; x_wconf 81' lang='lat' dir='ltr'><strong>Aegypto,</strong></span> <span class='ocrx_word' id='word_1_218' title='bbox 1312 3503 1374 3548; x_wconf 86' lang='lat' dir='ltr'><strong>ut</strong></span> <span class='ocrx_word' id='word_1_219' title='bbox 1411 3498 1528 3562; x_wconf 85' lang='lat' dir='ltr'><strong>qui-</strong></span> 
     </span>
     <span class='ocr_line' id='line_1_46' title="bbox 445 3567 1526 3628; baseline 0 -11"><span class='ocrx_word' id='word_1_220' title='bbox 445 3567 676 3617; x_wconf 85' lang='lat' dir='ltr'><strong>busdam</strong></span> <span class='ocrx_word' id='word_1_221' title='bbox 695 3568 929 3618; x_wconf 79' lang='lat' dir='ltr'><strong>videtur.</strong></span> <span class='ocrx_word' id='word_1_222' title='bbox 975 3568 1103 3618; x_wconf 84' lang='lat' dir='ltr'><strong>vid.</strong></span> <span class='ocrx_word' id='word_1_223' title='bbox 1132 3568 1329 3618; x_wconf 88' lang='lat' dir='ltr'><strong>Genes.</strong></span> <span class='ocrx_word' id='word_1_224' title='bbox 1348 3568 1526 3628; x_wconf 86' lang='lat' dir='ltr'>XVII,</span> 
     </span>
     <span class='ocr_line' id='line_1_47' title="bbox 448 3635 1524 3703; baseline 0 -18"><span class='ocrx_word' id='word_1_225' title='bbox 448 3635 510 3686; x_wconf 88' lang='lat'><strong>11</strong></span> <span class='ocrx_word' id='word_1_226' title='bbox 551 3652 702 3703; x_wconf 86' lang='lat' dir='ltr'><strong>seqq.</strong></span> <span class='ocrx_word' id='word_1_227' title='bbox 749 3642 804 3687; x_wconf 90' lang='lat' dir='ltr'><strong>et</strong></span> <span class='ocrx_word' id='word_1_228' title='bbox 840 3637 987 3687; x_wconf 79' lang='lat' dir='ltr'><strong>conf.</strong></span> <span class='ocrx_word' id='word_1_229' title='bbox 1024 3637 1280 3700; x_wconf 81' lang='lat' dir='ltr'><strong>Spencer.</strong></span> <span class='ocrx_word' id='word_1_230' title='bbox 1310 3636 1377 3686; x_wconf 88' lang='lat' dir='ltr'><strong>de</strong></span> <span class='ocrx_word' id='word_1_231' title='bbox 1410 3638 1524 3686; x_wconf 86' lang='lat' dir='ltr'><strong>ritt.</strong></span> 
     </span>
     <span class='ocr_line' id='line_1_48' title="bbox 443 3704 1530 3770; baseline 0 -17"><span class='ocrx_word' id='word_1_232' title='bbox 443 3704 643 3757; x_wconf 87' lang='lat' dir='ltr'><strong>Hebrr.</strong></span> <span class='ocrx_word' id='word_1_233' title='bbox 678 3707 723 3767; x_wconf 89' lang='lat'><strong>1,</strong></span> <span class='ocrx_word' id='word_1_234' title='bbox 761 3707 814 3756; x_wconf 83' lang='lat'><strong>5.</strong></span> <span class='ocrx_word' id='word_1_235' title='bbox 851 3711 987 3757; x_wconf 86' lang='lat' dir='ltr'><strong>sect.</strong></span> <span class='ocrx_word' id='word_1_236' title='bbox 1018 3706 1115 3756; x_wconf 86' lang='lat' dir='ltr'><strong>IV.</strong></span> <span class='ocrx_word' id='word_1_237' title='bbox 1154 3721 1208 3770; x_wconf 87' lang='lat' dir='ltr'><strong>p.</strong></span> <span class='ocrx_word' id='word_1_238' title='bbox 1247 3707 1314 3756; x_wconf 81' lang='lat'><strong>55</strong></span> <span class='ocrx_word' id='word_1_239' title='bbox 1335 3720 1449 3770; x_wconf 89' lang='lat' dir='ltr'><strong>seq.</strong></span> <span class='ocrx_word' id='word_1_240' title='bbox 1484 3721 1530 3754; x_wconf 88' lang='lat' dir='ltr'><strong>s.</strong></span> 
     </span>
     <span class='ocr_line' id='line_1_49' title="bbox 444 3772 1532 3840; baseline -0.003 -16"><span class='ocrx_word' id='word_1_241' title='bbox 444 3772 531 3834; x_wconf 84' lang='lat'><strong>58,</strong></span> <span class='ocrx_word' id='word_1_242' title='bbox 565 3775 671 3824; x_wconf 60' lang='lat' dir='ltr'><strong>*nbi</strong></span> <span class='ocrx_word' id='word_1_243' title='bbox 719 3776 908 3826; x_wconf 77' lang='lat' dir='ltr'><strong>variae</strong></span> <span class='ocrx_word' id='word_1_244' title='bbox 957 3779 1122 3840; x_wconf 83' lang='lat' dir='ltr'><strong>atque</strong></span> <span class='ocrx_word' id='word_1_245' title='bbox 1168 3775 1418 3825; x_wconf 83' lang='lat' dir='ltr'><strong>diversae</strong></span> <span class='ocrx_word' id='word_1_246' title='bbox 1452 3774 1532 3822; x_wconf 84' lang='lat' dir='ltr'><strong>vi-</strong></span> 
     </span>
     <span class='ocr_line' id='line_1_50' title="bbox 446 3843 1530 3961; baseline 0.003 -72"><span class='ocrx_word' id='word_1_247' title='bbox 446 3855 656 3961; x_wconf 64' lang='lat' dir='ltr'><strong>ror-nme</strong></span> <span class='ocrx_word' id='word_1_248' title='bbox 665 3844 949 3894; x_wconf 86' lang='lat' dir='ltr'><strong>doctorum</strong></span> <span class='ocrx_word' id='word_1_249' title='bbox 987 3844 1055 3895; x_wconf 89' lang='lat' dir='ltr'><strong>de</strong></span> <span class='ocrx_word' id='word_1_250' title='bbox 1090 3845 1329 3894; x_wconf 85' lang='lat' dir='ltr'><strong>instituti</strong></span> <span class='ocrx_word' id='word_1_251' title='bbox 1371 3843 1530 3893; x_wconf 87' lang='lat' dir='ltr'><strong>huius</strong></span> 
     </span>
     <span class='ocr_line' id='line_1_51' title="bbox 446 3909 1534 3978; baseline 0.004 -20"><span class='ocrx_word' id='word_1_252' title='bbox 446 3909 582 3959; x_wconf 90' lang='lat' dir='ltr'><strong>ori</strong></span> <span class='ocrx_word' id='word_1_253' title='bbox 626 3918 858 3978; x_wconf 86' lang='lat' dir='ltr'><strong>eatque</strong></span> <span class='ocrx_word' id='word_1_254' title='bbox 892 3914 1119 3964; x_wconf 86' lang='lat' dir='ltr'><strong>consilio</strong></span> <span class='ocrx_word' id='word_1_255' title='bbox 1147 3927 1254 3963; x_wconf 88' lang='lat' dir='ltr'><strong>uno</strong></span> <span class='ocrx_word' id='word_1_256' title='bbox 1279 3913 1379 3963; x_wconf 89' lang='lat' dir='ltr'><strong>sub</strong></span> <span class='ocrx_word' id='word_1_257' title='bbox 1405 3927 1534 3963; x_wconf 89' lang='lat' dir='ltr'><strong>con·</strong></span> 
     </span>
     <span class='ocr_line' id='line_1_52' title="bbox 447 3981 1532 4048; baseline 0.002 -21"><span class='ocrx_word' id='word_1_258' title='bbox 447 3991 547 4041; x_wconf 87' lang='lat' dir='ltr'><strong>spe</strong></span> <span class='ocrx_word' id='word_1_259' title='bbox 677 3987 971 4045; x_wconf 86' lang='lat' dir='ltr'><strong>ponuntur.</strong></span> <span class='ocrx_word' id='word_1_260' title='bbox 1043 3985 1181 4033; x_wconf 86' lang='lat' dir='ltr'><strong>Post</strong></span> <span class='ocrx_word' id='word_1_261' title='bbox 1227 3997 1386 4048; x_wconf 87' lang='lat' dir='ltr'><strong>quem</strong></span> <span class='ocrx_word' id='word_1_262' title='bbox 1435 3981 1532 4031; x_wconf 86' lang='lat' dir='ltr'><strong>alii</strong></span> 
     </span>
     <span class='ocr_line' id='line_1_53' title="bbox 445 4046 1534 4116; baseline 0.005 -21"><span class='ocrx_word' id='word_1_263' title='bbox 445 4046 591 4096; x_wconf 86' lang='lat' dir='ltr'><strong>idem</strong></span> <span class='ocrx_word' id='word_1_264' title='bbox 613 4056 991 4114; x_wconf 74' lang='lat' dir='ltr'><strong>argumentum</strong></span> <span class='ocrx_word' id='word_1_265' title='bbox 1018 4056 1344 4114; x_wconf 76' lang='lat' dir='ltr'><strong>tractarunt,</strong></span> <span class='ocrx_word' id='word_1_266' title='bbox 1374 4066 1534 4116; x_wconf 87' lang='lat' dir='ltr'><strong>prae-</strong></span> 
     </span>
     <span class='ocr_line' id='line_1_54' title="bbox 445 4116 1531 4185; baseline 0.004 -20"><span class='ocrx_word' id='word_1_267' title='bbox 445 4116 607 4180; x_wconf 66' lang='lat' dir='ltr'><strong>cipua</strong></span> <span class='ocrx_word' id='word_1_268' title='bbox 659 4121 842 4169; x_wconf 88' lang='lat' dir='ltr'><strong>tamen</strong></span> <span class='ocrx_word' id='word_1_269' title='bbox 904 4135 1037 4170; x_wconf 85' lang='lat' dir='ltr'><strong>cura</strong></span> <span class='ocrx_word' id='word_1_270' title='bbox 1083 4126 1400 4185; x_wconf 87' lang='lat' dir='ltr'><strong>persecutus</strong></span> <span class='ocrx_word' id='word_1_271' title='bbox 1447 4123 1531 4170; x_wconf 88' lang='lat' dir='ltr'><strong>est</strong></span> 
     </span>
     <span class='ocr_line' id='line_1_55' title="bbox 444 4185 1530 4254; baseline 0.005 -19"><span class='ocrx_word' id='word_1_272' title='bbox 444 4185 701 4236; x_wconf 78' lang='lat' dir='ltr'><strong>Meiners.</strong></span> <span class='ocrx_word' id='word_1_273' title='bbox 739 4188 796 4236; x_wconf 90' lang='lat' dir='ltr'><strong>in</strong></span> <span class='ocrx_word' id='word_1_274' title='bbox 827 4188 1152 4241; x_wconf 85' lang='lat' dir='ltr'><strong>Commentt.</strong></span> <span class='ocrx_word' id='word_1_275' title='bbox 1186 4191 1379 4240; x_wconf 85' lang='lat' dir='ltr'><strong>societ.</strong></span> <span class='ocrx_word' id='word_1_276' title='bbox 1414 4205 1530 4254; x_wconf 84' lang='lat' dir='ltr'><strong>reg.</strong></span> 
     </span>
    </p>
   </div>
   <div class='ocr_carea' id='block_1_7' title="bbox 446 4253 1530 4324">
    <p class='ocr_par' dir='ltr' id='par_1_7' title="bbox 446 4253 1530 4324">
     <span class='ocr_line' id='line_1_56' title="bbox 446 4253 1530 4324; baseline 0.002 -18"><span class='ocrx_word' id='word_1_277' title='bbox 446 4253 695 4320; x_wconf 79' lang='lat' dir='ltr'><strong>Gotting.</strong></span> <span class='ocrx_word' id='word_1_278' title='bbox 737 4255 847 4307; x_wconf 78' lang='lat' dir='ltr'><strong>vol.</strong></span> <span class='ocrx_word' id='word_1_279' title='bbox 883 4257 1035 4310; x_wconf 81' lang='lat' dir='ltr'><strong>XIV.</strong></span> <span class='ocrx_word' id='word_1_280' title='bbox 1070 4274 1199 4324; x_wconf 81' lang='lat' dir='ltr'><strong>pag.</strong></span> <span class='ocrx_word' id='word_1_281' title='bbox 1237 4260 1341 4310; x_wconf 85' lang='lat'><strong>207</strong></span> <span class='ocrx_word' id='word_1_282' title='bbox 1378 4273 1530 4323; x_wconf 89' lang='lat' dir='ltr'><strong>seqq.</strong></span> 
     </span>
    </p>
   </div>
   <div class='ocr_carea' id='block_1_8' title="bbox 444 4324 1565 4392">
    <p class='ocr_par' dir='ltr' id='par_1_8' title="bbox 444 4324 1565 4392">
     <span class='ocr_line' id='line_1_57' title="bbox 444 4324 1565 4392; baseline 0.002 -19"><span class='ocrx_word' id='word_1_283' title='bbox 444 4324 691 4389; x_wconf 81' lang='lat' dir='ltr'><strong>inprimis</strong></span> <span class='ocrx_word' id='word_1_284' title='bbox 728 4340 853 4392; x_wconf 79' lang='lat' dir='ltr'><strong>pag.</strong></span> <span class='ocrx_word' id='word_1_285' title='bbox 892 4326 992 4376; x_wconf 82' lang='lat'><strong>211</strong></span> <span class='ocrx_word' id='word_1_286' title='bbox 1043 4342 1179 4392; x_wconf 67' lang='lat' dir='ltr'><strong>seq„</strong></span> <span class='ocrx_word' id='word_1_287' title='bbox 1218 4328 1314 4377; x_wconf 88' lang='lat' dir='ltr'><strong>nbi</strong></span> <span class='ocrx_word' id='word_1_288' title='bbox 1349 4327 1565 4377; x_wconf 85' lang='lat' dir='ltr'><strong>varias·</strong></span> 
     </span>
    </p>
   </div>
   <div class='ocr_carea' id='block_1_9' title="bbox 440 4396 1535 4462">
    <p class='ocr_par' dir='ltr' id='par_1_9' title="bbox 440 4396 1535 4462">
     <span class='ocr_line' id='line_1_58' title="bbox 440 4396 1535 4462; baseline 0.003 -19"><span class='ocrx_word' id='word_1_289' title='bbox 440 4400 688 4446; x_wconf 86' lang='lat' dir='ltr'><strong>recenset</strong></span> <span class='ocrx_word' id='word_1_290' title='bbox 734 4401 848 4448; x_wconf 86' lang='lat' dir='ltr'><strong>tum</strong></span> <span class='ocrx_word' id='word_1_291' title='bbox 882 4396 1252 4462; x_wconf 84' lang='lat' dir='ltr'><strong>antiquiorum</strong></span> <span class='ocrx_word' id='word_1_292' title='bbox 1297 4401 1414 4448; x_wconf 85' lang='lat' dir='ltr'><strong>tum</strong></span> <span class='ocrx_word' id='word_1_293' title='bbox 1450 4411 1535 4446; x_wconf 87' lang='lat' dir='ltr'><strong>re-</strong></span> 
     </span>
    </p>
   </div>
   <div class='ocr_carea' id='block_1_10' title="bbox 1631 788 2734 2938">
    <p class='ocr_par' dir='ltr' id='par_1_10' title="bbox 1631 788 2727 2175">
     <span class='ocr_line' id='line_1_59' title="bbox 1634 788 2721 841; baseline -0.006 0"><span class='ocrx_word' id='word_1_294' title='bbox 1634 790 1934 841; x_wconf 88' lang='lat' dir='ltr'><strong>centiorum</strong></span> <span class='ocrx_word' id='word_1_295' title='bbox 1976 790 2047 838; x_wconf 83' lang='lat' dir='ltr'><strong>de</strong></span> <span class='ocrx_word' id='word_1_296' title='bbox 2089 790 2328 839; x_wconf 85' lang='lat' dir='ltr'><strong>instituti</strong></span> <span class='ocrx_word' id='word_1_297' title='bbox 2382 788 2545 837; x_wconf 85' lang='lat' dir='ltr'><strong>istius</strong></span> <span class='ocrx_word' id='word_1_298' title='bbox 2589 802 2721 836; x_wconf 84' lang='lat' dir='ltr'><strong>vera</strong></span> 
     </span>
     <span class='ocr_line' id='line_1_60' title="bbox 1634 857 2721 924; baseline -0.004 -15"><span class='ocrx_word' id='word_1_299' title='bbox 1634 874 1803 909; x_wconf 86' lang='lat' dir='ltr'><strong>causa</strong></span> <span class='ocrx_word' id='word_1_300' title='bbox 1839 866 2005 924; x_wconf 88' lang='lat' dir='ltr'><strong>atque</strong></span> <span class='ocrx_word' id='word_1_301' title='bbox 2040 860 2270 910; x_wconf 85' lang='lat' dir='ltr'><strong>ratione.</strong></span> <span class='ocrx_word' id='word_1_302' title='bbox 2346 860 2525 923; x_wconf 84' lang='lat' dir='ltr'><strong>Atque</strong></span> <span class='ocrx_word' id='word_1_303' title='bbox 2550 857 2721 906; x_wconf 87' lang='lat' dir='ltr'><strong>Hero-</strong></span> 
     </span>
     <span class='ocr_line' id='line_1_61' title="bbox 1634 925 2723 994; baseline -0.004 -15"><span class='ocrx_word' id='word_1_304' title='bbox 1634 929 1798 979; x_wconf 88' lang='lat' dir='ltr'><strong>dotea</strong></span> <span class='ocrx_word' id='word_1_305' title='bbox 1821 944 2020 991; x_wconf 87' lang='lat' dir='ltr'><strong>causa,</strong></span> <span class='ocrx_word' id='word_1_306' title='bbox 2058 928 2114 977; x_wconf 91' lang='lat' dir='ltr'><strong>in</strong></span> <span class='ocrx_word' id='word_1_307' title='bbox 2148 943 2259 994; x_wconf 89' lang='lat' dir='ltr'><strong>qna</strong></span> <span class='ocrx_word' id='word_1_308' title='bbox 2280 927 2578 978; x_wconf 80' lang='lat' dir='ltr'><strong>refellenda</strong></span> <span class='ocrx_word' id='word_1_309' title='bbox 2607 925 2723 991; x_wconf 89' lang='lat' dir='ltr'><strong>plu-</strong></span> 
     </span>
     <span class='ocr_line' id='line_1_62' title="bbox 1632 997 2722 1061; baseline -0.002 -14"><span class='ocrx_word' id='word_1_310' title='bbox 1632 999 1825 1049; x_wconf 90' lang='lat' dir='ltr'><strong>rimum</strong></span> <span class='ocrx_word' id='word_1_311' title='bbox 1856 999 1942 1047; x_wconf 80' lang='lat' dir='ltr'><strong>vir</strong></span> <span class='ocrx_word' id='word_1_312' title='bbox 1976 998 2171 1048; x_wconf 87' lang='lat' dir='ltr'><strong>doctus</strong></span> <span class='ocrx_word' id='word_1_313' title='bbox 2212 997 2470 1048; x_wconf 89' lang='lat' dir='ltr'><strong>insumsit</strong></span> <span class='ocrx_word' id='word_1_314' title='bbox 2506 1009 2722 1061; x_wconf 87' lang='lat' dir='ltr'><strong>operae,</strong></span> 
     </span>
     <span class='ocr_line' id='line_1_63' title="bbox 1631 1067 2719 1133; baseline -0.001 -16"><span class='ocrx_word' id='word_1_315' title='bbox 1631 1069 1952 1133; x_wconf 86' lang='lat' dir='ltr'><strong>reprobata,</strong></span> <span class='ocrx_word' id='word_1_316' title='bbox 2012 1069 2131 1133; x_wconf 90' lang='lat' dir='ltr'><strong>ipse</strong></span> <span class='ocrx_word' id='word_1_317' title='bbox 2174 1081 2295 1119; x_wconf 84' lang='lat' dir='ltr'><strong>eam</strong></span> <span class='ocrx_word' id='word_1_318' title='bbox 2350 1067 2719 1117; x_wconf 85' lang='lat' dir='ltr'><strong>coniecturam</strong></span> 
     </span>
     <span class='ocr_line' id='line_1_64' title="bbox 1632 1137 2720 1203; baseline -0.004 -16"><span class='ocrx_word' id='word_1_319' title='bbox 1632 1137 1873 1203; x_wconf 83' lang='lat' dir='ltr'><strong>profert,</strong></span> <span class='ocrx_word' id='word_1_320' title='bbox 1932 1152 2041 1202; x_wconf 88' lang='lat' dir='ltr'><strong>qua</strong></span> <span class='ocrx_word' id='word_1_321' title='bbox 2086 1137 2144 1187; x_wconf 85' lang='lat' dir='ltr'><strong>id</strong></span> <span class='ocrx_word' id='word_1_322' title='bbox 2192 1139 2483 1202; x_wconf 87' lang='lat' dir='ltr'><strong>praecipue</strong></span> <span class='ocrx_word' id='word_1_323' title='bbox 2527 1140 2720 1200; x_wconf 75' lang='lat' dir='ltr'><strong>gentes</strong></span> 
     </span>
     <span class='ocr_line' id='line_1_65' title="bbox 1633 1208 2719 1271; baseline -0.002 -16"><span class='ocrx_word' id='word_1_324' title='bbox 1633 1208 1691 1256; x_wconf 84' lang='lat' dir='ltr'><strong>in</strong></span> <span class='ocrx_word' id='word_1_325' title='bbox 1720 1208 2135 1258; x_wconf 85' lang='lat' dir='ltr'><strong>circumcisione</strong></span> <span class='ocrx_word' id='word_1_326' title='bbox 2153 1211 2433 1271; x_wconf 83' lang='lat' dir='ltr'><strong>spectasse</strong></span> <span class='ocrx_word' id='word_1_327' title='bbox 2450 1208 2719 1266; x_wconf 83' lang='lat' dir='ltr'><strong>autumat,</strong></span> 
     </span>
     <span class='ocr_line' id='line_1_66' title="bbox 1634 1275 2723 1342; baseline -0.004 -16"><span class='ocrx_word' id='word_1_328' title='bbox 1634 1281 1695 1326; x_wconf 90' lang='lat' dir='ltr'><strong>ut</strong></span> <span class='ocrx_word' id='word_1_329' title='bbox 1722 1277 1965 1342; x_wconf 88' lang='lat' dir='ltr'><strong>corporis</strong></span> <span class='ocrx_word' id='word_1_330' title='bbox 1996 1275 2339 1327; x_wconf 83' lang='lat' dir='ltr'><strong>mutilatione</strong></span> <span class='ocrx_word' id='word_1_331' title='bbox 2365 1290 2432 1326; x_wconf 79' lang='lat' dir='ltr'><strong>ac</strong></span> <span class='ocrx_word' id='word_1_332' title='bbox 2454 1275 2723 1340; x_wconf 74' lang='lat' dir='ltr'><strong>sanguine</strong></span> 
     </span>
     <span class='ocr_line' id='line_1_67' title="bbox 1636 1342 2723 1408; baseline -0.003 -13"><span class='ocrx_word' id='word_1_333' title='bbox 1636 1346 1805 1396; x_wconf 83' lang='lat' dir='ltr'><strong>effuso</strong></span> <span class='ocrx_word' id='word_1_334' title='bbox 1844 1347 1987 1396; x_wconf 85' lang='lat' dir='ltr'><strong>irata</strong></span> <span class='ocrx_word' id='word_1_335' title='bbox 2022 1351 2120 1396; x_wconf 87' lang='lat' dir='ltr'><strong>aut</strong></span> <span class='ocrx_word' id='word_1_336' title='bbox 2154 1346 2345 1396; x_wconf 76' lang='lat' dir='ltr'><strong>invida</strong></span> <span class='ocrx_word' id='word_1_337' title='bbox 2365 1346 2589 1395; x_wconf 88' lang='lat' dir='ltr'><strong>numina</strong></span> <span class='ocrx_word' id='word_1_338' title='bbox 2609 1342 2723 1408; x_wconf 86' lang='lat' dir='ltr'><strong>pla-</strong></span> 
     </span>
     <span class='ocr_line' id='line_1_68' title="bbox 1636 1415 2724 1477; baseline -0.004 -12"><span class='ocrx_word' id='word_1_339' title='bbox 1636 1421 1908 1467; x_wconf 88' lang='lat' dir='ltr'><strong>carentur.</strong></span> <span class='ocrx_word' id='word_1_340' title='bbox 2002 1415 2159 1477; x_wconf 80' lang='lat' dir='ltr'><strong>Quod</strong></span> <span class='ocrx_word' id='word_1_341' title='bbox 2222 1420 2284 1466; x_wconf 90' lang='lat' dir='ltr'><strong>ut</strong></span> <span class='ocrx_word' id='word_1_342' title='bbox 2348 1416 2567 1466; x_wconf 87' lang='lat' dir='ltr'><strong>omnino</strong></span> <span class='ocrx_word' id='word_1_343' title='bbox 2612 1427 2724 1476; x_wconf 87' lang='lat' dir='ltr'><strong>non</strong></span> 
     </span>
     <span class='ocr_line' id='line_1_69' title="bbox 1632 1483 2723 1549; baseline -0.003 -15"><span class='ocrx_word' id='word_1_344' title='bbox 1632 1486 1899 1536; x_wconf 87' lang='lat' dir='ltr'><strong>absonum</strong></span> <span class='ocrx_word' id='word_1_345' title='bbox 1926 1491 2010 1535; x_wconf 88' lang='lat' dir='ltr'><strong>est</strong></span> <span class='ocrx_word' id='word_1_346' title='bbox 2044 1500 2079 1534; x_wconf 97' lang='lat' dir='ltr'><strong>a</strong></span> <span class='ocrx_word' id='word_1_347' title='bbox 2107 1485 2321 1535; x_wconf 86' lang='lat' dir='ltr'><strong>rudium</strong></span> <span class='ocrx_word' id='word_1_348' title='bbox 2364 1485 2607 1549; x_wconf 84' lang='lat' dir='ltr'><strong>gentium</strong></span> <span class='ocrx_word' id='word_1_349' title='bbox 2643 1483 2723 1531; x_wconf 85' lang='lat' dir='ltr'><strong>in·</strong></span> 
     </span>
     <span class='ocr_line' id='line_1_70' title="bbox 1632 1553 2723 1620; baseline -0.003 -16"><span class='ocrx_word' id='word_1_350' title='bbox 1632 1554 1755 1605; x_wconf 88' lang='lat' dir='ltr'><strong>dole</strong></span> <span class='ocrx_word' id='word_1_351' title='bbox 1812 1571 1987 1620; x_wconf 87' lang='lat' dir='ltr'><strong>neque</strong></span> <span class='ocrx_word' id='word_1_352' title='bbox 2040 1569 2234 1606; x_wconf 82' lang='lat' dir='ltr'><strong>revera</strong></span> <span class='ocrx_word' id='word_1_353' title='bbox 2284 1569 2393 1604; x_wconf 88' lang='lat' dir='ltr'><strong>non</strong></span> <span class='ocrx_word' id='word_1_354' title='bbox 2446 1553 2723 1604; x_wconf 83' lang='lat' dir='ltr'><strong>invenitur</strong></span> 
     </span>
     <span class='ocr_line' id='line_1_71' title="bbox 1634 1622 2722 1690; baseline -0.002 -18"><span class='ocrx_word' id='word_1_355' title='bbox 1634 1628 1748 1673; x_wconf 89' lang='lat' dir='ltr'><strong>tum</strong></span> <span class='ocrx_word' id='word_1_356' title='bbox 1771 1624 1916 1689; x_wconf 89' lang='lat' dir='ltr'><strong>apud</strong></span> <span class='ocrx_word' id='word_1_357' title='bbox 1936 1625 2193 1690; x_wconf 87' lang='lat' dir='ltr'><strong>antiquas</strong></span> <span class='ocrx_word' id='word_1_358' title='bbox 2207 1662 2220 1687; x_wconf 96' lang='lat'><strong>,</strong></span> <span class='ocrx_word' id='word_1_359' title='bbox 2258 1628 2375 1674; x_wconf 90' lang='lat' dir='ltr'><strong>tum</strong></span> <span class='ocrx_word' id='word_1_360' title='bbox 2398 1638 2530 1674; x_wconf 82' lang='lat' dir='ltr'><strong>vero</strong></span> <span class='ocrx_word' id='word_1_361' title='bbox 2554 1622 2722 1673; x_wconf 85' lang='lat' dir='ltr'><strong>etiam</strong></span> 
     </span>
     <span class='ocr_line' id='line_1_72' title="bbox 1634 1691 2726 1759; baseline -0.001 -17"><span class='ocrx_word' id='word_1_362' title='bbox 1634 1695 1781 1758; x_wconf 84' lang='lat' dir='ltr'><strong>apud</strong></span> <span class='ocrx_word' id='word_1_363' title='bbox 1827 1695 1976 1759; x_wconf 88' lang='lat' dir='ltr'><strong>ipsas</strong></span> <span class='ocrx_word' id='word_1_364' title='bbox 2032 1695 2364 1744; x_wconf 86' lang='lat' dir='ltr'><strong>recentiores</strong></span> <span class='ocrx_word' id='word_1_365' title='bbox 2408 1691 2726 1743; x_wconf 82' lang='lat' dir='ltr'><strong>Australiae</strong></span> 
     </span>
     <span class='ocr_line' id='line_1_73' title="bbox 1635 1763 2724 1824; baseline -0.001 -12"><span class='ocrx_word' id='word_1_366' title='bbox 1635 1764 1905 1824; x_wconf 80' lang='lat' dir='ltr'><strong>nationes3</strong></span> <span class='ocrx_word' id='word_1_367' title='bbox 1941 1765 2022 1815; x_wconf 89' lang='lat' dir='ltr'><strong>ita</strong></span> <span class='ocrx_word' id='word_1_368' title='bbox 2048 1768 2233 1814; x_wconf 86' lang='lat' dir='ltr'><strong>tamen</strong></span> <span class='ocrx_word' id='word_1_369' title='bbox 2256 1764 2349 1812; x_wconf 80' lang='lat' dir='ltr'><strong>vix</strong></span> <span class='ocrx_word' id='word_1_370' title='bbox 2375 1763 2593 1813; x_wconf 80' lang='lat' dir='ltr'><strong>unicam</strong></span> <span class='ocrx_word' id='word_1_371' title='bbox 2610 1776 2724 1811; x_wconf 90' lang='lat' dir='ltr'><strong>mo-</strong></span> 
     </span>
     <span class='ocr_line' id='line_1_74' title="bbox 1636 1831 2725 1890; baseline -0.002 -8"><span class='ocrx_word' id='word_1_372' title='bbox 1636 1834 1711 1882; x_wconf 88' lang='lat' dir='ltr'><strong>ris</strong></span> <span class='ocrx_word' id='word_1_373' title='bbox 1732 1849 1968 1890; x_wconf 70' lang='lat' dir='ltr'><strong>‚causam</strong></span> <span class='ocrx_word' id='word_1_374' title='bbox 2006 1834 2177 1884; x_wconf 82' lang='lat' dir='ltr'><strong>fuisse</strong></span> <span class='ocrx_word' id='word_1_375' title='bbox 2197 1832 2376 1884; x_wconf 77' lang='lat' dir='ltr'><strong>credo.</strong></span> <span class='ocrx_word' id='word_1_376' title='bbox 2447 1831 2725 1884; x_wconf 80' lang='lat' dir='ltr'><strong>Accedere</strong></span> 
     </span>
     <span class='ocr_line' id='line_1_75' title="bbox 1635 1903 2726 1968; baseline -0.003 -16"><span class='ocrx_word' id='word_1_377' title='bbox 1635 1905 1827 1968; x_wconf 85' lang='lat' dir='ltr'><strong>utique</strong></span> <span class='ocrx_word' id='word_1_378' title='bbox 1859 1904 2041 1968; x_wconf 83' lang='lat' dir='ltr'><strong>potuit</strong></span> <span class='ocrx_word' id='word_1_379' title='bbox 2078 1903 2417 1953; x_wconf 67' lang='lat' dir='ltr'><strong>salubritatis</strong></span> <span class='ocrx_word' id='word_1_380' title='bbox 2465 1916 2626 1963; x_wconf 78' lang='lat' dir='ltr'><strong>cura,</strong></span> <span class='ocrx_word' id='word_1_381' title='bbox 2662 1905 2726 1949; x_wconf 87' lang='lat' dir='ltr'><strong>nt</strong></span> 
     </span>
     <span class='ocr_line' id='line_1_76' title="bbox 1636 1970 2727 2037; baseline -0.003 -15"><span class='ocrx_word' id='word_1_382' title='bbox 1636 1972 1792 2022; x_wconf 90' lang='lat' dir='ltr'><strong>Philo</strong></span> <span class='ocrx_word' id='word_1_383' title='bbox 1839 1971 2147 2033; x_wconf 80' lang='lat' dir='ltr'><strong>contendit3</strong></span> <span class='ocrx_word' id='word_1_384' title='bbox 2196 1986 2523 2037; x_wconf 81' lang='lat' dir='ltr'><strong>quamquam</strong></span> <span class='ocrx_word' id='word_1_385' title='bbox 2568 1970 2727 2022; x_wconf 85' lang='lat' dir='ltr'><strong>insti·</strong></span> 
     </span>
     <span class='ocr_line' id='line_1_77' title="bbox 1638 2041 2727 2107; baseline -0.002 -16"><span class='ocrx_word' id='word_1_386' title='bbox 1638 2046 1842 2104; x_wconf 86' lang='lat' dir='ltr'><strong>tutum,</strong></span> <span class='ocrx_word' id='word_1_387' title='bbox 1889 2043 1947 2092; x_wconf 91' lang='lat' dir='ltr'><strong>in</strong></span> <span class='ocrx_word' id='word_1_388' title='bbox 1985 2042 2311 2107; x_wconf 86' lang='lat' dir='ltr'><strong>quibusdam</strong></span> <span class='ocrx_word' id='word_1_389' title='bbox 2344 2041 2479 2092; x_wconf 86' lang='lat' dir='ltr'><strong>utile</strong></span> <span class='ocrx_word' id='word_1_390' title='bbox 2513 2045 2570 2092; x_wconf 95' lang='lat' dir='ltr'><strong>et</strong></span> <span class='ocrx_word' id='word_1_391' title='bbox 2609 2055 2727 2091; x_wconf 89' lang='lat' dir='ltr'><strong>cor-</strong></span> 
     </span>
     <span class='ocr_line' id='line_1_78' title="bbox 1635 2111 2725 2175; baseline -0.003 -14"><span class='ocrx_word' id='word_1_392' title='bbox 1635 2112 1782 2175; x_wconf 85' lang='lat' dir='ltr'><strong>poris</strong></span> <span class='ocrx_word' id='word_1_393' title='bbox 1816 2111 2102 2162; x_wconf 86' lang='lat' dir='ltr'><strong>mnnditiei</strong></span> <span class='ocrx_word' id='word_1_394' title='bbox 2134 2112 2464 2172; x_wconf 81' lang='lat' dir='ltr'><strong>inserviens,</strong></span> <span class='ocrx_word' id='word_1_395' title='bbox 2501 2125 2613 2160; x_wconf 88' lang='lat' dir='ltr'><strong>non</strong></span> <span class='ocrx_word' id='word_1_396' title='bbox 2635 2123 2725 2159; x_wconf 85' lang='lat' dir='ltr'><strong>us·</strong></span> 
     </span>
    </p>

    <p class='ocr_par' dir='ltr' id='par_1_11' title="bbox 1633 2177 2727 2383">
     <span class='ocr_line' id='line_1_79' title="bbox 1635 2177 2727 2246; baseline -0.002 -16"><span class='ocrx_word' id='word_1_397' title='bbox 1635 2195 1958 2246; x_wconf 84' lang='lat' dir='ltr'><strong>quequaque</strong></span> <span class='ocrx_word' id='word_1_398' title='bbox 1992 2182 2096 2232; x_wconf 88' lang='lat' dir='ltr'><strong>hoc</strong></span> <span class='ocrx_word' id='word_1_399' title='bbox 2122 2185 2178 2232; x_wconf 92' lang='lat' dir='ltr'><strong>et</strong></span> <span class='ocrx_word' id='word_1_400' title='bbox 2209 2183 2264 2231; x_wconf 90' lang='lat' dir='ltr'><strong>in</strong></span> <span class='ocrx_word' id='word_1_401' title='bbox 2288 2177 2539 2232; x_wconf 84' lang='lat' dir='ltr'><strong>omnibus</strong></span> <span class='ocrx_word' id='word_1_402' title='bbox 2569 2193 2727 2244; x_wconf 85' lang='lat' dir='ltr'><strong>prae·</strong></span> 
     </span>
     <span class='ocr_line' id='line_1_80' title="bbox 1635 2249 2724 2312; baseline 0.001 -16"><span class='ocrx_word' id='word_1_403' title='bbox 1635 2254 1782 2298; x_wconf 86' lang='lat' dir='ltr'><strong>stare</strong></span> <span class='ocrx_word' id='word_1_404' title='bbox 1814 2251 2048 2300; x_wconf 77' lang='lat' dir='ltr'><strong>videtur.</strong></span> <span class='ocrx_word' id='word_1_405' title='bbox 2114 2253 2297 2312; x_wconf 80' lang='lat' dir='ltr'><strong>Quare</strong></span> <span class='ocrx_word' id='word_1_406' title='bbox 2316 2249 2390 2300; x_wconf 85' lang='lat' dir='ltr'><strong>ad</strong></span> <span class='ocrx_word' id='word_1_407' title='bbox 2417 2264 2605 2300; x_wconf 85' lang='lat' dir='ltr'><strong>sacras</strong></span> <span class='ocrx_word' id='word_1_408' title='bbox 2637 2263 2724 2298; x_wconf 86' lang='lat' dir='ltr'><strong>res</strong></span> 
     </span>
     <span class='ocr_line' id='line_1_81' title="bbox 1633 2307 2723 2383; baseline 0.002 -17"><span class='ocrx_word' id='word_1_409' title='bbox 1633 2317 1865 2367; x_wconf 86' lang='lat' dir='ltr'><strong>relatum</strong></span> <span class='ocrx_word' id='word_1_410' title='bbox 1888 2318 2007 2368; x_wconf 80' lang='lat' dir='ltr'><strong>vult</strong></span> <span class='ocrx_word' id='word_1_411' title='bbox 2031 2319 2342 2369; x_wconf 82' lang='lat' dir='ltr'><strong>Hoffmann.</strong></span> <span class='ocrx_word' id='word_1_412' title='bbox 2398 2307 2723 2383; x_wconf 78' lang='lat' dir='ltr'><strong>(Eneyclop.</strong></span> 
     </span>
    </p>

    <p class='ocr_par' dir='ltr' id='par_1_12' title="bbox 1632 2387 2725 2453">
     <span class='ocr_line' id='line_1_82' title="bbox 1632 2387 2725 2453; baseline 0.001 -17"><span class='ocrx_word' id='word_1_413' title='bbox 1632 2403 1686 2436; x_wconf 82' lang='lat' dir='ltr'><strong>v.</strong></span> <span class='ocrx_word' id='word_1_414' title='bbox 1724 2387 1899 2438; x_wconf 85' lang='lat' dir='ltr'><strong>Ersch</strong></span> <span class='ocrx_word' id='word_1_415' title='bbox 1946 2403 2002 2440; x_wconf 94' lang='grc' dir='ltr'><strong>ιι.</strong></span> <span class='ocrx_word' id='word_1_416' title='bbox 2047 2388 2259 2438; x_wconf 83' lang='lat' dir='ltr'><strong>Gruber</strong></span> <span class='ocrx_word' id='word_1_417' title='bbox 2302 2388 2414 2438; x_wconf 83' lang='lat' dir='ltr'><strong>vol.</strong></span> <span class='ocrx_word' id='word_1_418' title='bbox 2460 2388 2558 2437; x_wconf 84' lang='lat' dir='ltr'><strong>IX.</strong></span> <span class='ocrx_word' id='word_1_419' title='bbox 2594 2402 2725 2453; x_wconf 75' lang='lat' dir='ltr'><strong>pag.</strong></span> 
     </span>
    </p>

    <p class='ocr_par' dir='ltr' id='par_1_13' title="bbox 1633 2456 2726 2522">
     <span class='ocr_line' id='line_1_83' title="bbox 1633 2456 2726 2522; baseline -0.001 -15.998"><span class='ocrx_word' id='word_1_420' title='bbox 1633 2458 1736 2507; x_wconf 77' lang='lat'><strong>265</strong></span> <span class='ocrx_word' id='word_1_421' title='bbox 1768 2471 1916 2522; x_wconf 89' lang='lat' dir='ltr'><strong>seqq.</strong></span> <span class='ocrx_word' id='word_1_422' title='bbox 1924 2458 1964 2520; x_wconf 90' lang='lat'><strong>),</strong></span> <span class='ocrx_word' id='word_1_423' title='bbox 2000 2462 2062 2508; x_wconf 90' lang='lat' dir='ltr'><strong>ut</strong></span> <span class='ocrx_word' id='word_1_424' title='bbox 2103 2456 2416 2508; x_wconf 82' lang='lat' dir='ltr'><strong>sanctitatis</strong></span> <span class='ocrx_word' id='word_1_425' title='bbox 2444 2456 2613 2506; x_wconf 89' lang='lat' dir='ltr'><strong>animi</strong></span> <span class='ocrx_word' id='word_1_426' title='bbox 2644 2462 2726 2506; x_wconf 84' lang='lat' dir='ltr'><strong>at-</strong></span> 
     </span>
    </p>

    <p class='ocr_par' dir='ltr' id='par_1_14' title="bbox 1632 2526 2734 2869">
     <span class='ocr_line' id='line_1_84' title="bbox 1634 2526 2734 2593; baseline 0 -18"><span class='ocrx_word' id='word_1_427' title='bbox 1634 2540 1740 2590; x_wconf 89' lang='lat' dir='ltr'><strong>que</strong></span> <span class='ocrx_word' id='word_1_428' title='bbox 1776 2542 2012 2590; x_wconf 84' lang='lat' dir='ltr'><strong>morum,</strong></span> <span class='ocrx_word' id='word_1_429' title='bbox 2054 2542 2215 2593; x_wconf 59' lang='lat' dir='ltr'><strong>quqm</strong></span> <span class='ocrx_word' id='word_1_430' title='bbox 2251 2526 2512 2577; x_wconf 79' lang='lat' dir='ltr'><strong>affectant</strong></span> <span class='ocrx_word' id='word_1_431' title='bbox 2548 2539 2734 2576; x_wconf 83' lang='lat' dir='ltr'><strong>sacer-</strong></span> 
     </span>
     <span class='ocr_line' id='line_1_85' title="bbox 1634 2592 2725 2661; baseline 0 -17"><span class='ocrx_word' id='word_1_432' title='bbox 1634 2592 1839 2658; x_wconf 55' lang='lat' dir='ltr'><strong>dotess</strong></span> <span class='ocrx_word' id='word_1_433' title='bbox 1884 2595 1988 2646; x_wconf 84' lang='lat' dir='ltr'><strong>hoc</strong></span> <span class='ocrx_word' id='word_1_434' title='bbox 2038 2611 2252 2661; x_wconf 88' lang='lat' dir='ltr'><strong>qnoque</strong></span> <span class='ocrx_word' id='word_1_435' title='bbox 2313 2597 2529 2661; x_wconf 82' lang='lat' dir='ltr'><strong>signum</strong></span> <span class='ocrx_word' id='word_1_436' title='bbox 2578 2598 2725 2647; x_wconf 79' lang='lat' dir='ltr'><strong>esset</strong></span> 
     </span>
     <span class='ocr_line' id='line_1_86' title="bbox 1634 2664 2725 2730; baseline -0.001 -15"><span class='ocrx_word' id='word_1_437' title='bbox 1634 2666 1901 2727; x_wconf 85' lang='lat' dir='ltr'><strong>exterius,</strong></span> <span class='ocrx_word' id='word_1_438' title='bbox 1942 2681 2046 2730; x_wconf 88' lang='lat' dir='ltr'><strong>quo</strong></span> <span class='ocrx_word' id='word_1_439' title='bbox 2088 2665 2383 2716; x_wconf 87' lang='lat' dir='ltr'><strong>membrum</strong></span> <span class='ocrx_word' id='word_1_440' title='bbox 2418 2664 2604 2727; x_wconf 79' lang='lat' dir='ltr'><strong>virile,</strong></span> <span class='ocrx_word' id='word_1_441' title='bbox 2652 2665 2725 2714; x_wconf 89' lang='lat' dir='ltr'><strong>ob</strong></span> 
     </span>
     <span class='ocr_line' id='line_1_87' title="bbox 1632 2735 2725 2799; baseline 0 -16"><span class='ocrx_word' id='word_1_442' title='bbox 1632 2735 1743 2784; x_wconf 81' lang='lat' dir='ltr'><strong>vim</strong></span> <span class='ocrx_word' id='word_1_443' title='bbox 1778 2736 2196 2799; x_wconf 84' lang='lat' dir='ltr'><strong>procreatricem</strong></span> <span class='ocrx_word' id='word_1_444' title='bbox 2246 2736 2355 2784; x_wconf 85' lang='lat' dir='ltr'><strong>iam</strong></span> <span class='ocrx_word' id='word_1_445' title='bbox 2401 2736 2579 2799; x_wconf 85' lang='lat' dir='ltr'><strong>ipsum</strong></span> <span class='ocrx_word' id='word_1_446' title='bbox 2624 2747 2725 2797; x_wconf 84' lang='lat' dir='ltr'><strong>per</strong></span> 
     </span>
     <span class='ocr_line' id='line_1_88' title="bbox 1635 2803 2724 2869; baseline -0.001 -17"><span class='ocrx_word' id='word_1_447' title='bbox 1635 2815 1695 2853; x_wconf 85' lang='lat' dir='ltr'><strong>se</strong></span> <span class='ocrx_word' id='word_1_448' title='bbox 1726 2805 1784 2853; x_wconf 89' lang='lat' dir='ltr'><strong>in</strong></span> <span class='ocrx_word' id='word_1_449' title='bbox 1821 2804 2163 2854; x_wconf 84' lang='lat' dir='ltr'><strong>orientalium</strong></span> <span class='ocrx_word' id='word_1_450' title='bbox 2205 2803 2561 2869; x_wconf 83' lang='lat' dir='ltr'><strong>religionibus</strong></span> <span class='ocrx_word' id='word_1_451' title='bbox 2595 2817 2724 2852; x_wconf 85' lang='lat' dir='ltr'><strong>con·</strong></span> 
     </span>
    </p>

    <p class='ocr_par' dir='ltr' id='par_1_15' title="bbox 1635 2873 2725 2938">
     <span class='ocr_line' id='line_1_89' title="bbox 1635 2873 2725 2938; baseline -0.002 -15"><span class='ocrx_word' id='word_1_452' title='bbox 1635 2878 1932 2935; x_wconf 78' lang='lat' dir='ltr'><strong>secretum,</strong></span> <span class='ocrx_word' id='word_1_453' title='bbox 1984 2888 2177 2938; x_wconf 89' lang='lat' dir='ltr'><strong>purum</strong></span> <span class='ocrx_word' id='word_1_454' title='bbox 2214 2889 2279 2923; x_wconf 86' lang='lat' dir='ltr'><strong>ac</strong></span> <span class='ocrx_word' id='word_1_455' title='bbox 2316 2873 2575 2923; x_wconf 87' lang='lat' dir='ltr'><strong>mundum</strong></span> <span class='ocrx_word' id='word_1_456' title='bbox 2608 2882 2725 2922; x_wconf 87' lang='lat' dir='ltr'><strong>ser-</strong></span> 
     </span>
    </p>
   </div>
   <div class='ocr_carea' id='block_1_11' title="bbox 1635 2941 2807 3008">
    <p class='ocr_par' dir='ltr' id='par_1_16' title="bbox 1635 2941 2807 3008">
     <span class='ocr_line' id='line_1_90' title="bbox 1635 2941 2807 3008; baseline 0.003 -17"><span class='ocrx_word' id='word_1_457' title='bbox 1635 2948 1845 2994; x_wconf 86' lang='lat' dir='ltr'><strong>varent.</strong></span> <span class='ocrx_word' id='word_1_458' title='bbox 1889 2944 1997 2993; x_wconf 83' lang='lat' dir='ltr'><strong>Sed</strong></span> <span class='ocrx_word' id='word_1_459' title='bbox 2021 2949 2265 3008; x_wconf 84' lang='lat' dir='ltr'><strong>praestat</strong></span> <span class='ocrx_word' id='word_1_460' title='bbox 2300 2943 2406 2992; x_wconf 85' lang='lat' dir='ltr'><strong>ad</strong></span> <span class='ocrx_word' id='word_1_461' title='bbox 2389 2956 2515 3007; x_wconf 78' lang='lat' dir='ltr'><strong>ipsa</strong></span> <span class='ocrx_word' id='word_1_462' title='bbox 2539 2957 2573 2992; x_wconf 89' lang='lat' dir='ltr'><strong>a</strong></span> <span class='ocrx_word' id='word_1_463' title='bbox 2600 2941 2719 2991; x_wconf 78' lang='lat' dir='ltr'><strong>viro</strong></span> <span class='ocrx_word' id='word_1_464' title='bbox 2796 2983 2807 2994; x_wconf 89' lang='lat'><strong>.</strong></span> 
     </span>
    </p>
   </div>
   <div class='ocr_carea' id='block_1_12' title="bbox 1630 2999 2728 4321">
    <p class='ocr_par' dir='ltr' id='par_1_17' title="bbox 1630 2999 2728 4321">
     <span class='ocr_line' id='line_1_91' title="bbox 1634 2999 2717 3079; baseline -0.001 -18"><span class='ocrx_word' id='word_1_465' title='bbox 1634 3012 1796 3063; x_wconf 87' lang='lat' dir='ltr'><strong>docto</strong></span> <span class='ocrx_word' id='word_1_466' title='bbox 1836 3013 2117 3076; x_wconf 85' lang='lat' dir='ltr'><strong>disputata</strong></span> <span class='ocrx_word' id='word_1_467' title='bbox 2163 3011 2419 3079; x_wconf 80' lang='lat' dir='ltr'><strong>ablegare</strong></span> <span class='ocrx_word' id='word_1_468' title='bbox 2465 2999 2717 3072; x_wconf 85' lang='lat' dir='ltr'><strong>lectores,</strong></span> 
     </span>
     <span class='ocr_line' id='line_1_92' title="bbox 1635 3079 2724 3145; baseline -0.004 -12"><span class='ocrx_word' id='word_1_469' title='bbox 1635 3097 1685 3145; x_wconf 92' lang='grc' dir='ltr'><strong>ιι.</strong></span> <span class='ocrx_word' id='word_1_470' title='bbox 1718 3081 1821 3133; x_wconf 83' lang='grc'><strong>269</strong></span> <span class='ocrx_word' id='word_1_471' title='bbox 1858 3081 1896 3131; x_wconf 92' lang='lat' dir='ltr'><strong>l.</strong></span> <span class='ocrx_word' id='word_1_472' title='bbox 1935 3080 1973 3131; x_wconf 94' lang='lat' dir='ltr'><strong>l.</strong></span> <span class='ocrx_word' id='word_1_473' title='bbox 2048 3082 2171 3132; x_wconf 86' lang='lat' dir='ltr'><strong>Alia</strong></span> <span class='ocrx_word' id='word_1_474' title='bbox 2205 3082 2275 3131; x_wconf 94' lang='lat' dir='ltr'><strong>ab</strong></span> <span class='ocrx_word' id='word_1_475' title='bbox 2308 3081 2433 3131; x_wconf 84' lang='lat' dir='ltr'><strong>aliis</strong></span> <span class='ocrx_word' id='word_1_476' title='bbox 2454 3081 2588 3130; x_wconf 81' lang='lat' dir='ltr'><strong>viris</strong></span> <span class='ocrx_word' id='word_1_477' title='bbox 2627 3079 2724 3129; x_wconf 86' lang='lat' dir='ltr'><strong>do-</strong></span> 
     </span>
     <span class='ocr_line' id='line_1_93' title="bbox 1634 3150 2722 3214; baseline -0.001 -15"><span class='ocrx_word' id='word_1_478' title='bbox 1634 3152 1738 3200; x_wconf 87' lang='lat' dir='ltr'><strong>ctis</strong></span> <span class='ocrx_word' id='word_1_479' title='bbox 1777 3150 1845 3200; x_wconf 92' lang='lat' dir='ltr'><strong>de</strong></span> <span class='ocrx_word' id='word_1_480' title='bbox 1881 3150 2305 3202; x_wconf 86' lang='lat' dir='ltr'><strong>circumcidendi</strong></span> <span class='ocrx_word' id='word_1_481' title='bbox 2351 3166 2501 3200; x_wconf 84' lang='lat' dir='ltr'><strong>more</strong></span> <span class='ocrx_word' id='word_1_482' title='bbox 2538 3150 2722 3214; x_wconf 82' lang='lat' dir='ltr'><strong>dispu-</strong></span> 
     </span>
     <span class='ocr_line' id='line_1_94' title="bbox 1633 3210 2719 3284; baseline 0 -16"><span class='ocrx_word' id='word_1_483' title='bbox 1633 3224 1752 3271; x_wconf 83' lang='lat' dir='ltr'><strong>tata</strong></span> <span class='ocrx_word' id='word_1_484' title='bbox 1798 3220 2093 3271; x_wconf 83' lang='lat' dir='ltr'><strong>laudarunt</strong></span> <span class='ocrx_word' id='word_1_485' title='bbox 2146 3210 2323 3271; x_wconf 77' lang='lat' dir='ltr'><strong>Beck:</strong></span> <span class='ocrx_word' id='word_1_486' title='bbox 2383 3218 2719 3284; x_wconf 81' lang='lat' dir='ltr'><strong>Weltgesch.</strong></span> 
     </span>
     <span class='ocr_line' id='line_1_95' title="bbox 1635 3288 2725 3355; baseline -0.001 -16"><span class='ocrx_word' id='word_1_487' title='bbox 1635 3290 1681 3339; x_wconf 97' lang='grc' dir='ltr'><strong><em>Ι.</em></strong></span> <span class='ocrx_word' id='word_1_488' title='bbox 1711 3306 1767 3355; x_wconf 90' lang='lat' dir='ltr'><strong>p.</strong></span> <span class='ocrx_word' id='word_1_489' title='bbox 1805 3289 1928 3341; x_wconf 80' lang='lat'><strong>243.</strong></span> <span class='ocrx_word' id='word_1_490' title='bbox 2000 3292 2084 3340; x_wconf 88' lang='lat' dir='ltr'><strong>De</strong></span> <span class='ocrx_word' id='word_1_491' title='bbox 2107 3290 2290 3341; x_wconf 86' lang='lat' dir='ltr'><strong>Wette</strong></span> <span class='ocrx_word' id='word_1_492' title='bbox 2314 3288 2455 3339; x_wconf 90' lang='lat' dir='ltr'><strong>Bibl.</strong></span> <span class='ocrx_word' id='word_1_493' title='bbox 2486 3289 2725 3339; x_wconf 72' lang='lat' dir='ltr'><strong>Archae-</strong></span> 
     </span>
     <span class='ocr_line' id='line_1_96' title="bbox 1633 3355 2723 3424; baseline -0.003 -16"><span class='ocrx_word' id='word_1_494' title='bbox 1633 3357 1776 3424; x_wconf 83' lang='lat' dir='ltr'><strong>olog.</strong></span> <span class='ocrx_word' id='word_1_495' title='bbox 1802 3362 1853 3422; x_wconf 67' lang='lat'><strong>§-</strong></span> <span class='ocrx_word' id='word_1_496' title='bbox 1877 3360 1999 3410; x_wconf 76' lang='lat'><strong>150.</strong></span> <span class='ocrx_word' id='word_1_497' title='bbox 2035 3360 2253 3409; x_wconf 87' lang='lat' dir='ltr'><strong>Wiener</strong></span> <span class='ocrx_word' id='word_1_498' title='bbox 2276 3357 2540 3409; x_wconf 89' lang='lat' dir='ltr'><strong>Biblisch.</strong></span> <span class='ocrx_word' id='word_1_499' title='bbox 2561 3355 2723 3408; x_wconf 82' lang='lat' dir='ltr'><strong>Real-</strong></span> 
     </span>
     <span class='ocr_line' id='line_1_97' title="bbox 1632 3426 2722 3490; baseline -0.002 -13"><span class='ocrx_word' id='word_1_500' title='bbox 1632 3428 1974 3479; x_wconf 66' lang='lat' dir='ltr'><strong>worterbuch</strong></span> <span class='ocrx_word' id='word_1_501' title='bbox 2013 3430 2079 3479; x_wconf 89' lang='lat' dir='ltr'><strong>T.</strong></span> <span class='ocrx_word' id='word_1_502' title='bbox 2119 3428 2162 3477; x_wconf 92' lang='grc' dir='ltr'><strong><em>Ι.</em></strong></span> <span class='ocrx_word' id='word_1_503' title='bbox 2216 3443 2260 3478; x_wconf 87' lang='lat' dir='ltr'><strong>s.</strong></span> <span class='ocrx_word' id='word_1_504' title='bbox 2298 3443 2351 3478; x_wconf 68' lang='grc' dir='ltr'><strong><em>ν.</em></strong></span> <span class='ocrx_word' id='word_1_505' title='bbox 2393 3426 2722 3490; x_wconf 77' lang='lat' dir='ltr'><strong>„Beschnei-</strong></span> 
     </span>
     <span class='ocr_line' id='line_1_98' title="bbox 1632 3496 2723 3563; baseline 0.001 -17"><span class='ocrx_word' id='word_1_506' title='bbox 1632 3497 1838 3563; x_wconf 84' lang='lat' dir='ltr'><strong>dnng“‚</strong></span> <span class='ocrx_word' id='word_1_507' title='bbox 1884 3499 2126 3563; x_wconf 85' lang='lat' dir='ltr'><strong>itemque</strong></span> <span class='ocrx_word' id='word_1_508' title='bbox 2164 3497 2406 3547; x_wconf 84' lang='lat' dir='ltr'><strong>Trusen:</strong></span> <span class='ocrx_word' id='word_1_509' title='bbox 2451 3496 2630 3546; x_wconf 86' lang='lat' dir='ltr'><strong>Sitten</strong></span> <span class='ocrx_word' id='word_1_510' title='bbox 2664 3511 2723 3547; x_wconf 91' lang='grc' dir='ltr'><strong>ιι.</strong></span> 
     </span>
     <span class='ocr_line' id='line_1_99' title="bbox 1632 3565 2725 3630; baseline -0.002 -13"><span class='ocrx_word' id='word_1_511' title='bbox 1632 3566 1953 3618; x_wconf 78' lang='lat' dir='ltr'><strong>Gebriiuche</strong></span> <span class='ocrx_word' id='word_1_512' title='bbox 2001 3566 2056 3617; x_wconf 93' lang='lat' dir='ltr'><strong>d.</strong></span> <span class='ocrx_word' id='word_1_513' title='bbox 2101 3566 2198 3616; x_wconf 86' lang='lat' dir='ltr'><strong>alt.</strong></span> <span class='ocrx_word' id='word_1_514' title='bbox 2248 3566 2496 3616; x_wconf 75' lang='lat' dir='ltr'><strong>Hebriter</strong></span> <span class='ocrx_word' id='word_1_515' title='bbox 2532 3581 2585 3630; x_wconf 90' lang='lat' dir='ltr'><strong>p.</strong></span> <span class='ocrx_word' id='word_1_516' title='bbox 2622 3565 2725 3616; x_wconf 76' lang='lat'><strong>115</strong></span> 
     </span>
     <span class='ocr_line' id='line_1_100' title="bbox 1632 3634 2725 3701; baseline -0.004 -15"><span class='ocrx_word' id='word_1_517' title='bbox 1632 3651 1781 3701; x_wconf 87' lang='lat' dir='ltr'><strong>seqq.</strong></span> <span class='ocrx_word' id='word_1_518' title='bbox 1834 3638 1912 3686; x_wconf 84' lang='lat' dir='ltr'><strong>Ac</strong></span> <span class='ocrx_word' id='word_1_519' title='bbox 1937 3641 2128 3687; x_wconf 84' lang='lat' dir='ltr'><strong>nostra</strong></span> <span class='ocrx_word' id='word_1_520' title='bbox 2148 3640 2333 3686; x_wconf 86' lang='lat' dir='ltr'><strong>aetate</strong></span> <span class='ocrx_word' id='word_1_521' title='bbox 2356 3635 2601 3700; x_wconf 89' lang='lat' dir='ltr'><strong>plerique</strong></span> <span class='ocrx_word' id='word_1_522' title='bbox 2618 3634 2725 3682; x_wconf 84' lang='lat' dir='ltr'><strong>viri</strong></span> 
     </span>
     <span class='ocr_line' id='line_1_101' title="bbox 1635 3703 2725 3769; baseline 0 -17"><span class='ocrx_word' id='word_1_523' title='bbox 1635 3705 1781 3755; x_wconf 84' lang='lat' dir='ltr'><strong>docti</strong></span> <span class='ocrx_word' id='word_1_524' title='bbox 1817 3705 2315 3766; x_wconf 82' lang='lat' dir='ltr'><strong>circumcisionem,</strong></span> <span class='ocrx_word' id='word_1_525' title='bbox 2355 3720 2517 3769; x_wconf 90' lang='lat' dir='ltr'><strong>quam</strong></span> <span class='ocrx_word' id='word_1_526' title='bbox 2553 3703 2725 3754; x_wconf 74' lang='lat' dir='ltr'><strong>Abra—</strong></span> 
     </span>
     <span class='ocr_line' id='line_1_102' title="bbox 1630 3773 2725 3839; baseline 0 -17"><span class='ocrx_word' id='word_1_527' title='bbox 1630 3773 1792 3826; x_wconf 85' lang='lat' dir='ltr'><strong>hamo</strong></span> <span class='ocrx_word' id='word_1_528' title='bbox 1836 3775 1924 3839; x_wconf 82' lang='lat' dir='ltr'><strong>(ut</strong></span> <span class='ocrx_word' id='word_1_529' title='bbox 1971 3789 2131 3826; x_wconf 85' lang='lat' dir='ltr'><strong>sacra</strong></span> <span class='ocrx_word' id='word_1_530' title='bbox 2177 3775 2451 3838; x_wconf 76' lang='lat' dir='ltr'><strong>scriptura</strong></span> <span class='ocrx_word' id='word_1_531' title='bbox 2484 3777 2725 3828; x_wconf 82' lang='lat' dir='ltr'><strong>testatur</strong></span> 
     </span>
     <span class='ocr_line' id='line_1_103' title="bbox 1631 3840 2724 3909; baseline 0 -19"><span class='ocrx_word' id='word_1_532' title='bbox 1631 3840 1670 3893; x_wconf 91' lang='lat'><strong>1.</strong></span> <span class='ocrx_word' id='word_1_533' title='bbox 1700 3843 1763 3906; x_wconf 90' lang='lat' dir='ltr'><strong>l.)</strong></span> <span class='ocrx_word' id='word_1_534' title='bbox 1790 3843 2027 3909; x_wconf 80' lang='lat' dir='ltr'><strong>iniungit</strong></span> <span class='ocrx_word' id='word_1_535' title='bbox 2060 3845 2239 3905; x_wconf 84' lang='lat' dir='ltr'><strong>Deus,</strong></span> <span class='ocrx_word' id='word_1_536' title='bbox 2277 3847 2380 3904; x_wconf 86' lang='lat' dir='ltr'><strong>„ut</strong></span> <span class='ocrx_word' id='word_1_537' title='bbox 2404 3843 2477 3893; x_wconf 87' lang='lat' dir='ltr'><strong>sit</strong></span> <span class='ocrx_word' id='word_1_538' title='bbox 2505 3842 2724 3908; x_wconf 73' lang='lat' dir='ltr'><strong>signum</strong></span> 
     </span>
     <span class='ocr_line' id='line_1_104' title="bbox 1634 3909 2726 3975; baseline -0.002 -14"><span class='ocrx_word' id='word_1_539' title='bbox 1634 3912 1869 3962; x_wconf 85' lang='lat' dir='ltr'><strong>foederis</strong></span> <span class='ocrx_word' id='word_1_540' title='bbox 1903 3912 2047 3962; x_wconf 85' lang='lat' dir='ltr'><strong>inter</strong></span> <span class='ocrx_word' id='word_1_541' title='bbox 2084 3928 2170 3962; x_wconf 89' lang='lat' dir='ltr'><strong>me</strong></span> <span class='ocrx_word' id='word_1_542' title='bbox 2207 3918 2262 3962; x_wconf 89' lang='lat' dir='ltr'><strong>et</strong></span> <span class='ocrx_word' id='word_1_543' title='bbox 2295 3913 2455 3975; x_wconf 77' lang='lat' dir='ltr'><strong>vos“,</strong></span> <span class='ocrx_word' id='word_1_544' title='bbox 2492 3912 2563 3963; x_wconf 84' lang='lat' dir='ltr'><strong>ad</strong></span> <span class='ocrx_word' id='word_1_545' title='bbox 2602 3909 2726 3962; x_wconf 87' lang='lat' dir='ltr'><strong>reli-</strong></span> 
     </span>
     <span class='ocr_line' id='line_1_105' title="bbox 1634 3978 2726 4045; baseline -0.002 -14"><span class='ocrx_word' id='word_1_546' title='bbox 1634 3981 1847 4045; x_wconf 80' lang='lat' dir='ltr'><strong>gionem</strong></span> <span class='ocrx_word' id='word_1_547' title='bbox 1883 3980 2214 4039; x_wconf 87' lang='lat' dir='ltr'><strong>retulerunt,</strong></span> <span class='ocrx_word' id='word_1_548' title='bbox 2262 3980 2329 4030; x_wconf 87' lang='lat' dir='ltr'><strong>de</strong></span> <span class='ocrx_word' id='word_1_549' title='bbox 2367 3996 2432 4032; x_wconf 88' lang='lat' dir='ltr'><strong>eo</strong></span> <span class='ocrx_word' id='word_1_550' title='bbox 2466 3995 2577 4031; x_wconf 86' lang='lat' dir='ltr'><strong>uno</strong></span> <span class='ocrx_word' id='word_1_551' title='bbox 2614 3978 2726 4029; x_wconf 82' lang='lat' dir='ltr'><strong>dis-</strong></span> 
     </span>
     <span class='ocr_line' id='line_1_106' title="bbox 1635 4047 2723 4116; baseline 0 -18"><span class='ocrx_word' id='word_1_552' title='bbox 1635 4050 1963 4113; x_wconf 83' lang='lat' dir='ltr'><strong>sentientes,</strong></span> <span class='ocrx_word' id='word_1_553' title='bbox 2021 4049 2151 4115; x_wconf 86' lang='lat' dir='ltr'><strong>quid</strong></span> <span class='ocrx_word' id='word_1_554' title='bbox 2196 4051 2414 4116; x_wconf 86' lang='lat' dir='ltr'><strong>proprie</strong></span> <span class='ocrx_word' id='word_1_555' title='bbox 2457 4050 2570 4100; x_wconf 82' lang='lat' dir='ltr'><strong>hoc.</strong></span> <span class='ocrx_word' id='word_1_556' title='bbox 2613 4047 2723 4098; x_wconf 74' lang='lat' dir='ltr'><strong>ritu</strong></span> 
     </span>
     <span class='ocr_line' id='line_1_107' title="bbox 1636 4118 2724 4184; baseline -0.001 -16"><span class='ocrx_word' id='word_1_557' title='bbox 1636 4124 1944 4182; x_wconf 86' lang='lat' dir='ltr'><strong>spectatum</strong></span> <span class='ocrx_word' id='word_1_558' title='bbox 1994 4119 2187 4181; x_wconf 84' lang='lat' dir='ltr'><strong>fuerit,</strong></span> <span class='ocrx_word' id='word_1_559' title='bbox 2248 4134 2458 4184; x_wconf 81' lang='lat' dir='ltr'><strong>quaeve</strong></span> <span class='ocrx_word' id='word_1_560' title='bbox 2503 4118 2724 4169; x_wconf 87' lang='lat' dir='ltr'><strong>omnino</strong></span> 
     </span>
     <span class='ocr_line' id='line_1_108' title="bbox 1633 4186 2727 4251; baseline -0.003 -13"><span class='ocrx_word' id='word_1_561' title='bbox 1633 4189 1913 4251; x_wconf 79' lang='lat' dir='ltr'><strong>primitiva</strong></span> <span class='ocrx_word' id='word_1_562' title='bbox 1947 4203 2117 4239; x_wconf 87' lang='lat' dir='ltr'><strong>causa</strong></span> <span class='ocrx_word' id='word_1_563' title='bbox 2141 4193 2197 4238; x_wconf 85' lang='lat' dir='ltr'><strong>et</strong></span> <span class='ocrx_word' id='word_1_564' title='bbox 2232 4189 2395 4239; x_wconf 85' lang='lat' dir='ltr'><strong>ratio.</strong></span> <span class='ocrx_word' id='word_1_565' title='bbox 2468 4188 2577 4248; x_wconf 82' lang='lat' dir='ltr'><strong>Qui</strong></span> <span class='ocrx_word' id='word_1_566' title='bbox 2608 4186 2727 4251; x_wconf 88' lang='lat' dir='ltr'><strong>pln-</strong></span> 
     </span>
     <span class='ocr_line' id='line_1_109' title="bbox 1635 4255 2728 4321; baseline -0.001 -15"><span class='ocrx_word' id='word_1_567' title='bbox 1635 4258 1785 4308; x_wconf 89' lang='lat' dir='ltr'><strong>ribus</strong></span> <span class='ocrx_word' id='word_1_568' title='bbox 1821 4258 1879 4307; x_wconf 90' lang='lat' dir='ltr'><strong>in</strong></span> <span class='ocrx_word' id='word_1_569' title='bbox 1909 4255 2052 4308; x_wconf 86' lang='lat' dir='ltr'><strong>hanc</strong></span> <span class='ocrx_word' id='word_1_570' title='bbox 2087 4273 2202 4308; x_wconf 83' lang='lat' dir='ltr'><strong>rem</strong></span> <span class='ocrx_word' id='word_1_571' title='bbox 2233 4256 2536 4321; x_wconf 80' lang='lat' dir='ltr'><strong>inquisivit,</strong></span> <span class='ocrx_word' id='word_1_572' title='bbox 2576 4257 2728 4305; x_wconf 76' lang='lat' dir='ltr'><strong>Baur</strong></span> 
     </span>
    </p>
   </div>
   <div class='ocr_carea' id='block_1_13' title="bbox 1628 4324 2727 4390">
    <p class='ocr_par' dir='ltr' id='par_1_18' title="bbox 1628 4324 2727 4390">
     <span class='ocr_line' id='line_1_110' title="bbox 1628 4324 2727 4390; baseline 0.001 -16"><span class='ocrx_word' id='word_1_573' title='bbox 1628 4327 1719 4376; x_wconf 50' lang='lat' dir='ltr'><strong>‚int</strong></span> <span class='ocrx_word' id='word_1_574' title='bbox 1773 4326 2013 4390; x_wconf 83' lang='lat' dir='ltr'><strong>Tiibing.</strong></span> <span class='ocrx_word' id='word_1_575' title='bbox 2058 4325 2377 4377; x_wconf 73' lang='lat' dir='ltr'><strong>Zeitsohrffl</strong></span> <span class='ocrx_word' id='word_1_576' title='bbox 2424 4325 2515 4375; x_wconf 80' lang='lat' dir='ltr'><strong>fiir</strong></span> <span class='ocrx_word' id='word_1_577' title='bbox 2551 4324 2727 4375; x_wconf 86' lang='lat' dir='ltr'><strong>Theo-</strong></span> 
     </span>
    </p>
   </div>
   <div class='ocr_carea' id='block_1_14' title="bbox 1635 4393 2726 4460">
    <p class='ocr_par' dir='ltr' id='par_1_19' title="bbox 1635 4393 2726 4460">
     <span class='ocr_line' id='line_1_111' title="bbox 1635 4393 2726 4460; baseline 0.004 -16"><span class='ocrx_word' id='word_1_578' title='bbox 1635 4395 1747 4460; x_wconf 79' lang='lat' dir='ltr'><strong>log.</strong></span> <span class='ocrx_word' id='word_1_579' title='bbox 1790 4395 1943 4448; x_wconf 74' lang='lat'><strong>1832.</strong></span> <span class='ocrx_word' id='word_1_580' title='bbox 1993 4395 2042 4445; x_wconf 90' lang='lat'><strong>1.</strong></span> <span class='ocrx_word' id='word_1_581' title='bbox 2082 4411 2138 4460; x_wconf 86' lang='lat' dir='ltr'><strong>p.</strong></span> <span class='ocrx_word' id='word_1_582' title='bbox 2175 4393 2245 4445; x_wconf 80' lang='lat'><strong>99</strong></span> <span class='ocrx_word' id='word_1_583' title='bbox 2280 4409 2453 4459; x_wconf 67' lang='lat' dir='ltr'><strong>seqq„</strong></span> <span class='ocrx_word' id='word_1_584' title='bbox 2486 4395 2536 4444; x_wconf 90' lang='lat' dir='ltr'><strong>is</strong></span> <span class='ocrx_word' id='word_1_585' title='bbox 2570 4398 2726 4448; x_wconf 64' lang='lat' dir='ltr'><strong>terte</strong></span> 
     </span>
    </p>
   </div>
  </div>
 </body>
</html>
