<?xml version="1.0" encoding="UTF-8"?>
<!DOCTYPE html PUBLIC "-//W3C//DTD XHTML 1.0 Transitional//EN"
    "http://www.w3.org/TR/xhtml1/DTD/xhtml1-transitional.dtd">
<html xmlns="http://www.w3.org/1999/xhtml" xml:lang="en" lang="en">
 <head>
  <title>
</title>
<meta http-equiv="Content-Type" content="text/html;charset=utf-8" />
  <meta name='ocr-system' content='tesseract 3.04.00' />
  <meta name='ocr-capabilities' content='ocr_page ocr_carea ocr_par ocr_line ocrx_word'/>
</head>
<body>
  <div class='ocr_page' id='page_1' title='image "./herodotihalicar02unkngoog_0400.png"; bbox 0 0 3109 5092; ppageno 0'>
   <div class='ocr_carea' id='block_1_1' title="bbox 476 347 599 412">
    <p class='ocr_par' dir='ltr' id='par_1_1' title="bbox 476 347 599 412">
     <span class='ocr_line' id='line_1_1' title="bbox 476 347 599 412; baseline -0.008 0"><span class='ocrx_word' id='word_1_1' title='bbox 476 347 599 412; x_wconf 87' lang='grc'><strong>380</strong></span> 
     </span>
    </p>
   </div>
   <div class='ocr_carea' id='block_1_2' title="bbox 1338 350 1881 412">
    <p class='ocr_par' dir='ltr' id='par_1_2' title="bbox 1338 350 1881 412">
     <span class='ocr_line' id='line_1_2' title="bbox 1338 350 1881 412; baseline -0.004 0"><span class='ocrx_word' id='word_1_2' title='bbox 1338 350 1881 412; x_wconf 86' lang='lat' dir='ltr'>HERODOTI</span> 
     </span>
    </p>
   </div>
   <div class='ocr_carea' id='block_1_3' title="bbox 474 520 2840 1133">
    <p class='ocr_par' dir='ltr' id='par_1_3' title="bbox 474 520 2840 1133">
     <span class='ocr_line' id='line_1_3' title="bbox 474 520 2746 613; baseline -0.002 -16"><span class='ocrx_word' id='word_1_3' title='bbox 474 523 923 613; x_wconf 75' lang='grc' dir='ltr'><strong><em>Βαβυλώνιοι,</em></strong></span> <span class='ocrx_word' id='word_1_4' title='bbox 958 526 1072 594; x_wconf 79' lang='grc' dir='ltr'><strong>καὶ</strong></span> <span class='ocrx_word' id='word_1_5' title='bbox 1105 526 1518 606; x_wconf 78' lang='grc' dir='ltr'><strong><em>ἑσσωθέντες</em></strong></span> <span class='ocrx_word' id='word_1_6' title='bbox 1535 528 1618 613; x_wconf 80' lang='grc' dir='ltr'><strong>τῇ</strong></span> <span class='ocrx_word' id='word_1_7' title='bbox 1645 523 1820 613; x_wconf 77' lang='grc' dir='ltr'><strong><em>μάχῃ</em></strong></span> <span class='ocrx_word' id='word_1_8' title='bbox 1849 522 2348 613; x_wconf 74' lang='grc' dir='ltr'><strong><em>κατειλήθησαν</em></strong></span> <span class='ocrx_word' id='word_1_9' title='bbox 2367 525 2436 604; x_wconf 90' lang='grc' dir='ltr'><strong>ἐς</strong></span> <span class='ocrx_word' id='word_1_10' title='bbox 2454 521 2530 593; x_wconf 85' lang='grc' dir='ltr'><strong>τὸ</strong></span> <span class='ocrx_word' id='word_1_11' title='bbox 2556 520 2746 594; x_wconf 70' lang='grc' dir='ltr'><strong><em>ἄστυ.</em></strong></span> 
     </span>
     <span class='ocr_line' id='line_1_4' title="bbox 479 623 2747 717; baseline -0.002 -17"><span class='ocrx_word' id='word_1_12' title='bbox 479 624 588 701; x_wconf 85' lang='grc' dir='ltr'><strong>οἷα</strong></span> <span class='ocrx_word' id='word_1_13' title='bbox 619 629 692 697; x_wconf 75' lang='grc' dir='ltr'><strong>δὲ</strong></span> <span class='ocrx_word' id='word_1_14' title='bbox 726 628 1226 717; x_wconf 74' lang='grc' dir='ltr'><strong><em>ἐξεπιστάμενοι</em></strong></span> <span class='ocrx_word' id='word_1_15' title='bbox 1263 633 1362 697; x_wconf 82' lang='grc' dir='ltr'><strong>ἔτι</strong></span> <span class='ocrx_word' id='word_1_16' title='bbox 1393 627 1724 717; x_wconf 87' lang='grc' dir='ltr'><strong><em>πρότερον</em></strong></span> <span class='ocrx_word' id='word_1_17' title='bbox 1740 625 1860 697; x_wconf 84' lang='grc' dir='ltr'><strong>τὸν</strong></span> <span class='ocrx_word' id='word_1_18' title='bbox 1878 633 2115 716; x_wconf 87' lang='grc' dir='ltr'><strong><em>Κῦρον</em></strong></span> <span class='ocrx_word' id='word_1_19' title='bbox 2147 624 2272 697; x_wconf 82' lang='grc' dir='ltr'><strong>οὐκ</strong></span> <span class='ocrx_word' id='word_1_20' title='bbox 2293 623 2747 716; x_wconf 78' lang='grc' dir='ltr'><strong><em>ἀτρεμίζοντα,</em></strong></span> 
     </span>
     <span class='ocr_line' id='line_1_5' title="bbox 479 726 2742 820; baseline -0.001 -17"><span class='ocrx_word' id='word_1_21' title='bbox 479 729 630 804; x_wconf 81' lang='grc' dir='ltr'><strong><em>ἀλλ’</em></strong></span> <span class='ocrx_word' id='word_1_22' title='bbox 668 727 975 820; x_wconf 76' lang='grc' dir='ltr'><strong><em>ὁρέοντες</em></strong></span> <span class='ocrx_word' id='word_1_23' title='bbox 1022 729 1231 801; x_wconf 81' lang='grc' dir='ltr'><strong><em>αὐτὸν</em></strong></span> <span class='ocrx_word' id='word_1_24' title='bbox 1278 734 1481 802; x_wconf 85' lang='grc' dir='ltr'><strong><em>παντὶ</em></strong></span> <span class='ocrx_word' id='word_1_25' title='bbox 1518 737 1718 802; x_wconf 80' lang='grc' dir='ltr'><strong><em>ἔθνει·</em></strong></span> <span class='ocrx_word' id='word_1_26' title='bbox 1756 726 2001 820; x_wconf 83' lang='grc' dir='ltr'><strong><em>ὁμοίως</em></strong></span> <span class='ocrx_word' id='word_1_27' title='bbox 2045 733 2531 820; x_wconf 76' lang='grc' dir='ltr'><strong><em>ἐπιχειρέοντα,</em></strong></span> <span class='ocrx_word' id='word_1_28' title='bbox 2578 758 2742 820; x_wconf 86' lang='grc' dir='ltr'><strong><em>προ-</em></strong></span> 
     </span>
     <span class='ocr_line' id='line_1_6' title="bbox 484 822 2840 923; baseline 0 -16"><span class='ocrx_word' id='word_1_29' title='bbox 484 835 804 919; x_wconf 82' lang='grc' dir='ltr'><strong><em>εσάξαντο</em></strong></span> <span class='ocrx_word' id='word_1_30' title='bbox 834 844 1014 905; x_wconf 86' lang='grc' dir='ltr'><strong><em>σιτία</em></strong></span> <span class='ocrx_word' id='word_1_31' title='bbox 1049 837 1254 905; x_wconf 80' lang='grc' dir='ltr'><strong><em>ἐτέων</em></strong></span> <span class='ocrx_word' id='word_1_32' title='bbox 1280 835 1491 923; x_wconf 79' lang='grc' dir='ltr'><strong><em>κάρτα</em></strong></span> <span class='ocrx_word' id='word_1_33' title='bbox 1527 840 1819 907; x_wconf 74' lang='grc' dir='ltr'><strong><em>πολλῶν.</em></strong></span> <span class='ocrx_word' id='word_1_34' title='bbox 1880 831 2215 905; x_wconf 79' lang='grc' dir='ltr'><strong><em>Ἐνθαῦτα</em></strong></span> <span class='ocrx_word' id='word_1_35' title='bbox 2251 824 2438 905; x_wconf 83' lang='grc' dir='ltr'><strong><em>οὗτοι</em></strong></span> <span class='ocrx_word' id='word_1_36' title='bbox 2470 822 2742 923; x_wconf 55' lang='grc' dir='ltr'><strong><em>μὲν’λό-</em></strong></span> <span class='ocrx_word' id='word_1_37' title='bbox 2767 852 2840 908; x_wconf 89' lang='grc'><strong>90</strong></span> 
     </span>
     <span class='ocr_line' id='line_1_7' title="bbox 482 935 2749 1029; baseline -0.001 -18"><span class='ocrx_word' id='word_1_38' title='bbox 482 968 606 1028; x_wconf 88' lang='grc' dir='ltr'><strong>γον</strong></span> <span class='ocrx_word' id='word_1_39' title='bbox 642 938 826 1027; x_wconf 79' lang='grc' dir='ltr'><strong><em>εἶχον</em></strong></span> <span class='ocrx_word' id='word_1_40' title='bbox 859 945 976 1029; x_wconf 83' lang='grc' dir='ltr'><strong>τῆς</strong></span> <span class='ocrx_word' id='word_1_41' title='bbox 1013 947 1399 1028; x_wconf 78' lang='grc' dir='ltr'><strong><em>πολιορκίης</em></strong></span> <span class='ocrx_word' id='word_1_42' title='bbox 1420 935 1690 1023; x_wconf 77' lang='grc' dir='ltr'><strong><em>οὐδένα,</em></strong></span> <span class='ocrx_word' id='word_1_43' title='bbox 1719 943 1946 1026; x_wconf 85' lang='grc' dir='ltr'><strong><em>Κῦρος</em></strong></span> <span class='ocrx_word' id='word_1_44' title='bbox 1982 937 2059 1007; x_wconf 75' lang='grc' dir='ltr'><strong>δὲ</strong></span> <span class='ocrx_word' id='word_1_45' title='bbox 2084 935 2402 1027; x_wconf 79' lang='grc' dir='ltr'><strong><em>ἀπορίῃσι</em></strong></span> <span class='ocrx_word' id='word_1_46' title='bbox 2436 941 2749 1027; x_wconf 82' lang='grc' dir='ltr'><strong><em>ἐνείχετο,</em></strong></span> 
     </span>
     <span class='ocr_line' id='line_1_8' title="bbox 483 1038 2753 1133; baseline -0 -20"><span class='ocrx_word' id='word_1_47' title='bbox 483 1042 599 1114; x_wconf 77' lang='grc' dir='ltr'><strong>ἅτε</strong></span> <span class='ocrx_word' id='word_1_48' title='bbox 638 1041 886 1133; x_wconf 89' lang='grc' dir='ltr'><strong><em>χρόνου</em></strong></span> <span class='ocrx_word' id='word_1_49' title='bbox 938 1069 1010 1110; x_wconf 88' lang='grc' dir='ltr'><strong>τε</strong></span> <span class='ocrx_word' id='word_1_50' title='bbox 1058 1045 1497 1131; x_wconf 80' lang='grc' dir='ltr'><strong><em>ἐγγινομένου</em></strong></span> <span class='ocrx_word' id='word_1_51' title='bbox 1540 1047 1830 1130; x_wconf 82' lang='grc' dir='ltr'><strong><em>συχνοῦ,</em></strong></span> <span class='ocrx_word' id='word_1_52' title='bbox 1886 1038 2202 1130; x_wconf 79' lang='grc' dir='ltr'><strong><em>ἀνωτέρω</em></strong></span> <span class='ocrx_word' id='word_1_53' title='bbox 2250 1069 2324 1111; x_wconf 87' lang='grc' dir='ltr'><strong>τε</strong></span> <span class='ocrx_word' id='word_1_54' title='bbox 2361 1038 2567 1111; x_wconf 73' lang='grc' dir='ltr'><strong><em>οὐδὲν</em></strong></span> <span class='ocrx_word' id='word_1_55' title='bbox 2613 1048 2753 1113; x_wconf 72' lang='grc' dir='ltr'><strong>τῶν</strong></span> 
     </span>
    </p>
   </div>
   <div class='ocr_carea' id='block_1_4' title="bbox 351 1135 2756 1237">
    <p class='ocr_par' dir='ltr' id='par_1_4' title="bbox 351 1135 2756 1237">
     <span class='ocr_line' id='line_1_9' title="bbox 351 1135 2756 1237; baseline -0.002 -18"><span class='ocrx_word' id='word_1_56' title='bbox 351 1158 464 1219; x_wconf 85' lang='grc'><strong>191</strong></span> <span class='ocrx_word' id='word_1_57' title='bbox 488 1144 898 1237; x_wconf 77' lang='grc' dir='ltr'><strong><em>πρηγμάτων</em></strong></span> <span class='ocrx_word' id='word_1_58' title='bbox 927 1149 1509 1235; x_wconf 85' lang='grc' dir='ltr'><strong><em>προκοπτομένων.</em></strong></span> <span class='ocrx_word' id='word_1_59' title='bbox 1583 1153 1742 1214; x_wconf 74' lang='grc' dir='ltr'><strong><em>Εἴτε</em></strong></span> <span class='ocrx_word' id='word_1_60' title='bbox 1783 1143 1869 1235; x_wconf 85' lang='grc' dir='ltr'><strong>δὴ</strong></span> <span class='ocrx_word' id='word_1_61' title='bbox 1904 1135 2004 1213; x_wconf 76' lang='grc' dir='ltr'><strong>ὦν</strong></span> <span class='ocrx_word' id='word_1_62' title='bbox 2039 1141 2239 1226; x_wconf 74' lang='grc' dir='ltr'><strong><em>ἄλλος</em></strong></span> <span class='ocrx_word' id='word_1_63' title='bbox 2287 1149 2357 1214; x_wconf 71' lang='lat' dir='ltr'><strong>os</strong></span> <span class='ocrx_word' id='word_1_64' title='bbox 2399 1142 2756 1233; x_wconf 74' lang='grc' dir='ltr'><strong><em>ἀπορέοντι</em></strong></span> 
     </span>
    </p>
   </div>
   <div class='ocr_carea' id='block_1_5' title="bbox 483 1239 2761 1962">
    <p class='ocr_par' dir='ltr' id='par_1_5' title="bbox 483 1239 2761 1962">
     <span class='ocr_line' id='line_1_10' title="bbox 483 1239 2757 1339; baseline 0 -19"><span class='ocrx_word' id='word_1_65' title='bbox 483 1246 911 1339; x_wconf 73' lang='grc' dir='ltr'><strong><em>ὑπεθήκατο,</em></strong></span> <span class='ocrx_word' id='word_1_66' title='bbox 959 1258 1028 1317; x_wconf 80' lang='grc' dir='ltr'><strong>εί</strong></span> <span class='ocrx_word' id='word_1_67' title='bbox 1059 1276 1129 1318; x_wconf 90' lang='grc' dir='ltr'><strong>τε</strong></span> <span class='ocrx_word' id='word_1_68' title='bbox 1167 1250 1279 1317; x_wconf 84' lang='grc' dir='ltr'><strong>καὶ</strong></span> <span class='ocrx_word' id='word_1_69' title='bbox 1315 1245 1513 1328; x_wconf 80' lang='grc' dir='ltr'><strong><em>αὐτὸς</em></strong></span> <span class='ocrx_word' id='word_1_70' title='bbox 1553 1253 1767 1336; x_wconf 81' lang='grc' dir='ltr'><strong><em>ἔμαθε</em></strong></span> <span class='ocrx_word' id='word_1_71' title='bbox 1797 1244 1871 1317; x_wconf 87' lang='grc' dir='ltr'><strong>τὸ</strong></span> <span class='ocrx_word' id='word_1_72' title='bbox 1915 1252 2227 1337; x_wconf 82' lang='grc' dir='ltr'><strong><em>ποιητέον</em></strong></span> <span class='ocrx_word' id='word_1_73' title='bbox 2266 1254 2333 1318; x_wconf 78' lang='grc' dir='ltr'><strong>οἱ</strong></span> <span class='ocrx_word' id='word_1_74' title='bbox 2363 1239 2485 1337; x_wconf 85' lang='grc' dir='ltr'><strong>ἦν,</strong></span> <span class='ocrx_word' id='word_1_75' title='bbox 2537 1251 2757 1320; x_wconf 85' lang='grc' dir='ltr'><strong><em>ἐποίεε</em></strong></span> 
     </span>
     <span class='ocr_line' id='line_1_11' title="bbox 485 1349 2751 1442; baseline -0.001 -17"><span class='ocrx_word' id='word_1_76' title='bbox 485 1351 570 1442; x_wconf 83' lang='grc' dir='ltr'><strong>δὴ</strong></span> <span class='ocrx_word' id='word_1_77' title='bbox 597 1352 883 1425; x_wconf 88' lang='grc' dir='ltr'><strong><em>τοιόνδε.</em></strong></span> <span class='ocrx_word' id='word_1_78' title='bbox 947 1351 1142 1435; x_wconf 80' lang='grc' dir='ltr'><strong><em>τάξας</em></strong></span> <span class='ocrx_word' id='word_1_79' title='bbox 1169 1349 1295 1440; x_wconf 83' lang='grc' dir='ltr'><strong>τὴν</strong></span> <span class='ocrx_word' id='word_1_80' title='bbox 1330 1350 1652 1441; x_wconf 86' lang='grc' dir='ltr'><strong><em>στρατιὴν</em></strong></span> <span class='ocrx_word' id='word_1_81' title='bbox 1684 1349 1952 1421; x_wconf 80' lang='grc' dir='ltr'><strong><em>ἅπασαν</em></strong></span> <span class='ocrx_word' id='word_1_82' title='bbox 1978 1355 2044 1435; x_wconf 84' lang='grc' dir='ltr'><strong>ἐξ</strong></span> <span class='ocrx_word' id='word_1_83' title='bbox 2075 1354 2361 1440; x_wconf 80' lang='grc' dir='ltr'><strong><em>ἐμβολῆς</em></strong></span> <span class='ocrx_word' id='word_1_84' title='bbox 2386 1357 2508 1420; x_wconf 84' lang='grc' dir='ltr'><strong>τοῦ</strong></span> <span class='ocrx_word' id='word_1_85' title='bbox 2548 1379 2751 1422; x_wconf 84' lang='grc' dir='ltr'><strong><em>ποτα-</em></strong></span> 
     </span>
     <span class='ocr_line' id='line_1_12' title="bbox 483 1445 2759 1547; baseline 0 -22"><span class='ocrx_word' id='word_1_86' title='bbox 483 1462 649 1547; x_wconf 86' lang='grc' dir='ltr'><strong>μοῦ,</strong></span> <span class='ocrx_word' id='word_1_87' title='bbox 687 1460 771 1544; x_wconf 82' lang='grc' dir='ltr'><strong>τῇ</strong></span> <span class='ocrx_word' id='word_1_88' title='bbox 810 1459 876 1535; x_wconf 81' lang='grc' dir='ltr'><strong>ἐς</strong></span> <span class='ocrx_word' id='word_1_89' title='bbox 910 1453 1035 1544; x_wconf 83' lang='grc' dir='ltr'><strong>τὴν</strong></span> <span class='ocrx_word' id='word_1_90' title='bbox 1077 1454 1274 1525; x_wconf 87' lang='grc' dir='ltr'><strong><em>πόλιν</em></strong></span> <span class='ocrx_word' id='word_1_91' title='bbox 1316 1454 1660 1543; x_wconf 84' lang='grc' dir='ltr'><strong><em>ἐσβάλλει,</em></strong></span> <span class='ocrx_word' id='word_1_92' title='bbox 1704 1456 1814 1525; x_wconf 84' lang='grc' dir='ltr'><strong>καὶ</strong></span> <span class='ocrx_word' id='word_1_93' title='bbox 1863 1452 2108 1525; x_wconf 84' lang='grc' dir='ltr'><strong><em>ὄπισθε</em></strong></span> <span class='ocrx_word' id='word_1_94' title='bbox 2151 1445 2341 1537; x_wconf 82' lang='grc' dir='ltr'><strong><em>αὖτις</em></strong></span> <span class='ocrx_word' id='word_1_95' title='bbox 2375 1459 2492 1543; x_wconf 79' lang='grc' dir='ltr'><strong>τῆς</strong></span> <span class='ocrx_word' id='word_1_96' title='bbox 2530 1454 2759 1537; x_wconf 84' lang='grc' dir='ltr'><strong><em>πόλιος</em></strong></span> 
     </span>
     <span class='ocr_line' id='line_1_13' title="bbox 488 1553 2761 1653; baseline -0.001 -24"><span class='ocrx_word' id='word_1_97' title='bbox 488 1559 685 1642; x_wconf 81' lang='grc' dir='ltr'><strong><em>τάξας</em></strong></span> <span class='ocrx_word' id='word_1_98' title='bbox 714 1560 1016 1646; x_wconf 78' lang='grc' dir='ltr'><strong><em>ἑτέρους,</em></strong></span> <span class='ocrx_word' id='word_1_99' title='bbox 1069 1563 1150 1649; x_wconf 83' lang='grc' dir='ltr'><strong>τῇ</strong></span> <span class='ocrx_word' id='word_1_100' title='bbox 1182 1561 1337 1641; x_wconf 81' lang='grc' dir='ltr'><strong><em>ἐξίει</em></strong></span> <span class='ocrx_word' id='word_1_101' title='bbox 1367 1561 1440 1627; x_wconf 84' lang='grc' dir='ltr'><strong>ἐκ</strong></span> <span class='ocrx_word' id='word_1_102' title='bbox 1477 1564 1596 1647; x_wconf 85' lang='grc' dir='ltr'><strong>τῆς</strong></span> <span class='ocrx_word' id='word_1_103' title='bbox 1633 1556 1862 1637; x_wconf 84' lang='grc' dir='ltr'><strong><em>πόλιος</em></strong></span> <span class='ocrx_word' id='word_1_104' title='bbox 1892 1553 1929 1626; x_wconf 84' lang='grc' dir='ltr'><em>ὃ</em></span> <span class='ocrx_word' id='word_1_105' title='bbox 1977 1556 2298 1647; x_wconf 88' lang='grc' dir='ltr'><strong><em>ποταμός·</em></strong></span> <span class='ocrx_word' id='word_1_106' title='bbox 2357 1575 2635 1648; x_wconf 79' lang='grc' dir='ltr'><strong><em>προεῖπε</em></strong></span> <span class='ocrx_word' id='word_1_107' title='bbox 2667 1565 2761 1653; x_wconf 75' lang='grc' dir='ltr'><strong>τῷ</strong></span> 
     </span>
     <span class='ocr_line' id='line_1_14' title="bbox 490 1658 2760 1754; baseline 0 -21"><span class='ocrx_word' id='word_1_108' title='bbox 490 1668 774 1754; x_wconf 78' lang='grc' dir='ltr'><strong><em>στρατῷ,</em></strong></span> <span class='ocrx_word' id='word_1_109' title='bbox 805 1658 969 1732; x_wconf 79' lang='grc' dir='ltr'><strong><em>ὅταν</em></strong></span> <span class='ocrx_word' id='word_1_110' title='bbox 998 1659 1321 1750; x_wconf 77' lang='grc' dir='ltr'><strong><em>διαβατὸν</em></strong></span> <span class='ocrx_word' id='word_1_111' title='bbox 1345 1659 1421 1731; x_wconf 81' lang='grc' dir='ltr'><strong>τὸ</strong></span> <span class='ocrx_word' id='word_1_112' title='bbox 1458 1664 1748 1750; x_wconf 78' lang='grc' dir='ltr'><strong><em>ῥέεθρον</em></strong></span> <span class='ocrx_word' id='word_1_113' title='bbox 1770 1666 2053 1731; x_wconf 75' lang='grc' dir='ltr'><strong><em>ἴδωνται</em></strong></span> <span class='ocrx_word' id='word_1_114' title='bbox 2077 1662 2470 1751; x_wconf 87' lang='grc' dir='ltr'><strong><em>γενόμενον,</em></strong></span> <span class='ocrx_word' id='word_1_115' title='bbox 2509 1665 2760 1733; x_wconf 87' lang='grc' dir='ltr'><strong><em>ἐσιέναι</em></strong></span> 
     </span>
     <span class='ocr_line' id='line_1_15' title="bbox 486 1762 2757 1854; baseline 0 -19"><span class='ocrx_word' id='word_1_116' title='bbox 486 1767 696 1854; x_wconf 83' lang='grc' dir='ltr'><strong><em>ταύτῃ</em></strong></span> <span class='ocrx_word' id='word_1_117' title='bbox 727 1769 792 1844; x_wconf 85' lang='grc' dir='ltr'><strong>ἐς</strong></span> <span class='ocrx_word' id='word_1_118' title='bbox 830 1763 958 1853; x_wconf 81' lang='grc' dir='ltr'><strong>τὴν</strong></span> <span class='ocrx_word' id='word_1_119' title='bbox 992 1764 1210 1834; x_wconf 89' lang='grc' dir='ltr'><strong><em>πόλιν.</em></strong></span> <span class='ocrx_word' id='word_1_120' title='bbox 1278 1762 1455 1834; x_wconf 79' lang='grc' dir='ltr'><strong><em>οὕτω</em></strong></span> <span class='ocrx_word' id='word_1_121' title='bbox 1495 1793 1569 1833; x_wconf 88' lang='grc' dir='ltr'><strong>τε</strong></span> <span class='ocrx_word' id='word_1_122' title='bbox 1598 1763 1681 1854; x_wconf 85' lang='grc' dir='ltr'><strong>δὴ</strong></span> <span class='ocrx_word' id='word_1_123' title='bbox 1712 1764 1909 1847; x_wconf 81' lang='grc' dir='ltr'><strong><em>τάξας</em></strong></span> <span class='ocrx_word' id='word_1_124' title='bbox 1937 1767 2048 1833; x_wconf 81' lang='grc' dir='ltr'><strong>καὶ</strong></span> <span class='ocrx_word' id='word_1_125' title='bbox 2081 1762 2248 1836; x_wconf 75' lang='grc' dir='ltr'><strong><em>κατὰ</em></strong></span> <span class='ocrx_word' id='word_1_126' title='bbox 2274 1769 2486 1834; x_wconf 86' lang='grc' dir='ltr'><strong><em>ταῦτα</em></strong></span> <span class='ocrx_word' id='word_1_127' title='bbox 2515 1791 2757 1854; x_wconf 86' lang='grc' dir='ltr'><strong><em>παραι-</em></strong></span> 
     </span>
     <span class='ocr_line' id='line_1_16' title="bbox 486 1865 2758 1962; baseline 0 -23"><span class='ocrx_word' id='word_1_128' title='bbox 486 1872 684 1951; x_wconf 88' lang='grc' dir='ltr'><strong><em>νέσας</em></strong></span> <span class='ocrx_word' id='word_1_129' title='bbox 734 1865 1083 1958; x_wconf 77' lang='grc' dir='ltr'><strong><em>ἀπήλαυνε</em></strong></span> <span class='ocrx_word' id='word_1_130' title='bbox 1127 1866 1326 1949; x_wconf 82' lang='grc' dir='ltr'><strong><em>αὐτὸς</em></strong></span> <span class='ocrx_word' id='word_1_131' title='bbox 1360 1865 1491 1938; x_wconf 76' lang='grc' dir='ltr'><strong>σὺν</strong></span> <span class='ocrx_word' id='word_1_132' title='bbox 1525 1872 1619 1962; x_wconf 76' lang='grc' dir='ltr'><strong>τῷ</strong></span> <span class='ocrx_word' id='word_1_133' title='bbox 1662 1865 1913 1962; x_wconf 74' lang='grc' dir='ltr'><strong><em>ἆχρηΐφ</em></strong></span> <span class='ocrx_word' id='word_1_134' title='bbox 1957 1875 2081 1938; x_wconf 86' lang='grc' dir='ltr'><strong>τοῦ</strong></span> <span class='ocrx_word' id='word_1_135' title='bbox 2123 1872 2432 1957; x_wconf 85' lang='grc' dir='ltr'><strong><em>στρατοῦ.</em></strong></span> <span class='ocrx_word' id='word_1_136' title='bbox 2494 1865 2758 1940; x_wconf 84' lang='grc' dir='ltr'><strong><em>Ἀπικό-</em></strong></span> 
     </span>
    </p>
   </div>
   <div class='ocr_carea' id='block_1_6' title="bbox 487 2037 1599 4451">
    <p class='ocr_par' dir='ltr' id='par_1_6' title="bbox 487 2037 1584 2936">
     <span class='ocr_line' id='line_1_17' title="bbox 487 2037 1574 2104; baseline 0 -17"><span class='ocrx_word' id='word_1_137' title='bbox 487 2037 685 2104; x_wconf 88' lang='lat' dir='ltr'><strong>probat</strong></span> <span class='ocrx_word' id='word_1_138' title='bbox 720 2037 965 2088; x_wconf 80' lang='lat' dir='ltr'><strong>Bredov,</strong></span> <span class='ocrx_word' id='word_1_139' title='bbox 1012 2054 1067 2103; x_wconf 91' lang='lat' dir='ltr'><strong>p.</strong></span> <span class='ocrx_word' id='word_1_140' title='bbox 1116 2039 1186 2088; x_wconf 84' lang='lat'><strong>74</strong></span> <span class='ocrx_word' id='word_1_141' title='bbox 1221 2053 1364 2103; x_wconf 86' lang='lat' dir='ltr'><strong>seq.‚</strong></span> <span class='ocrx_word' id='word_1_142' title='bbox 1414 2052 1574 2103; x_wconf 89' lang='lat' dir='ltr'><strong>quem</strong></span> 
     </span>
     <span class='ocr_line' id='line_1_18' title="bbox 489 2106 1576 2172; baseline -0.003 -13"><span class='ocrx_word' id='word_1_143' title='bbox 489 2124 640 2159; x_wconf 85' lang='lat' dir='ltr'><strong>cons.</strong></span> <span class='ocrx_word' id='word_1_144' title='bbox 679 2135 745 2143; x_wconf 89' lang='lat'><em>-</em></span> <span class='ocrx_word' id='word_1_145' title='bbox 794 2108 880 2157; x_wconf 90' lang='lat' dir='ltr'><strong>De</strong></span> <span class='ocrx_word' id='word_1_146' title='bbox 911 2107 1017 2157; x_wconf 83' lang='lat' dir='ltr'><strong>hac</strong></span> <span class='ocrx_word' id='word_1_147' title='bbox 1051 2122 1236 2172; x_wconf 82' lang='lat' dir='ltr'><strong>pugna</strong></span> <span class='ocrx_word' id='word_1_148' title='bbox 1272 2106 1404 2157; x_wconf 86' lang='lat' dir='ltr'><strong>nihil</strong></span> <span class='ocrx_word' id='word_1_149' title='bbox 1443 2107 1576 2157; x_wconf 82' lang='lat' dir='ltr'><strong>alibi</strong></span> 
     </span>
     <span class='ocr_line' id='line_1_19' title="bbox 488 2177 1577 2242; baseline -0.001 -15"><span class='ocrx_word' id='word_1_150' title='bbox 488 2180 767 2227; x_wconf 83' lang='lat' dir='ltr'><strong>narratum</strong></span> <span class='ocrx_word' id='word_1_151' title='bbox 802 2177 1039 2240; x_wconf 80' lang='lat' dir='ltr'><strong>reperio,</strong></span> <span class='ocrx_word' id='word_1_152' title='bbox 1081 2177 1188 2226; x_wconf 89' lang='lat' dir='ltr'><strong>nisi</strong></span> <span class='ocrx_word' id='word_1_153' title='bbox 1232 2192 1372 2242; x_wconf 88' lang='lat' dir='ltr'><strong>quae</strong></span> <span class='ocrx_word' id='word_1_154' title='bbox 1404 2177 1577 2226; x_wconf 88' lang='lat' dir='ltr'><strong>Hero-</strong></span> 
     </span>
     <span class='ocr_line' id='line_1_20' title="bbox 491 2244 1575 2310; baseline -0.002 -13"><span class='ocrx_word' id='word_1_155' title='bbox 491 2246 667 2297; x_wconf 84' lang='lat' dir='ltr'><strong>doteis</strong></span> <span class='ocrx_word' id='word_1_156' title='bbox 692 2244 891 2295; x_wconf 87' lang='lat' dir='ltr'><strong>similia</strong></span> <span class='ocrx_word' id='word_1_157' title='bbox 920 2246 1141 2310; x_wconf 73' lang='lat' dir='ltr'><strong>scripsit</strong></span> <span class='ocrx_word' id='word_1_158' title='bbox 1169 2247 1404 2296; x_wconf 78' lang='lat' dir='ltr'>Berosus</span> <span class='ocrx_word' id='word_1_159' title='bbox 1430 2245 1575 2310; x_wconf 87' lang='lat' dir='ltr'><strong>apud</strong></span> 
     </span>
     <span class='ocr_line' id='line_1_21' title="bbox 489 2314 1574 2380; baseline -0.002 -14"><span class='ocrx_word' id='word_1_160' title='bbox 489 2315 780 2380; x_wconf 89' lang='lat' dir='ltr'><strong>Iosephum</strong></span> <span class='ocrx_word' id='word_1_161' title='bbox 833 2320 1008 2365; x_wconf 88' lang='lat' dir='ltr'><strong>contr.</strong></span> <span class='ocrx_word' id='word_1_162' title='bbox 1044 2315 1238 2379; x_wconf 82' lang='lat' dir='ltr'><strong>Apion.</strong></span> <span class='ocrx_word' id='word_1_163' title='bbox 1292 2316 1348 2376; x_wconf 88' lang='grc' dir='ltr'><strong>Ι,</strong></span> <span class='ocrx_word' id='word_1_164' title='bbox 1383 2317 1452 2365; x_wconf 88' lang='grc'><strong>20</strong></span> <span class='ocrx_word' id='word_1_165' title='bbox 1498 2314 1574 2379; x_wconf 88' lang='lat' dir='ltr'><strong>(p.</strong></span> 
     </span>
     <span class='ocr_line' id='line_1_22' title="bbox 491 2382 1579 2450; baseline -0.004 -13"><span class='ocrx_word' id='word_1_166' title='bbox 491 2384 561 2438; x_wconf 82' lang='lat'><strong>68</strong></span> <span class='ocrx_word' id='word_1_167' title='bbox 605 2401 722 2450; x_wconf 89' lang='lat' dir='ltr'><strong>seq.</strong></span> <span class='ocrx_word' id='word_1_168' title='bbox 771 2383 858 2434; x_wconf 86' lang='lat' dir='ltr'><strong>ed.</strong></span> <span class='ocrx_word' id='word_1_169' title='bbox 904 2382 1182 2446; x_wconf 88' lang='lat' dir='ltr'><strong>Richter):</strong></span> <span class='ocrx_word' id='word_1_170' title='bbox 1247 2383 1421 2434; x_wconf 87' lang='lat' dir='ltr'><strong>lucem</strong></span> <span class='ocrx_word' id='word_1_171' title='bbox 1469 2384 1579 2433; x_wconf 84' lang='lat' dir='ltr'><strong>for-</strong></span> 
     </span>
     <span class='ocr_line' id='line_1_23' title="bbox 492 2453 1582 2518; baseline -0.003 -12"><span class='ocrx_word' id='word_1_172' title='bbox 492 2459 642 2506; x_wconf 88' lang='lat' dir='ltr'><strong>tasse</strong></span> <span class='ocrx_word' id='word_1_173' title='bbox 684 2453 913 2504; x_wconf 81' lang='lat' dir='ltr'><strong>afferent</strong></span> <span class='ocrx_word' id='word_1_174' title='bbox 947 2454 1330 2518; x_wconf 82' lang='lat' dir='ltr'><strong>inscriptiones</strong></span> <span class='ocrx_word' id='word_1_175' title='bbox 1384 2469 1582 2503; x_wconf 82' lang='lat' dir='ltr'><strong>cunea-</strong></span> 
     </span>
     <span class='ocr_line' id='line_1_24' title="bbox 491 2522 1580 2589; baseline -0.003 -14"><span class='ocrx_word' id='word_1_176' title='bbox 491 2530 611 2588; x_wconf 86' lang='lat' dir='ltr'><strong>tae,</strong></span> <span class='ocrx_word' id='word_1_177' title='bbox 649 2541 678 2575; x_wconf 98' lang='lat' dir='ltr'><strong>e</strong></span> <span class='ocrx_word' id='word_1_178' title='bbox 703 2524 898 2589; x_wconf 88' lang='lat' dir='ltr'><strong>quibus</strong></span> <span class='ocrx_word' id='word_1_179' title='bbox 927 2523 1103 2574; x_wconf 88' lang='lat' dir='ltr'><strong>adhuc</strong></span> <span class='ocrx_word' id='word_1_180' title='bbox 1139 2524 1232 2573; x_wconf 83' lang='lat' dir='ltr'><strong>vix</strong></span> <span class='ocrx_word' id='word_1_181' title='bbox 1268 2522 1580 2589; x_wconf 77' lang='lat' dir='ltr'><strong>quidquam,</strong></span> 
     </span>
     <span class='ocr_line' id='line_1_25' title="bbox 494 2592 1583 2661; baseline -0.002 -17"><span class='ocrx_word' id='word_1_182' title='bbox 494 2594 638 2661; x_wconf 88' lang='lat' dir='ltr'><strong>quod</strong></span> <span class='ocrx_word' id='word_1_183' title='bbox 677 2593 747 2643; x_wconf 88' lang='lat' dir='ltr'><strong>ad</strong></span> <span class='ocrx_word' id='word_1_184' title='bbox 772 2594 971 2658; x_wconf 83' lang='lat' dir='ltr'>Cyrum</span> <span class='ocrx_word' id='word_1_185' title='bbox 1007 2598 1248 2659; x_wconf 79' lang='lat' dir='ltr'><strong>spectet,</strong></span> <span class='ocrx_word' id='word_1_186' title='bbox 1288 2597 1373 2643; x_wconf 88' lang='lat' dir='ltr'><strong>est</strong></span> <span class='ocrx_word' id='word_1_187' title='bbox 1406 2592 1583 2658; x_wconf 85' lang='lat' dir='ltr'><strong>prola-</strong></span> 
     </span>
     <span class='ocr_line' id='line_1_26' title="bbox 492 2663 1582 2726; baseline -0.003 -11"><span class='ocrx_word' id='word_1_188' title='bbox 492 2670 626 2715; x_wconf 88' lang='lat' dir='ltr'><strong>tum.</strong></span> <span class='ocrx_word' id='word_1_189' title='bbox 699 2664 841 2714; x_wconf 83' lang='lat' dir='ltr'><strong>Num</strong></span> <span class='ocrx_word' id='word_1_190' title='bbox 884 2664 1095 2714; x_wconf 85' lang='lat' dir='ltr'><strong>Iesaias</strong></span> <span class='ocrx_word' id='word_1_191' title='bbox 1139 2663 1355 2726; x_wconf 85' lang='lat' dir='ltr'>XLIII,</span> <span class='ocrx_word' id='word_1_192' title='bbox 1398 2663 1462 2713; x_wconf 91' lang='lat'><strong>17</strong></span> <span class='ocrx_word' id='word_1_193' title='bbox 1514 2663 1582 2712; x_wconf 88' lang='lat' dir='ltr'><strong>de</strong></span> 
     </span>
     <span class='ocr_line' id='line_1_27' title="bbox 492 2733 1583 2798; baseline -0.003 -14"><span class='ocrx_word' id='word_1_194' title='bbox 492 2735 597 2785; x_wconf 83' lang='lat' dir='ltr'><strong>hac</strong></span> <span class='ocrx_word' id='word_1_195' title='bbox 625 2749 811 2798; x_wconf 80' lang='lat' dir='ltr'><strong>pugna</strong></span> <span class='ocrx_word' id='word_1_196' title='bbox 856 2733 1215 2797; x_wconf 83' lang='lat' dir='ltr'><strong>cogitaverit,</strong></span> <span class='ocrx_word' id='word_1_197' title='bbox 1264 2737 1327 2782; x_wconf 91' lang='lat' dir='ltr'><strong>ut</strong></span> <span class='ocrx_word' id='word_1_198' title='bbox 1362 2737 1583 2782; x_wconf 86' lang='lat' dir='ltr'><strong>conten-</strong></span> 
     </span>
     <span class='ocr_line' id='line_1_28' title="bbox 493 2802 1584 2867; baseline -0.005 -13"><span class='ocrx_word' id='word_1_199' title='bbox 493 2805 575 2854; x_wconf 87' lang='lat' dir='ltr'><strong>dit</strong></span> <span class='ocrx_word' id='word_1_200' title='bbox 608 2804 801 2867; x_wconf 77' lang='lat' dir='ltr'><strong>Hitzig</strong></span> <span class='ocrx_word' id='word_1_201' title='bbox 843 2819 894 2866; x_wconf 90' lang='lat' dir='ltr'><strong>p.</strong></span> <span class='ocrx_word' id='word_1_202' title='bbox 931 2802 1060 2866; x_wconf 78' lang='lat'>504,</span> <span class='ocrx_word' id='word_1_203' title='bbox 1113 2802 1238 2852; x_wconf 87' lang='lat' dir='ltr'><strong>aliis</strong></span> <span class='ocrx_word' id='word_1_204' title='bbox 1284 2802 1584 2852; x_wconf 83' lang='lat' dir='ltr'><strong>diiudican-</strong></span> 
     </span>
     <span class='ocr_line' id='line_1_29' title="bbox 493 2871 921 2936; baseline -0.002 -13"><span class='ocrx_word' id='word_1_205' title='bbox 493 2874 619 2923; x_wconf 87' lang='lat' dir='ltr'><strong>dum</strong></span> <span class='ocrx_word' id='word_1_206' title='bbox 652 2871 921 2936; x_wconf 85' lang='lat' dir='ltr'><strong>relinquo.</strong></span> 
     </span>
    </p>

    <p class='ocr_par' dir='ltr' id='par_1_7' title="bbox 495 2927 1599 4451">
     <span class='ocr_line' id='line_1_30' title="bbox 562 2927 1585 3002; baseline -0.002 -14"><span class='ocrx_word' id='word_1_207' title='bbox 562 2933 952 3002; x_wconf 78' lang='grc' dir='ltr'><strong><em>προεσάξαντο</em></strong></span> <span class='ocrx_word' id='word_1_208' title='bbox 1003 2936 1153 2988; x_wconf 88' lang='grc' dir='ltr'><strong><em>σιτία</em></strong></span> <span class='ocrx_word' id='word_1_209' title='bbox 1197 2927 1365 2987; x_wconf 82' lang='grc' dir='ltr'><strong><em>ἐτέων</em></strong></span> <span class='ocrx_word' id='word_1_210' title='bbox 1403 2929 1585 3000; x_wconf 83' lang='grc' dir='ltr'><strong><em>κάρτα</em></strong></span> 
     </span>
     <span class='ocr_line' id='line_1_31' title="bbox 497 2998 1581 3075; baseline -0.002 -18"><span class='ocrx_word' id='word_1_211' title='bbox 497 3006 743 3075; x_wconf 76' lang='grc' dir='ltr'><strong><em>πολλῶν]</em></strong></span> <span class='ocrx_word' id='word_1_212' title='bbox 812 3008 958 3058; x_wconf 84' lang='lat' dir='ltr'><strong>Male</strong></span> <span class='ocrx_word' id='word_1_213' title='bbox 1009 3006 1255 3057; x_wconf 87' lang='lat' dir='ltr'><strong>nonnulli</strong></span> <span class='ocrx_word' id='word_1_214' title='bbox 1314 2998 1581 3070; x_wconf 88' lang='grc' dir='ltr'><strong><em>προσά-</em></strong></span> 
     </span>
     <span class='ocr_line' id='line_1_32' title="bbox 498 3069 1582 3141; baseline -0.001 -15"><span class='ocrx_word' id='word_1_215' title='bbox 498 3074 689 3139; x_wconf 79' lang='grc' dir='ltr'><strong><em>ξαντο.</em></strong></span> <span class='ocrx_word' id='word_1_216' title='bbox 748 3078 888 3127; x_wconf 89' lang='lat' dir='ltr'><strong>Nam</strong></span> <span class='ocrx_word' id='word_1_217' title='bbox 916 3069 1339 3141; x_wconf 78' lang='grc' dir='ltr'><strong><em>προεσάγεσθαι</em></strong></span> <span class='ocrx_word' id='word_1_218' title='bbox 1378 3077 1582 3140; x_wconf 89' lang='lat' dir='ltr'><strong>optime</strong></span> 
     </span>
     <span class='ocr_line' id='line_1_33' title="bbox 495 3144 1584 3211; baseline -0.005 -13"><span class='ocrx_word' id='word_1_219' title='bbox 495 3148 586 3198; x_wconf 89' lang='lat' dir='ltr'><strong>hic</strong></span> <span class='ocrx_word' id='word_1_220' title='bbox 638 3147 695 3195; x_wconf 90' lang='lat' dir='ltr'><strong>in</strong></span> <span class='ocrx_word' id='word_1_221' title='bbox 749 3145 1082 3211; x_wconf 79' lang='lat' dir='ltr'><strong>Babylonios</strong></span> <span class='ocrx_word' id='word_1_222' title='bbox 1146 3144 1424 3206; x_wconf 81' lang='lat' dir='ltr'><strong>convenit,</strong></span> <span class='ocrx_word' id='word_1_223' title='bbox 1490 3144 1584 3209; x_wconf 89' lang='lat' dir='ltr'><strong>qui</strong></span> 
     </span>
     <span class='ocr_line' id='line_1_34' title="bbox 497 3213 1585 3268; baseline -0.004 -1"><span class='ocrx_word' id='word_1_224' title='bbox 497 3219 855 3268; x_wconf 77' lang='lat' dir='ltr'><strong>commeatum</strong></span> <span class='ocrx_word' id='word_1_225' title='bbox 909 3230 1032 3264; x_wconf 89' lang='lat' dir='ltr'><strong>rure</strong></span> <span class='ocrx_word' id='word_1_226' title='bbox 1095 3215 1152 3263; x_wconf 92' lang='lat' dir='ltr'><strong>in</strong></span> <span class='ocrx_word' id='word_1_227' title='bbox 1217 3213 1402 3263; x_wconf 88' lang='lat' dir='ltr'><strong>urbem</strong></span> <span class='ocrx_word' id='word_1_228' title='bbox 1457 3218 1585 3264; x_wconf 80' lang='lat' dir='ltr'><strong>ante</strong></span> 
     </span>
     <span class='ocr_line' id='line_1_35' title="bbox 497 3280 1585 3351; baseline -0.001 -17"><span class='ocrx_word' id='word_1_229' title='bbox 497 3284 651 3351; x_wconf 87' lang='lat' dir='ltr'><strong>(Cyri</strong></span> <span class='ocrx_word' id='word_1_230' title='bbox 675 3283 793 3336; x_wconf 89' lang='lat' dir='ltr'><strong>scil.</strong></span> <span class='ocrx_word' id='word_1_231' title='bbox 815 3283 1130 3348; x_wconf 84' lang='lat' dir='ltr'><strong>adventum)</strong></span> <span class='ocrx_word' id='word_1_232' title='bbox 1153 3299 1199 3334; x_wconf 91' lang='lat' dir='ltr'><strong>s.</strong></span> <span class='ocrx_word' id='word_1_233' title='bbox 1220 3283 1370 3346; x_wconf 87' lang='lat' dir='ltr'><strong>prius</strong></span> <span class='ocrx_word' id='word_1_234' title='bbox 1399 3280 1585 3346; x_wconf 86' lang='lat' dir='ltr'><strong>(quam</strong></span> 
     </span>
     <span class='ocr_line' id='line_1_36' title="bbox 498 3352 1584 3420; baseline -0.005 -13"><span class='ocrx_word' id='word_1_235' title='bbox 498 3357 671 3420; x_wconf 84' lang='lat' dir='ltr'><strong>Cyrus</strong></span> <span class='ocrx_word' id='word_1_236' title='bbox 699 3352 1004 3420; x_wconf 84' lang='lat' dir='ltr'><strong>adveniret)</strong></span> <span class='ocrx_word' id='word_1_237' title='bbox 1038 3353 1145 3402; x_wconf 88' lang='lat' dir='ltr'><strong>sibi</strong></span> <span class='ocrx_word' id='word_1_238' title='bbox 1174 3354 1584 3417; x_wconf 77' lang='lat' dir='ltr'><strong>comportarunt</strong></span> 
     </span>
     <span class='ocr_line' id='line_1_37' title="bbox 497 3421 1580 3487; baseline -0.003 -11"><span class='ocrx_word' id='word_1_239' title='bbox 497 3430 553 3476; x_wconf 88' lang='lat' dir='ltr'><strong>et</strong></span> <span class='ocrx_word' id='word_1_240' title='bbox 589 3424 939 3487; x_wconf 74' lang='lat' dir='ltr'><strong>collegerunt.</strong></span> <span class='ocrx_word' id='word_1_241' title='bbox 998 3423 1105 3474; x_wconf 83' lang='lat' dir='ltr'><strong>Sed</strong></span> <span class='ocrx_word' id='word_1_242' title='bbox 1141 3426 1308 3486; x_wconf 81' lang='lat' dir='ltr'><strong>negat</strong></span> <span class='ocrx_word' id='word_1_243' title='bbox 1344 3421 1580 3474; x_wconf 62' lang='lat' dir='ltr'><strong>Bredovu</strong></span> 
     </span>
     <span class='ocr_line' id='line_1_38' title="bbox 496 3482 1587 3561; baseline -0.004 -16"><span class='ocrx_word' id='word_1_244' title='bbox 496 3512 549 3561; x_wconf 89' lang='lat' dir='ltr'><strong>p.</strong></span> <span class='ocrx_word' id='word_1_245' title='bbox 590 3493 687 3545; x_wconf 84' lang='lat'><strong>351</strong></span> <span class='ocrx_word' id='word_1_246' title='bbox 725 3493 791 3543; x_wconf 87' lang='lat' dir='ltr'><strong>de</strong></span> <span class='ocrx_word' id='word_1_247' title='bbox 825 3491 991 3543; x_wconf 84' lang='lat' dir='ltr'><strong>verbo</strong></span> <span class='ocrx_word' id='word_1_248' title='bbox 1037 3482 1461 3556; x_wconf 77' lang='grc' dir='ltr'><strong><em>προεσάγεσθαι</em></strong></span> <span class='ocrx_word' id='word_1_249' title='bbox 1497 3507 1587 3541; x_wconf 85' lang='lat' dir='ltr'><strong>co-</strong></span> 
     </span>
     <span class='ocr_line' id='line_1_39' title="bbox 502 3560 1588 3631; baseline -0.006 -17"><span class='ocrx_word' id='word_1_250' title='bbox 502 3564 670 3631; x_wconf 83' lang='lat' dir='ltr'><strong>gitari</strong></span> <span class='ocrx_word' id='word_1_251' title='bbox 714 3579 900 3628; x_wconf 86' lang='lat' dir='ltr'><strong>posse,</strong></span> <span class='ocrx_word' id='word_1_252' title='bbox 970 3562 1122 3612; x_wconf 90' lang='lat' dir='ltr'><strong>cuius</strong></span> <span class='ocrx_word' id='word_1_253' title='bbox 1167 3561 1433 3612; x_wconf 81' lang='lat' dir='ltr'><strong>aoristum</strong></span> <span class='ocrx_word' id='word_1_254' title='bbox 1481 3560 1588 3625; x_wconf 87' lang='lat' dir='ltr'><strong>pri-</strong></span> 
     </span>
     <span class='ocr_line' id='line_1_40' title="bbox 502 3629 1588 3691; baseline -0.006 -7"><span class='ocrx_word' id='word_1_255' title='bbox 502 3649 645 3684; x_wconf 89' lang='lat' dir='ltr'><strong>mum</strong></span> <span class='ocrx_word' id='word_1_256' title='bbox 695 3637 758 3683; x_wconf 88' lang='lat' dir='ltr'><strong>ut</strong></span> <span class='ocrx_word' id='word_1_257' title='bbox 789 3632 858 3682; x_wconf 83' lang='lat' dir='ltr'><strong>ab</strong></span> <span class='ocrx_word' id='word_1_258' title='bbox 895 3631 1176 3682; x_wconf 84' lang='lat' dir='ltr'><strong>Herodoto</strong></span> <span class='ocrx_word' id='word_1_259' title='bbox 1213 3629 1468 3691; x_wconf 85' lang='lat' dir='ltr'><strong>alienum,</strong></span> <span class='ocrx_word' id='word_1_260' title='bbox 1506 3630 1588 3679; x_wconf 80' lang='lat' dir='ltr'><strong>ita</strong></span> 
     </span>
     <span class='ocr_line' id='line_1_41' title="bbox 501 3699 1586 3769; baseline -0.005 -16"><span class='ocrx_word' id='word_1_261' title='bbox 501 3702 896 3769; x_wconf 75' lang='lat' dir='ltr'><strong>posterioribus</strong></span> <span class='ocrx_word' id='word_1_262' title='bbox 954 3702 1169 3752; x_wconf 89' lang='lat' dir='ltr'><strong>demum</strong></span> <span class='ocrx_word' id='word_1_263' title='bbox 1226 3699 1586 3763; x_wconf 78' lang='lat' dir='ltr'><strong>scriptoribus</strong></span> 
     </span>
     <span class='ocr_line' id='line_1_42' title="bbox 500 3771 1586 3836; baseline -0.007 -13"><span class='ocrx_word' id='word_1_264' title='bbox 500 3773 763 3823; x_wconf 84' lang='lat' dir='ltr'><strong>usitatum</strong></span> <span class='ocrx_word' id='word_1_265' title='bbox 814 3771 1168 3836; x_wconf 77' lang='lat' dir='ltr'><strong>pronunciat,</strong></span> <span class='ocrx_word' id='word_1_266' title='bbox 1200 3783 1393 3833; x_wconf 60' lang='lat' dir='ltr'><strong>‚quare</strong></span> <span class='ocrx_word' id='word_1_267' title='bbox 1444 3782 1586 3830; x_wconf 88' lang='grc' dir='ltr'><strong><em>προ-</em></strong></span> 
     </span>
     <span class='ocr_line' id='line_1_43' title="bbox 501 3834 1589 3901; baseline -0.003 -11"><span class='ocrx_word' id='word_1_268' title='bbox 501 3834 777 3901; x_wconf 75' lang='grc' dir='ltr'><strong><em>εσάξαντο</em></strong></span> <span class='ocrx_word' id='word_1_269' title='bbox 828 3844 882 3889; x_wconf 89' lang='lat' dir='ltr'><strong>et</strong></span> <span class='ocrx_word' id='word_1_270' title='bbox 923 3837 1027 3889; x_wconf 83' lang='lat' dir='ltr'><strong>hoc</strong></span> <span class='ocrx_word' id='word_1_271' title='bbox 1062 3838 1183 3888; x_wconf 91' lang='lat' dir='ltr'><strong>loco</strong></span> <span class='ocrx_word' id='word_1_272' title='bbox 1228 3842 1284 3887; x_wconf 87' lang='lat' dir='ltr'><strong>et</strong></span> <span class='ocrx_word' id='word_1_273' title='bbox 1319 3836 1477 3898; x_wconf 88' lang='lat' dir='ltr'>VIII,</span> <span class='ocrx_word' id='word_1_274' title='bbox 1518 3837 1589 3887; x_wconf 83' lang='lat'><strong>20</strong></span> 
     </span>
     <span class='ocr_line' id='line_1_44' title="bbox 504 3898 1589 3970; baseline -0.004 -11"><span class='ocrx_word' id='word_1_275' title='bbox 504 3908 628 3959; x_wconf 90' lang='lat' dir='ltr'><strong>coll.</strong></span> <span class='ocrx_word' id='word_1_276' title='bbox 665 3908 732 3970; x_wconf 87' lang='lat' dir='ltr'><strong>V,</strong></span> <span class='ocrx_word' id='word_1_277' title='bbox 770 3907 839 3960; x_wconf 84' lang='lat'><strong>34</strong></span> <span class='ocrx_word' id='word_1_278' title='bbox 865 3923 900 3956; x_wconf 88' lang='lat' dir='ltr'><strong>a</strong></span> <span class='ocrx_word' id='word_1_279' title='bbox 937 3898 1284 3968; x_wconf 87' lang='grc' dir='ltr'><strong><em>προσάσσειν</em></strong></span> <span class='ocrx_word' id='word_1_280' title='bbox 1320 3905 1589 3955; x_wconf 88' lang='lat' dir='ltr'><strong>deducen-</strong></span> 
     </span>
     <span class='ocr_line' id='line_1_45' title="bbox 503 3975 1589 4036; baseline -0.003 -9"><span class='ocrx_word' id='word_1_281' title='bbox 503 3978 631 4027; x_wconf 87' lang='lat' dir='ltr'><strong>dum</strong></span> <span class='ocrx_word' id='word_1_282' title='bbox 658 3992 779 4026; x_wconf 87' lang='lat' dir='ltr'><strong>esse</strong></span> <span class='ocrx_word' id='word_1_283' title='bbox 806 3980 992 4026; x_wconf 85' lang='lat' dir='ltr'><strong>censet</strong></span> <span class='ocrx_word' id='word_1_284' title='bbox 1012 3975 1115 4024; x_wconf 87' lang='lat' dir='ltr'><strong>boc</strong></span> <span class='ocrx_word' id='word_1_285' title='bbox 1144 3990 1330 4025; x_wconf 84' lang='lat' dir='ltr'><strong>sensu:</strong></span> <span class='ocrx_word' id='word_1_286' title='bbox 1364 3975 1589 4036; x_wconf 67' lang='lat' dir='ltr'><strong>svmen-</strong></span> 
     </span>
     <span class='ocr_line' id='line_1_46' title="bbox 502 4042 1590 4107; baseline -0.004 -10"><span class='ocrx_word' id='word_1_287' title='bbox 502 4054 601 4097; x_wconf 73' lang='lat' dir='ltr'><strong>tum</strong></span> <span class='ocrx_word' id='word_1_288' title='bbox 629 4053 749 4096; x_wconf 76' lang='lat' dir='ltr'><strong>ante</strong></span> <span class='ocrx_word' id='word_1_289' title='bbox 782 4043 882 4094; x_wconf 70' lang='lat' dir='ltr'><strong>sibi</strong></span> <span class='ocrx_word' id='word_1_290' title='bbox 913 4047 1238 4093; x_wconf 70' lang='lat' dir='ltr'><strong>enarradarum.</strong></span> <span class='ocrx_word' id='word_1_291' title='bbox 1293 4042 1450 4107; x_wconf 84' lang='lat' dir='ltr'><strong>Apud</strong></span> <span class='ocrx_word' id='word_1_292' title='bbox 1480 4043 1590 4093; x_wconf 86' lang='lat' dir='ltr'><strong>No-</strong></span> 
     </span>
     <span class='ocr_line' id='line_1_47' title="bbox 505 4103 1592 4175; baseline -0.006 -9"><span class='ocrx_word' id='word_1_293' title='bbox 505 4119 674 4166; x_wconf 83' lang='lat' dir='ltr'><strong>strum</strong></span> <span class='ocrx_word' id='word_1_294' title='bbox 702 4111 852 4162; x_wconf 89' lang='lat' dir='ltr'><strong>haud</strong></span> <span class='ocrx_word' id='word_1_295' title='bbox 881 4111 1194 4175; x_wconf 82' lang='lat' dir='ltr'><strong>infrequens</strong></span> <span class='ocrx_word' id='word_1_296' title='bbox 1211 4113 1432 4162; x_wconf 82' lang='lat' dir='ltr'><strong>verbum</strong></span> <span class='ocrx_word' id='word_1_297' title='bbox 1461 4103 1592 4160; x_wconf 90' lang='grc' dir='ltr'><strong><em>σάσ-</em></strong></span> 
     </span>
     <span class='ocr_line' id='line_1_48' title="bbox 506 4178 1594 4248; baseline -0.004 -14"><span class='ocrx_word' id='word_1_298' title='bbox 506 4198 583 4234; x_wconf 90' lang='grc' dir='ltr'><strong><em>σω</em></strong></span> <span class='ocrx_word' id='word_1_299' title='bbox 620 4181 753 4248; x_wconf 86' lang='lat'>(111,</span> <span class='ocrx_word' id='word_1_300' title='bbox 786 4182 836 4232; x_wconf 85' lang='lat'><strong>7.</strong></span> <span class='ocrx_word' id='word_1_301' title='bbox 873 4180 971 4243; x_wconf 84' lang='lat' dir='ltr'><strong>VI,</strong></span> <span class='ocrx_word' id='word_1_302' title='bbox 999 4181 1086 4232; x_wconf 86' lang='lat'><strong>70.</strong></span> <span class='ocrx_word' id='word_1_303' title='bbox 1111 4180 1198 4232; x_wconf 83' lang='lat'><strong>73.</strong></span> <span class='ocrx_word' id='word_1_304' title='bbox 1220 4181 1353 4240; x_wconf 83' lang='lat' dir='ltr'>V11,</span> <span class='ocrx_word' id='word_1_305' title='bbox 1383 4178 1471 4230; x_wconf 97' lang='grc'><strong>62.</strong></span> <span class='ocrx_word' id='word_1_306' title='bbox 1497 4178 1594 4241; x_wconf 87' lang='grc'><strong>86)</strong></span> 
     </span>
     <span class='ocr_line' id='line_1_49' title="bbox 504 4238 1591 4317; baseline -0.005 -14"><span class='ocrx_word' id='word_1_307' title='bbox 504 4253 730 4317; x_wconf 88' lang='lat' dir='ltr'><strong>eiusque</strong></span> <span class='ocrx_word' id='word_1_308' title='bbox 758 4249 1079 4315; x_wconf 83' lang='lat' dir='ltr'><strong>composita,</strong></span> <span class='ocrx_word' id='word_1_309' title='bbox 1107 4253 1170 4298; x_wconf 88' lang='lat' dir='ltr'><strong>ut</strong></span> <span class='ocrx_word' id='word_1_310' title='bbox 1195 4238 1517 4297; x_wconf 79' lang='grc' dir='ltr'><strong><em>ἐπισάσσειν</em></strong></span> <span class='ocrx_word' id='word_1_311' title='bbox 1542 4249 1591 4310; x_wconf 88' lang='lat'><strong>1,</strong></span> 
     </span>
     <span class='ocr_line' id='line_1_50' title="bbox 506 4311 1599 4385; baseline -0.005 -12"><span class='ocrx_word' id='word_1_312' title='bbox 506 4323 626 4385; x_wconf 83' lang='lat'>194,</span> <span class='ocrx_word' id='word_1_313' title='bbox 653 4311 1039 4384; x_wconf 88' lang='grc' dir='ltr'><strong><em>παρασάσσειν</em></strong></span> <span class='ocrx_word' id='word_1_314' title='bbox 1060 4317 1157 4379; x_wconf 85' lang='lat' dir='ltr'><strong>VI,</strong></span> <span class='ocrx_word' id='word_1_315' title='bbox 1178 4317 1295 4378; x_wconf 79' lang='lat'>124,</span> <span class='ocrx_word' id='word_1_316' title='bbox 1316 4319 1599 4368; x_wconf 72' lang='lat' dir='ltr'><strong>instruendi</strong></span> 
     </span>
     <span class='ocr_line' id='line_1_51' title="bbox 508 4385 1594 4451; baseline -0.007 -7"><span class='ocrx_word' id='word_1_317' title='bbox 508 4394 565 4444; x_wconf 87' lang='lat' dir='ltr'><strong>et</strong></span> <span class='ocrx_word' id='word_1_318' title='bbox 602 4388 892 4442; x_wconf 71' lang='lat' dir='ltr'><strong>adornanda·</strong></span> <span class='ocrx_word' id='word_1_319' title='bbox 926 4386 1166 4439; x_wconf 87' lang='lat' dir='ltr'><strong>notione.</strong></span> <span class='ocrx_word' id='word_1_320' title='bbox 1241 4385 1399 4438; x_wconf 85' lang='lat' dir='ltr'><strong>conf.</strong></span> <span class='ocrx_word' id='word_1_321' title='bbox 1435 4387 1594 4451; x_wconf 89' lang='lat' dir='ltr'>VIII,</span> 
     </span>
    </p>
   </div>
   <div class='ocr_carea' id='block_1_7' title="bbox 1676 2037 2766 2382">
    <p class='ocr_par' dir='ltr' id='par_1_8' title="bbox 1676 2037 2766 2382">
     <span class='ocr_line' id='line_1_52' title="bbox 1677 2037 2766 2101; baseline 0 -12"><span class='ocrx_word' id='word_1_322' title='bbox 1677 2039 1764 2089; x_wconf 88' lang='grc'><strong>20.</strong></span> <span class='ocrx_word' id='word_1_323' title='bbox 1837 2037 1903 2087; x_wconf 93' lang='lat' dir='ltr'>In</span> <span class='ocrx_word' id='word_1_324' title='bbox 1945 2037 2067 2101; x_wconf 85' lang='lat' dir='ltr'><strong>ipsa</strong></span> <span class='ocrx_word' id='word_1_325' title='bbox 2107 2052 2165 2087; x_wconf 87' lang='lat' dir='ltr'><strong>re</strong></span> <span class='ocrx_word' id='word_1_326' title='bbox 2210 2053 2317 2087; x_wconf 89' lang='lat' dir='ltr'><strong>non</strong></span> <span class='ocrx_word' id='word_1_327' title='bbox 2363 2038 2617 2089; x_wconf 82' lang='lat' dir='ltr'><strong>dissentit</strong></span> <span class='ocrx_word' id='word_1_328' title='bbox 2659 2039 2766 2089; x_wconf 84' lang='lat' dir='ltr'><strong>Xe-</strong></span> 
     </span>
     <span class='ocr_line' id='line_1_53' title="bbox 1676 2106 2763 2173; baseline 0 -14"><span class='ocrx_word' id='word_1_329' title='bbox 1676 2106 1924 2173; x_wconf 88' lang='lat' dir='ltr'><strong>nophon,</strong></span> <span class='ocrx_word' id='word_1_330' title='bbox 1987 2107 2082 2172; x_wconf 88' lang='lat' dir='ltr'><strong>qui</strong></span> <span class='ocrx_word' id='word_1_331' title='bbox 2137 2107 2473 2172; x_wconf 82' lang='lat' dir='ltr'><strong>Babylonios</strong></span> <span class='ocrx_word' id='word_1_332' title='bbox 2533 2123 2567 2157; x_wconf 86' lang='lat' dir='ltr'><strong>a</strong></span> <span class='ocrx_word' id='word_1_333' title='bbox 2618 2107 2763 2172; x_wconf 80' lang='lat' dir='ltr'><strong>Cyro</strong></span> 
     </span>
     <span class='ocr_line' id='line_1_54' title="bbox 1679 2177 2764 2228; baseline 0 0"><span class='ocrx_word' id='word_1_334' title='bbox 1679 2178 1933 2228; x_wconf 87' lang='lat' dir='ltr'><strong>obsessos</strong></span> <span class='ocrx_word' id='word_1_335' title='bbox 1983 2181 2342 2228; x_wconf 80' lang='lat' dir='ltr'><strong>commeatum</strong></span> <span class='ocrx_word' id='word_1_336' title='bbox 2397 2177 2764 2228; x_wconf 79' lang='lat' dir='ltr'><strong>necessarium</strong></span> 
     </span>
     <span class='ocr_line' id='line_1_55' title="bbox 1679 2245 2764 2312; baseline 0.001 -16"><span class='ocrx_word' id='word_1_337' title='bbox 1679 2247 1877 2312; x_wconf 78' lang='lat' dir='ltr'><strong>viginti</strong></span> <span class='ocrx_word' id='word_1_338' title='bbox 1911 2245 2143 2310; x_wconf 84' lang='lat' dir='ltr'><strong>amplius</strong></span> <span class='ocrx_word' id='word_1_339' title='bbox 2194 2247 2252 2296; x_wconf 89' lang='lat' dir='ltr'><strong>iu</strong></span> <span class='ocrx_word' id='word_1_340' title='bbox 2290 2262 2463 2297; x_wconf 86' lang='lat' dir='ltr'><strong>annos</strong></span> <span class='ocrx_word' id='word_1_341' title='bbox 2503 2247 2609 2297; x_wconf 90' lang='lat' dir='ltr'><strong>sibi</strong></span> <span class='ocrx_word' id='word_1_342' title='bbox 2655 2247 2764 2297; x_wconf 85' lang='lat' dir='ltr'><strong>col-</strong></span> 
     </span>
     <span class='ocr_line' id='line_1_56' title="bbox 1679 2316 2764 2382; baseline 0.003 -17"><span class='ocrx_word' id='word_1_343' title='bbox 1679 2316 1880 2381; x_wconf 76' lang='lat' dir='ltr'><strong>legisse</strong></span> <span class='ocrx_word' id='word_1_344' title='bbox 1922 2316 2114 2366; x_wconf 84' lang='lat' dir='ltr'><strong>scribit</strong></span> <span class='ocrx_word' id='word_1_345' title='bbox 2148 2316 2204 2365; x_wconf 90' lang='lat' dir='ltr'><strong>in</strong></span> <span class='ocrx_word' id='word_1_346' title='bbox 2247 2317 2432 2367; x_wconf 87' lang='lat' dir='ltr'><strong>Instit.</strong></span> <span class='ocrx_word' id='word_1_347' title='bbox 2468 2317 2596 2382; x_wconf 83' lang='lat' dir='ltr'><strong>Cyr.</strong></span> <span class='ocrx_word' id='word_1_348' title='bbox 2635 2318 2764 2381; x_wconf 88' lang='lat' dir='ltr'>VII,</span> 
     </span>
    </p>
   </div>
   <div class='ocr_carea' id='block_1_8' title="bbox 1683 2461 2772 2817">
    <p class='ocr_par' dir='ltr' id='par_1_9' title="bbox 1683 2461 2772 2817">
     <span class='ocr_line' id='line_1_57' title="bbox 1753 2461 2772 2537; baseline 0.004 -18"><span class='ocrx_word' id='word_1_349' title='bbox 1753 2463 2027 2537; x_wconf 77' lang='grc' dir='ltr'><strong><em>ἀπορίῃσι</em></strong></span> <span class='ocrx_word' id='word_1_350' title='bbox 2088 2461 2424 2536; x_wconf 65' lang='grc' dir='ltr'><strong><em>ἐνείχετο]</em></strong></span> <span class='ocrx_word' id='word_1_351' title='bbox 2482 2473 2567 2522; x_wconf 90' lang='lat' dir='ltr'><strong>De</strong></span> <span class='ocrx_word' id='word_1_352' title='bbox 2621 2471 2772 2523; x_wconf 85' lang='lat' dir='ltr'><strong>locu-</strong></span> 
     </span>
     <span class='ocr_line' id='line_1_58' title="bbox 1684 2541 2767 2602; baseline 0.002 -11"><span class='ocrx_word' id='word_1_353' title='bbox 1684 2543 1834 2592; x_wconf 89' lang='lat' dir='ltr'><strong>tione</strong></span> <span class='ocrx_word' id='word_1_354' title='bbox 1877 2541 2023 2591; x_wconf 85' lang='lat' dir='ltr'><strong>conf.</strong></span> <span class='ocrx_word' id='word_1_355' title='bbox 2061 2541 2229 2601; x_wconf 88' lang='lat' dir='ltr'>VIII,</span> <span class='ocrx_word' id='word_1_356' title='bbox 2278 2542 2344 2591; x_wconf 84' lang='lat'><strong>52</strong></span> <span class='ocrx_word' id='word_1_357' title='bbox 2393 2545 2449 2592; x_wconf 85' lang='lat' dir='ltr'><strong>et</strong></span> <span class='ocrx_word' id='word_1_358' title='bbox 2493 2541 2596 2602; x_wconf 87' lang='lat' dir='ltr'><strong>IV,</strong></span> <span class='ocrx_word' id='word_1_359' title='bbox 2646 2541 2767 2594; x_wconf 82' lang='lat'><strong>131.</strong></span> 
     </span>
     <span class='ocr_line' id='line_1_59' title="bbox 1684 2602 2771 2677; baseline 0.003 -16"><span class='ocrx_word' id='word_1_360' title='bbox 1684 2612 1782 2674; x_wconf 86' lang='lat' dir='ltr'><strong>IX,</strong></span> <span class='ocrx_word' id='word_1_361' title='bbox 1820 2610 1905 2672; x_wconf 79' lang='lat'><strong>98,</strong></span> <span class='ocrx_word' id='word_1_362' title='bbox 1946 2610 2041 2660; x_wconf 89' lang='lat' dir='ltr'><strong>ubi</strong></span> <span class='ocrx_word' id='word_1_363' title='bbox 2076 2625 2173 2674; x_wconf 87' lang='lat' dir='ltr'><strong>pro</strong></span> <span class='ocrx_word' id='word_1_364' title='bbox 2210 2602 2505 2676; x_wconf 75' lang='grc' dir='ltr'><strong><em>ἐνέχεσθαι</em></strong></span> <span class='ocrx_word' id='word_1_365' title='bbox 2543 2612 2771 2677; x_wconf 84' lang='lat' dir='ltr'><strong>simplex</strong></span> 
     </span>
     <span class='ocr_line' id='line_1_60' title="bbox 1684 2672 2769 2746; baseline 0.002 -16"><span class='ocrx_word' id='word_1_366' title='bbox 1684 2674 1934 2744; x_wconf 77' lang='grc' dir='ltr'><strong><em>ἔχεσθαι.</em></strong></span> <span class='ocrx_word' id='word_1_367' title='bbox 2000 2679 2083 2729; x_wconf 83' lang='lat' dir='ltr'><strong>Ad</strong></span> <span class='ocrx_word' id='word_1_368' title='bbox 2114 2681 2283 2730; x_wconf 82' lang='lat' dir='ltr'><strong>verba</strong></span> <span class='ocrx_word' id='word_1_369' title='bbox 2309 2672 2523 2745; x_wconf 83' lang='grc' dir='ltr'><strong><em>χρόνον</em></strong></span> <span class='ocrx_word' id='word_1_370' title='bbox 2556 2672 2769 2746; x_wconf 78' lang='grc' dir='ltr'><strong><em>ἐγγινο-</em></strong></span> 
     </span>
     <span class='ocr_line' id='line_1_61' title="bbox 1683 2749 2697 2817; baseline 0.003 -18"><span class='ocrx_word' id='word_1_371' title='bbox 1683 2750 1861 2815; x_wconf 80' lang='grc' dir='ltr'><strong><em>μένου</em></strong></span> <span class='ocrx_word' id='word_1_372' title='bbox 1896 2749 2041 2801; x_wconf 83' lang='lat' dir='ltr'><strong>conf.</strong></span> <span class='ocrx_word' id='word_1_373' title='bbox 2081 2749 2157 2810; x_wconf 87' lang='lat' dir='ltr'><strong>H,</strong></span> <span class='ocrx_word' id='word_1_374' title='bbox 2198 2751 2301 2800; x_wconf 80' lang='lat'><strong>124</strong></span> <span class='ocrx_word' id='word_1_375' title='bbox 2337 2750 2520 2817; x_wconf 87' lang='lat' dir='ltr'><strong>ibique</strong></span> <span class='ocrx_word' id='word_1_376' title='bbox 2556 2756 2697 2802; x_wconf 81' lang='lat' dir='ltr'><strong>nott.</strong></span> 
     </span>
    </p>
   </div>
   <div class='ocr_carea' id='block_1_9' title="bbox 1679 2826 2773 3388">
    <p class='ocr_par' dir='ltr' id='par_1_10' title="bbox 1679 2826 2773 3388">
     <span class='ocr_line' id='line_1_62' title="bbox 1756 2826 2772 2901; baseline 0.001 -16"><span class='ocrx_word' id='word_1_377' title='bbox 1756 2826 2017 2897; x_wconf 75' lang='grc' dir='ltr'><strong><em>ἀνωτέρω</em></strong></span> <span class='ocrx_word' id='word_1_378' title='bbox 2059 2850 2116 2884; x_wconf 86' lang='grc' dir='ltr'><strong>τε</strong></span> <span class='ocrx_word' id='word_1_379' title='bbox 2152 2829 2325 2886; x_wconf 70' lang='grc' dir='ltr'><strong><em>οὐδὲν</em></strong></span> <span class='ocrx_word' id='word_1_380' title='bbox 2366 2836 2482 2886; x_wconf 74' lang='grc' dir='ltr'><strong>τῶν</strong></span> <span class='ocrx_word' id='word_1_381' title='bbox 2516 2828 2772 2901; x_wconf 83' lang='grc' dir='ltr'><strong><em>πρηγμά-</em></strong></span> 
     </span>
     <span class='ocr_line' id='line_1_63' title="bbox 1680 2902 2770 2970; baseline 0.002 -16"><span class='ocrx_word' id='word_1_382' title='bbox 1680 2921 1795 2955; x_wconf 88' lang='grc' dir='ltr'><strong>των</strong></span> <span class='ocrx_word' id='word_1_383' title='bbox 1839 2902 2348 2970; x_wconf 80' lang='grc' dir='ltr'><strong><em>προκοπτομένων]</em></strong></span> <span class='ocrx_word' id='word_1_384' title='bbox 2406 2921 2464 2955; x_wconf 87' lang='grc' dir='ltr'><strong>τε</strong></span> <span class='ocrx_word' id='word_1_385' title='bbox 2520 2907 2770 2957; x_wconf 87' lang='lat' dir='ltr'><strong>meliores</strong></span> 
     </span>
     <span class='ocr_line' id='line_1_64' title="bbox 1679 2974 2771 3040; baseline 0.001 -16"><span class='ocrx_word' id='word_1_386' title='bbox 1679 2975 1806 3025; x_wconf 89' lang='lat' dir='ltr'><strong>libri</strong></span> <span class='ocrx_word' id='word_1_387' title='bbox 1842 2974 2050 3025; x_wconf 83' lang='lat' dir='ltr'><strong>dabant</strong></span> <span class='ocrx_word' id='word_1_388' title='bbox 2083 2991 2182 3039; x_wconf 88' lang='lat' dir='ltr'><strong>pro</strong></span> <span class='ocrx_word' id='word_1_389' title='bbox 2219 2975 2369 3040; x_wconf 75' lang='lat' dir='ltr'><strong>vulg.</strong></span> <span class='ocrx_word' id='word_1_390' title='bbox 2408 2974 2489 3025; x_wconf 85' lang='grc' dir='ltr'><strong>δέ.</strong></span> <span class='ocrx_word' id='word_1_391' title='bbox 2566 2977 2771 3027; x_wconf 81' lang='lat' dir='ltr'><strong>Sensus</strong></span> 
     </span>
     <span class='ocr_line' id='line_1_65' title="bbox 1681 3043 2773 3110; baseline 0.004 -16"><span class='ocrx_word' id='word_1_392' title='bbox 1681 3044 1788 3095; x_wconf 89' lang='lat' dir='ltr'><strong>loci</strong></span> <span class='ocrx_word' id='word_1_393' title='bbox 1832 3048 1944 3095; x_wconf 83' lang='lat' dir='ltr'><strong>est:</strong></span> <span class='ocrx_word' id='word_1_394' title='bbox 2005 3043 2210 3110; x_wconf 86' lang='lat' dir='ltr'><strong>‚,(cum)</strong></span> <span class='ocrx_word' id='word_1_395' title='bbox 2257 3061 2418 3110; x_wconf 75' lang='lat' dir='ltr'><strong>neque</strong></span> <span class='ocrx_word' id='word_1_396' title='bbox 2460 3060 2520 3096; x_wconf 82' lang='lat' dir='ltr'><strong>eo</strong></span> <span class='ocrx_word' id='word_1_397' title='bbox 2563 3049 2773 3098; x_wconf 57' lang='lat' dir='ltr'><strong>alienus</strong></span> 
     </span>
     <span class='ocr_line' id='line_1_66' title="bbox 1683 3114 2771 3180; baseline 0.002 -16"><span class='ocrx_word' id='word_1_398' title='bbox 1683 3131 1770 3165; x_wconf 75' lang='lat' dir='ltr'><strong>res</strong></span> <span class='ocrx_word' id='word_1_399' title='bbox 1800 3114 2236 3178; x_wconf 63' lang='lat' dir='ltr'><strong>prom-ederentur</strong></span> <span class='ocrx_word' id='word_1_400' title='bbox 2269 3130 2314 3164; x_wconf 89' lang='lat' dir='ltr'><strong>s.</strong></span> <span class='ocrx_word' id='word_1_401' title='bbox 2356 3131 2462 3165; x_wconf 82' lang='lat' dir='ltr'><strong>cum</strong></span> <span class='ocrx_word' id='word_1_402' title='bbox 2489 3130 2648 3180; x_wconf 82' lang='lat' dir='ltr'><strong>neque</strong></span> <span class='ocrx_word' id='word_1_403' title='bbox 2675 3132 2771 3166; x_wconf 83' lang='lat' dir='ltr'><strong>me-</strong></span> 
     </span>
     <span class='ocr_line' id='line_1_67' title="bbox 1683 3177 2773 3246; baseline 0 -12"><span class='ocrx_word' id='word_1_404' title='bbox 1683 3186 1781 3234; x_wconf 75' lang='lat' dir='ltr'><strong>lius</strong></span> <span class='ocrx_word' id='word_1_405' title='bbox 1814 3199 1900 3234; x_wconf 76' lang='lat' dir='ltr'><strong>res</strong></span> <span class='ocrx_word' id='word_1_406' title='bbox 1936 3183 2291 3236; x_wconf 73' lang='lat' dir='ltr'><strong>succederet.“</strong></span> <span class='ocrx_word' id='word_1_407' title='bbox 2339 3177 2773 3246; x_wconf 79' lang='grc' dir='ltr'><strong><em>προκόπτεσθαι</em></strong></span> 
     </span>
     <span class='ocr_line' id='line_1_68' title="bbox 1684 3253 2771 3316; baseline 0.001 -13"><span class='ocrx_word' id='word_1_408' title='bbox 1684 3254 1871 3303; x_wconf 87' lang='lat' dir='ltr'><strong>eodem</strong></span> <span class='ocrx_word' id='word_1_409' title='bbox 1904 3267 2070 3302; x_wconf 88' lang='lat' dir='ltr'><strong>sensu</strong></span> <span class='ocrx_word' id='word_1_410' title='bbox 2105 3253 2211 3316; x_wconf 87' lang='lat'>111,</span> <span class='ocrx_word' id='word_1_411' title='bbox 2253 3253 2337 3304; x_wconf 83' lang='grc'><strong>56.</strong></span> <span class='ocrx_word' id='word_1_412' title='bbox 2408 3253 2567 3304; x_wconf 75' lang='lat' dir='ltr'><strong>Cous.</strong></span> <span class='ocrx_word' id='word_1_413' title='bbox 2607 3256 2771 3304; x_wconf 83' lang='lat' dir='ltr'><strong>etiam</strong></span> 
     </span>
     <span class='ocr_line' id='line_1_69' title="bbox 1687 3316 2772 3388; baseline 0.003 -17"><span class='ocrx_word' id='word_1_414' title='bbox 1687 3323 1926 3372; x_wconf 75' lang='lat' dir='ltr'><strong>activum</strong></span> <span class='ocrx_word' id='word_1_415' title='bbox 1964 3322 2187 3372; x_wconf 82' lang='lat' dir='ltr'><strong>verbum</strong></span> <span class='ocrx_word' id='word_1_416' title='bbox 2240 3316 2590 3382; x_wconf 80' lang='grc' dir='ltr'><strong><em>προκόπτειν</em></strong></span> <span class='ocrx_word' id='word_1_417' title='bbox 2626 3323 2772 3388; x_wconf 88' lang='lat' dir='ltr'><strong>apud</strong></span> 
     </span>
    </p>
   </div>
   <div class='ocr_carea' id='block_1_10' title="bbox 1681 3390 2771 3524">
    <p class='ocr_par' dir='ltr' id='par_1_11' title="bbox 1681 3390 2771 3524">
     <span class='ocr_line' id='line_1_70' title="bbox 1681 3390 2771 3457; baseline 0.003 -16"><span class='ocrx_word' id='word_1_418' title='bbox 1681 3390 1994 3454; x_wconf 80' lang='lat' dir='ltr'><strong>Thucydid.</strong></span> <span class='ocrx_word' id='word_1_419' title='bbox 2033 3391 2128 3452; x_wconf 91' lang='lat' dir='ltr'><strong>IV,</strong></span> <span class='ocrx_word' id='word_1_420' title='bbox 2155 3392 2240 3443; x_wconf 88' lang='grc'><strong>60.</strong></span> <span class='ocrx_word' id='word_1_421' title='bbox 2278 3392 2405 3457; x_wconf 89' lang='lat' dir='ltr'>VII,</span> <span class='ocrx_word' id='word_1_422' title='bbox 2437 3392 2506 3444; x_wconf 84' lang='lat'><strong>56</strong></span> <span class='ocrx_word' id='word_1_423' title='bbox 2540 3398 2595 3443; x_wconf 90' lang='lat' dir='ltr'><strong>et</strong></span> <span class='ocrx_word' id='word_1_424' title='bbox 2629 3398 2771 3444; x_wconf 88' lang='lat' dir='ltr'><strong>nott.</strong></span> 
     </span>
     <span class='ocr_line' id='line_1_71' title="bbox 1689 3460 2265 3524; baseline 0 -13"><span class='ocrx_word' id='word_1_425' title='bbox 1689 3460 1759 3511; x_wconf 86' lang='lat' dir='ltr'><strong>ad</strong></span> <span class='ocrx_word' id='word_1_426' title='bbox 1793 3460 1999 3511; x_wconf 89' lang='lat' dir='ltr'><strong>Herod.</strong></span> <span class='ocrx_word' id='word_1_427' title='bbox 2039 3461 2137 3524; x_wconf 87' lang='lat' dir='ltr'><strong>IX,</strong></span> <span class='ocrx_word' id='word_1_428' title='bbox 2176 3462 2265 3511; x_wconf 74' lang='lat'><strong>44.</strong></span> 
     </span>
    </p>
   </div>
   <div class='ocr_carea' id='block_1_11' title="bbox 2032 3647 2403 3701">
    <p class='ocr_par' dir='ltr' id='par_1_12' title="bbox 2032 3647 2403 3701">
     <span class='ocr_line' id='line_1_72' title="bbox 2032 3647 2403 3701; baseline 0.005 -3"><span class='ocrx_word' id='word_1_429' title='bbox 2032 3647 2167 3699; x_wconf 62' lang='lat' dir='ltr'><strong>cn.</strong></span> <span class='ocrx_word' id='word_1_430' title='bbox 2212 3648 2403 3701; x_wconf 83' lang='lat' dir='ltr'>CXCI.</span> 
     </span>
    </p>
   </div>
   <div class='ocr_carea' id='block_1_12' title="bbox 1688 3738 2780 3938">
    <p class='ocr_par' dir='ltr' id='par_1_13' title="bbox 1688 3738 2780 3938">
     <span class='ocr_line' id='line_1_73' title="bbox 1760 3738 2778 3816; baseline 0.002 -17"><span class='ocrx_word' id='word_1_431' title='bbox 1760 3747 1830 3814; x_wconf 88' lang='grc' dir='ltr'><strong>τῇ</strong></span> <span class='ocrx_word' id='word_1_432' title='bbox 1866 3738 2000 3811; x_wconf 77' lang='grc' dir='ltr'><strong><em>ἐξίει</em></strong></span> <span class='ocrx_word' id='word_1_433' title='bbox 2047 3741 2105 3798; x_wconf 77' lang='grc' dir='ltr'><strong>ἐκ</strong></span> <span class='ocrx_word' id='word_1_434' title='bbox 2158 3748 2259 3816; x_wconf 84' lang='grc' dir='ltr'><strong>τῆς</strong></span> <span class='ocrx_word' id='word_1_435' title='bbox 2298 3742 2496 3807; x_wconf 81' lang='grc' dir='ltr'><strong><em>πόλιος</em></strong></span> <span class='ocrx_word' id='word_1_436' title='bbox 2530 3740 2561 3801; x_wconf 81' lang='grc' dir='ltr'>ὁ</span> <span class='ocrx_word' id='word_1_437' title='bbox 2600 3767 2778 3801; x_wconf 88' lang='grc' dir='ltr'><strong><em>ποτα-</em></strong></span> 
     </span>
     <span class='ocr_line' id='line_1_74' title="bbox 1688 3808 2780 3938; baseline 0.005 -70"><span class='ocrx_word' id='word_1_438' title='bbox 1688 3811 1971 3938; x_wconf 58' lang='grc' dir='ltr'><strong><em>ιθιές1]80])ε</em></strong></span> <span class='ocrx_word' id='word_1_439' title='bbox 2029 3820 2202 3870; x_wconf 85' lang='lat' dir='ltr'><strong>forma</strong></span> <span class='ocrx_word' id='word_1_440' title='bbox 2261 3808 2395 3881; x_wconf 80' lang='grc' dir='ltr'><strong><em>ἐξίει</em></strong></span> <span class='ocrx_word' id='word_1_441' title='bbox 2446 3820 2592 3871; x_wconf 84' lang='lat' dir='ltr'><strong>conf.</strong></span> <span class='ocrx_word' id='word_1_442' title='bbox 2640 3822 2696 3885; x_wconf 90' lang='grc' dir='ltr'><strong>Ι,</strong></span> <span class='ocrx_word' id='word_1_443' title='bbox 2745 3821 2780 3873; x_wconf 89' lang='grc'><strong>6</strong></span> 
     </span>
    </p>
   </div>
   <div class='ocr_carea' id='block_1_13' title="bbox 1692 3963 2787 4459">
    <p class='ocr_par' dir='ltr' id='par_1_14' title="bbox 1692 3963 2784 4245">
     <span class='ocr_line' id='line_1_75' title="bbox 1761 3963 2782 4040; baseline 0.002 -18"><span class='ocrx_word' id='word_1_444' title='bbox 1761 3965 1935 4030; x_wconf 82' lang='grc' dir='ltr'><strong><em>αὐτὸς</em></strong></span> <span class='ocrx_word' id='word_1_445' title='bbox 1972 3963 2079 4022; x_wconf 74' lang='grc' dir='ltr'><strong>σὺν</strong></span> <span class='ocrx_word' id='word_1_446' title='bbox 2116 3970 2194 4033; x_wconf 72' lang='grc' dir='ltr'><strong>τῷ</strong></span> <span class='ocrx_word' id='word_1_447' title='bbox 2220 3963 2439 4040; x_wconf 81' lang='grc' dir='ltr'><strong><em>άχρηΐῳ</em></strong></span> <span class='ocrx_word' id='word_1_448' title='bbox 2475 3970 2580 4022; x_wconf 80' lang='grc' dir='ltr'><strong>τοῦ</strong></span> <span class='ocrx_word' id='word_1_449' title='bbox 2618 3988 2782 4038; x_wconf 83' lang='grc' dir='ltr'><strong><em>στρα-</em></strong></span> 
     </span>
     <span class='ocr_line' id='line_1_76' title="bbox 1692 4037 2784 4109; baseline 0.005 -19"><span class='ocrx_word' id='word_1_450' title='bbox 1692 4037 1816 4109; x_wconf 83' lang='grc' dir='ltr'><strong><em>τοῦ]</em></strong></span> <span class='ocrx_word' id='word_1_451' title='bbox 1848 4040 2116 4108; x_wconf 83' lang='lat' dir='ltr'><strong>Intelligit</strong></span> <span class='ocrx_word' id='word_1_452' title='bbox 2138 4041 2443 4102; x_wconf 71' lang='lat' dir='ltr'><strong>Larcherus</strong></span> <span class='ocrx_word' id='word_1_453' title='bbox 2479 4041 2599 4104; x_wconf 83' lang='lat' dir='ltr'><strong>„les</strong></span> <span class='ocrx_word' id='word_1_454' title='bbox 2635 4048 2784 4097; x_wconf 86' lang='lat' dir='ltr'><strong>trou-</strong></span> 
     </span>
     <span class='ocr_line' id='line_1_77' title="bbox 1695 4110 2781 4175; baseline 0.003 -13"><span class='ocrx_word' id='word_1_455' title='bbox 1695 4127 1791 4175; x_wconf 86' lang='lat' dir='ltr'><strong>pes</strong></span> <span class='ocrx_word' id='word_1_456' title='bbox 1837 4110 1917 4161; x_wconf 87' lang='lat' dir='ltr'><strong>les</strong></span> <span class='ocrx_word' id='word_1_457' title='bbox 1962 4112 2138 4162; x_wconf 88' lang='lat' dir='ltr'><strong>moins</strong></span> <span class='ocrx_word' id='word_1_458' title='bbox 2182 4112 2419 4174; x_wconf 87' lang='lat' dir='ltr'><strong>bonnes,</strong></span> <span class='ocrx_word' id='word_1_459' title='bbox 2473 4110 2553 4161; x_wconf 85' lang='lat' dir='ltr'><strong>les</strong></span> <span class='ocrx_word' id='word_1_460' title='bbox 2602 4115 2781 4165; x_wconf 87' lang='lat' dir='ltr'><strong>moins</strong></span> 
     </span>
     <span class='ocr_line' id='line_1_78' title="bbox 1807 4179 2783 4245; baseline 0.005 -15"><span class='ocrx_word' id='word_1_461' title='bbox 1807 4179 1998 4242; x_wconf 88' lang='lat' dir='ltr'><strong>erries,</strong></span> <span class='ocrx_word' id='word_1_462' title='bbox 2068 4180 2146 4230; x_wconf 91' lang='lat' dir='ltr'><strong>les</strong></span> <span class='ocrx_word' id='word_1_463' title='bbox 2207 4181 2383 4231; x_wconf 86' lang='lat' dir='ltr'><strong>moins</strong></span> <span class='ocrx_word' id='word_1_464' title='bbox 2452 4183 2783 4245; x_wconf 84' lang='lat' dir='ltr'><strong>experimen-</strong></span> 
     </span>
    </p>

    <p class='ocr_par' dir='ltr' id='par_1_15' title="bbox 1695 4247 2787 4459">
     <span class='ocr_line' id='line_1_79' title="bbox 1696 4247 2786 4312; baseline 0.005 -13"><span class='ocrx_word' id='word_1_465' title='bbox 1696 4254 1721 4299; x_wconf 88' lang='lat' dir='ltr'><strong>t</strong></span> <span class='ocrx_word' id='word_1_466' title='bbox 1757 4249 1881 4312; x_wconf 87' lang='lat' dir='ltr'><strong>es,“</strong></span> <span class='ocrx_word' id='word_1_467' title='bbox 1917 4264 2040 4299; x_wconf 90' lang='lat' dir='ltr'><strong>cum</strong></span> <span class='ocrx_word' id='word_1_468' title='bbox 2076 4249 2220 4300; x_wconf 84' lang='lat' dir='ltr'><strong>infra</strong></span> <span class='ocrx_word' id='word_1_469' title='bbox 2256 4250 2301 4312; x_wconf 92' lang='lat'><strong>1,</strong></span> <span class='ocrx_word' id='word_1_470' title='bbox 2339 4247 2436 4299; x_wconf 84' lang='lat'><strong>211</strong></span> <span class='ocrx_word' id='word_1_471' title='bbox 2480 4250 2669 4301; x_wconf 87' lang='lat' dir='ltr'><strong>eadem</strong></span> <span class='ocrx_word' id='word_1_472' title='bbox 2705 4255 2786 4304; x_wconf 89' lang='lat' dir='ltr'><strong>in-</strong></span> 
     </span>
     <span class='ocr_line' id='line_1_80' title="bbox 1695 4318 2787 4383; baseline 0.005 -16"><span class='ocrx_word' id='word_1_473' title='bbox 1695 4318 1950 4368; x_wconf 76' lang='lat' dir='ltr'><strong>veniatur</strong></span> <span class='ocrx_word' id='word_1_474' title='bbox 1994 4318 2227 4380; x_wconf 87' lang='lat' dir='ltr'><strong>locutio,</strong></span> <span class='ocrx_word' id='word_1_475' title='bbox 2276 4333 2417 4383; x_wconf 87' lang='lat' dir='ltr'><strong>quae</strong></span> <span class='ocrx_word' id='word_1_476' title='bbox 2456 4319 2514 4381; x_wconf 87' lang='lat'><strong>1,</strong></span> <span class='ocrx_word' id='word_1_477' title='bbox 2554 4321 2657 4371; x_wconf 83' lang='lat'><strong>207</strong></span> <span class='ocrx_word' id='word_1_478' title='bbox 2695 4339 2787 4373; x_wconf 86' lang='lat' dir='ltr'><strong>ex-</strong></span> 
     </span>
     <span class='ocr_line' id='line_1_81' title="bbox 1697 4385 2787 4459; baseline 0.004 -23"><span class='ocrx_word' id='word_1_479' title='bbox 1697 4385 1928 4455; x_wconf 86' lang='lat' dir='ltr'><strong>plicetur</strong></span> <span class='ocrx_word' id='word_1_480' title='bbox 1951 4387 2111 4453; x_wconf 90' lang='lat' dir='ltr'><strong>quasi</strong></span> <span class='ocrx_word' id='word_1_481' title='bbox 2146 4387 2354 4438; x_wconf 78' lang='lat' dir='ltr'><strong>verbis:</strong></span> <span class='ocrx_word' id='word_1_482' title='bbox 2392 4385 2494 4452; x_wconf 82' lang='grc' dir='ltr'><strong>τῆς</strong></span> <span class='ocrx_word' id='word_1_483' title='bbox 2519 4389 2787 4459; x_wconf 79' lang='grc' dir='ltr'><strong><em>στρατιῆς</em></strong></span> 
     </span>
    </p>
   </div>
  </div>
 </body>
</html>
