3109 5092
1263 362 1516 426 OLIO.
1561 365 1616 427 1.
1657 372 1782 430 167.

2533 368 2660 432 327

377 541 557 608 νεῶν
599 532 757 617 τούς
804 534 1058 628 ἄνδρας
1103 543 1175 609 οῗ
1212 565 1287 609 τε
1324 538 1784 629 Καρχηδόνιοι
1831 540 1946 610 καὶ
1997 543 2070 610 οἰ
2109 546 2447 634 Τυρσηνοὶ
2498 550 2652 615 ἔλα-

381 640 504 730 χόν
536 668 611 712 τε
639 636 869 712 αὐτῶν
899 648 1126 737 πολλῷ
1162 647 1474 729 πλείους,
1516 646 1632 715 καὶ
1670 643 1949 727 τούτους
1987 646 2422 734 ἐξαγαγόντες
2457 651 2651 719 κατέ-

382 754 656 816 λευσαν.
716 743 881 835 μετὰ
914 746 993 817 δὲ
1025 744 1476 835 Ἀγυλλαίοισι
1518 747 1738 820 πάντα
1772 747 1856 820 τὰ
1888 748 2215 839 παριόντα
2253 747 2374 821 τὸν
2415 758 2653 841 χῶρον,

384 852 460 919 ἐν
499 855 594 945 τῷ
629 853 700 921 οἱ
728 852 1071 932 Φωκαιέες
1118 856 1696 936 καταλευσθέντες
1734 855 1993 940 ἐκέατο,
2041 856 2298 943 ἐγίνετο
2343 855 2651 946 διάστρο-

379 982 478 1042 φα
522 956 636 1024 καὶ
675 960 941 1045 ἔμπηρα
980 957 1094 1026 καὶ
1135 952 1529 1047 ἀπόπληκτα
1550 1010 1571 1044 ,
1622 954 1870 1048 ὁμοίως
1918 956 2222 1050 πρόβατα
2258 960 2371 1030 καὶ
2405 954 2651 1044 ὑποζύ-

376 1158 679 1225 genitivum
740 1173 775 1208 a
838 1159 1212 1224 comparativo
1272 1156 1466 1227 πολλῷ

375 1226 606 1285 πλείους
640 1226 873 1294 pendere
914 1229 1193 1280 existimat
1229 1233 1284 1280 et
1317 1230 1463 1280 hunc

372 1299 429 1348 in
464 1299 685 1350 modum
723 1299 889 1349 etiam
923 1298 1103 1350 locum
1139 1301 1463 1365 interpreta-

373 1373 463 1418 tus
499 1372 600 1419 est.
672 1368 809 1419 Mihi
854 1369 995 1419 enim
1031 1370 1305 1435 genitivus
1341 1385 1463 1435 par-

370 1439 594 1502 titivus,
641 1443 705 1489 ut
739 1438 924 1501 aiunt,
963 1454 1083 1491 esse
1115 1440 1362 1503 videtur,
1398 1442 1462 1491 ut

369 1508 459 1559 hic
491 1507 601 1559 loci
637 1508 712 1560 sit
746 1523 966 1560 seususz
1000 1513 1150 1560 multo
1174 1513 1355 1574 plures
1387 1512 1461 1561 τί-

369 1593 540 1629 rorum
563 1594 593 1629 e
617 1579 828 1630 navibus
855 1579 1124 1631 submersis
1153 1582 1461 1644 inter-cepto-

366 1665 477 1699 rum
534 1647 946 1714 Phocaeensium,
1020 1651 1461 1716 Carthaginienses

374 1718 748 1787 Tyrrhenique,
785 1721 1046 1771 sortitione
1074 1722 1251 1785 facta,
1297 1719 1460 1769 abdu-

365 1797 474 1840 ctos
509 1789 765 1854 lapidibus
798 1790 1090 1843 obruerunt.
1144 1791 1286 1842 Nam
1310 1793 1460 1855 post-

367 1875 531 1926 quam
582 1860 739 1910 initio
790 1860 1004 1911 dixerat
1056 1853 1194 1918 τούς
1239 1850 1458 1922 ἄνδρας

364 1929 485 1997 (qui
533 1930 883 1981 accusativus
928 1930 1129 1981 obiecti
1171 1929 1242 1981 ad
1287 1930 1459 1980 verba

367 1999 655 2067 sequentia
700 2000 1023 2067 pertineat),
1074 2015 1199 2051 mox
1234 2014 1457 2050 accura-

364 2071 475 2121 tius
547 2071 875 2122 sententiam
945 2086 1099 2121 suam
1171 2067 1456 2136 explicans

365 2141 647 2207 subiungit
677 2132 870 2190 αὖτῶν
890 2138 950 2206 (i.
983 2156 1033 2193 e.
1059 2137 1176 2191 τῶν
1197 2131 1458 2204 ἀνδρῶν)

364 2207 558 2278 πολλῷ
601 2208 860 2274 πλείους,
911 2210 993 2262 ita
1040 2214 1103 2260 ut
1151 2209 1369 2276 proprie
1405 2208 1457 2258 ei

364 2280 652 2333 dicendum
687 2280 886 2332 fuisset
909 2277 1025 2330 ταῖν
1043 2271 1294 2345 ἀνδρῶν.
1345 2278 1455 2330 Sed

362 2351 675 2403 huiusmodi
711 2351 985 2417 genitivos
1019 2349 1167 2402 haud
1201 2365 1326 2401 raro
1362 2364 1454 2399 ne-

364 2421 574 2486 glectos
634 2437 753 2473 esse
798 2425 1107 2472 monstrant
1155 2436 1248 2484 ea,
1312 2434 1453 2485 quae

364 2492 634 2545 Matthiae
671 2489 893 2556 collegit
930 2492 987 2541 in
1032 2492 1124 2542 Gr.
1165 2490 1359 2542 Graec.
1398 2492 1449 2554 9.

363 2561 496 2626 319,
546 2562 743 2629 quibus
779 2562 867 2612 hic
901 2562 1021 2627 ipse
1057 2561 1211 2612 locus
1248 2560 1451 2626 optime

367 2632 496 2683 addi
530 2632 750 2698 poterit.
824 2630 968 2698 Cary
1000 2631 1058 2681 in
1083 2629 1315 2697 Anglica
1342 2631 1453 2681 He-

363 2702 542 2754 rodoti
580 2703 858 2765 versione,
899 2717 1040 2767 quae
1060 2700 1299 2752 Londini
1329 2716 1451 2766 pro-

363 2773 464 2823 diit
503 2771 665 2836 1852,
712 2773 771 2822 in
807 2772 1034 2823 eandem
1075 2772 1188 2823 fere
1236 2774 1453 2822 senten-

364 2843 498 2893 tiam
528 2843 672 2893 hunc
699 2842 879 2894 locum
908 2843 1291 2908 interpretans,
1327 2835 1451 2890 ἔλα-

363 2927 468 2978 χον
510 2912 666 2963 reddi
717 2911 861 2963 vult:
919 2912 1036 2980 they
1088 2911 1358 2976 happened
1400 2917 1450 2960 to

362 2982 481 3034 take
502 2982 612 3048 him,
637 2981 917 3048 additque,
940 2974 1239 3048 λαγχάνειν
1266 2982 1313 3031 si
1338 2994 1450 3030 sor-

364 3053 435 3103 tis
457 3052 660 3105 habeat
679 3053 982 3116 notionem,
1017 3052 1332 3118 plerumque
1357 3047 1451 3100 ad-

363 3123 563 3174 iectam
611 3123 840 3188 reperiri
884 3137 1072 3173 vocem
1123 3112 1312 3186 κλήρῳ
1361 3116 1451 3169 vel

363 3192 591 3243 similem
625 3192 921 3258 quandam,
961 3196 1023 3242 ut
1056 3191 1164 3253 111,
1202 3189 1289 3241 83.
1324 3187 1445 3240 128.

366 3263 475 3326 lv,
513 3261 600 3314 94.
644 3262 762 3314 153.
832 3261 993 3313 Unde
1038 3260 1179 3311 mihi·
1208 3259 1448 3325 suspicio

365 3337 484 3384 orta
518 3337 630 3396 est,
666 3348 764 3397 pro
788 3325 991 3396 ἔλαχον
1012 3329 1304 3397 legendum
1327 3343 1450 3380 esse

363 3396 427 3452 32
443 3418 481 3451 α
496 3399 578 3468 βο
595 3418 653 3465 ν,
679 3417 785 3467 quo
809 3405 1030 3467 recepto
1054 3400 1315 3452 orationis
1347 3398 1449 3450 dif-

362 3471 665 3524 ficultatem
688 3487 889 3537 magna
922 3487 988 3522 ex
1010 3475 1166 3537 parte
1187 3469 1310 3521 tolli
1342 3468 1452 3518 exi·

360 3543 596 3598 stimem.
632 3572 704 3582 —
746 3542 1002 3593 Formam
1045 3539 1277 3597 πλείους
1320 3539 1451 3589 ferri

359 3629 522 3679 posse
578 3616 746 3676 negat
792 3611 1028 3663 Bredov.
1087 3627 1142 3676 p.
1201 3609 1325 3671 155,
1388 3608 1449 3658 in

358 3679 566 3741 πλέους
587 3680 677 3733 vel
707 3678 954 3739 πλεῦνας
981 3678 1446 3739 commutandam3

358 3752 494 3803 illud
527 3752 736 3817 recepit
768 3751 1025 3814 Dietsch,
1063 3750 1167 3801 hoc
1190 3747 1446 3800 Dindorf.

357 3823 510 3874 Idem
538 3823 751 3873 obtinet
771 3821 847 3884 11,
872 3822 972 3873 120
997 3824 1053 3871 et
1074 3820 1194 3871 121.
1221 3822 1272 3883 ἕ.
1301 3821 1352 3869 4.
1376 3848 1448 3859 -

358 3893 465 3956 Qui
499 3892 757 3957 deinceps
793 3894 1159 3942 memorantur
1192 3884 1445 3956 Ayyllaei,

358 3967 486 4013 sunt
513 3960 728 4013 incolae
762 3961 879 4012 eius
921 3960 1098 4023 urbis,
1146 3974 1287 4025 quae
1321 3961 1447 4024 post

357 4032 509 4084 dicta
530 4037 616 4083 est
636 4033 817 4092 Caere,
841 4045 1111 4097 quamque
1135 4028 1262 4080 olim
1281 4027 1445 4094 Agyl-

354 4102 465 4154 lam
501 4102 704 4154 dictam
751 4116 872 4152 esse
921 4101 1214 4165 scriptores
1261 4098 1444 4164 plures

354 4173 739 4238 pronuntiant,
802 4186 836 4220 a
874 4169 1123 4234 Pelasgis
1171 4167 1446 4219 Thessali-

355 4243 468 4305 cis,
529 4246 592 4292 ut
645 4240 865 4303 volunt,
937 4239 1230 4291 conditam.
1317 4236 1443 4289 Vid.

353 4312 621 4378 Forbiger
647 4309 870 4362 Haudb.
902 4307 953 4360 d.
984 4308 1081 4363 alt.
1108 4309 1302 4374 Geogr.
1332 4308 1440 4359 111.

353 4397 407 4444 p.
447 4380 569 4445 606,
608 4382 701 4447 qui
739 4379 1025 4431 Strabonis
1076 4378 1147 4444 (V
1152 4416 1165 4429 .
1202 4394 1261 4443 p.
1297 4377 1441 4444 225),

356 4451 611 4517 Dionysii
644 4448 826 4503 Halic.
866 4447 1112 4515 (Antiqq.
1145 4447 1357 4499 Romm.
1392 4446 1440 4509 Ι,

1566 1158 1651 1209 14.
1688 1156 1804 1220 ΠΙ,
1825 1157 1912 1221 58,
1943 1159 2085 1221 144),
2123 1157 2356 1209 aliorum
2386 1160 2539 1211 locos
2572 1165 2653 1211 at-

1560 1227 1719 1290 tulit,
1770 1231 1825 1277 et
1861 1227 2006 1278 conf.
2043 1227 2222 1278 Raoul
2253 1229 2522 1281 Rochette
2556 1231 2652 1281 Hi-

1563 1298 1732 1348 stoire
1751 1296 1816 1348 de
1832 1296 2120 1349 l'etabliss.
2144 1297 2239 1349 des
2257 1298 2436 1351 colon.
2451 1301 2647 1367 Grecq.

1566 1368 1613 1420 Ι.
1651 1382 1780 1433 pag.
1819 1366 1922 1420 305
1961 1374 2018 1419 et
2050 1368 2163 1418 alia
2197 1384 2337 1434 quae
2373 1371 2653 1436 congessit

1563 1437 1863 1489 Creuzerus
1921 1439 1980 1488 in
2028 1439 2327 1505 Antiquitt.
2379 1441 2646 1493 Romann.

1562 1506 1880 1573 compendio
1925 1524 2054 1574 pag.
2093 1508 2160 1559 12
2208 1526 2253 1561 s.
2297 1510 2361 1561 14
2408 1511 2493 1562 ed.
2533 1526 2645 1563 sec.

1562 1577 1702 1628 Add.
1740 1578 1802 1628 C.
1833 1577 1899 1629 Ο.
1932 1577 2181 1631 Mueller.
2216 1580 2470 1633 Etruscc.
2504 1581 2554 1634 Ι.
2591 1598 2648 1648 p.

1562 1646 1629 1697 87
1678 1662 1825 1713 seq.,
1886 1648 1980 1714 qui
2033 1653 2193 1699 vetus
2249 1650 2400 1701 urbis
2454 1667 2650 1705 nomen

1546 1718 1853 1784 ‚Etruscum
1876 1718 2049 1770 fuisse
2070 1717 2193 1768 vult
2211 1719 2379 1773 Oisra.
2438 1721 2649 1773 Nomen

1559 1786 1782 1852 Ayyllae
1828 1787 1897 1838 ad
1934 1788 2250 1839 Semiticam
2295 1790 2522 1855 stirpem
2568 1808 2649 1843 re-

1560 1872 1759 1907 vocare
1813 1872 1988 1922 nuper
2043 1857 2253 1908 studuit
2301 1858 2648 1912 Ohlshausen

1556 1925 1750 1978 Rhein.
1784 1927 1930 1978 Mus.
1952 1927 2020 1978 N.
2048 1927 2114 1978 F.
2151 1927 2309 1980 VIII.
2335 1945 2391 1994 p.
2417 1928 2548 1994 333,
2585 1937 2649 1982 ut

1559 2013 1851 2065 conveniat
1877 2028 1999 2064 cum
2023 2029 2161 2066 voce
2195 1995 2381 2091 Πξξξ.
2451 2016 2520 2066 In
2543 2019 2647 2069 Ro-

1559 2099 1841 2134 manorum
1877 2083 2068 2149 rebus,
2113 2089 2177 2135 ut
2222 2083 2361 2135 satis
2407 2093 2644 2153 constat,

1556 2154 1848 2206 admodum
1882 2153 2187 2206 celebratur
2223 2155 2415 2218 Caere,
2461 2158 2519 2208 in
2555 2174 2646 2209 cu-

1556 2226 1642 2275 ius
1678 2224 1799 2277 loco
1847 2240 1993 2277 nunc
2037 2225 2313 2277 iuvenitur
2358 2227 2515 2278 vicus
2550 2244 2645 2280 no·

1554 2296 1701 2346 mine
1741 2296 2022 2347 Ger-veteri:
2068 2310 2178 2361 qua
2219 2294 2287 2347 de
2332 2311 2392 2347 re
2427 2304 2645 2363 praeter

1552 2365 1821 2432 Forbiger
1856 2363 1896 2417 l.
1932 2365 1971 2417 l.
2011 2381 2066 2431 p.
2097 2364 2201 2417 606
2238 2381 2353 2432 seq.
2409 2373 2464 2418 et
2505 2369 2646 2420 Abe-

1553 2435 1689 2487 ken:
1725 2434 2099 2487 Mittelitalien
2124 2439 2229 2487 etc.
2249 2452 2305 2501 p.
2323 2435 2559 2490 132.235
2585 2438 2641 2490 ff.

1556 2506 1658 2558 267
1716 2521 1868 2573 seqq.
1922 2504 2186 2572 peculiari
2240 2504 2424 2558 libello
2483 2524 2643 2574 expo-

1553 2575 1667 2628 suit
1731 2575 2043 2627 Ludovicus
2112 2574 2349 2626 Canina:
2426 2578 2645 2629 Descri-

1552 2647 1713 2696 zione
1770 2645 1827 2696 di
1878 2646 2014 2696 Cere
2051 2646 2237 2695 antica
2279 2644 2346 2695 ed
2383 2647 2441 2696 in
2474 2648 2644 2713 parti-

1551 2715 1734 2768 colare
1795 2714 1883 2767 del
1936 2718 2282 2766 monumento
2341 2716 2644 2781 sepolcrale

1553 2790 1659 2838 etc.
1707 2785 1863 2838 Rom.
1913 2783 2067 2836 1838.
2120 2786 2173 2836 4.
2246 2785 2454 2836 Locum
2509 2801 2640 2838 vero

1549 2857 1760 2922 ipsum,
1833 2856 1890 2905 in
1957 2870 2064 2921 quo
2127 2853 2506 2908 Phocaeenses
2564 2856 2642 2907 la-

1550 2924 1771 2993 pidibus
1849 2925 2031 2976 obruti
2103 2928 2232 2976 sunt
2299 2930 2353 2977 et
2417 2927 2476 2977 in
2532 2942 2640 2993 quo

1550 2995 1783 3063 posthac
1850 2993 2009 3047 ludos
2084 3001 2309 3062 egerunt
2370 2995 2640 3063 Agyllaei,

1553 3064 1674 3118 Gen
1726 3064 2121 3132 (Topography
2182 3065 2246 3115 of
2298 3067 2470 3118 Rome
2533 3066 2642 3117 aud

1550 3136 1624 3187 its
1684 3135 1915 3200 vicinity
1972 3136 2019 3187 Ι.
2080 3151 2135 3200 p.
2204 3133 2300 3200 27)
2364 3136 2640 3187 invenisse

1551 3206 1660 3257 sibi
1700 3205 1918 3256 videtur
1964 3206 2019 3256 in
2066 3220 2131 3256 ea
2177 3204 2433 3270 planitie,
2498 3222 2640 3272 quae

1548 3275 1678 3326 inde
1712 3291 1745 3325 a
1780 3275 1903 3326 vico
1942 3275 2218 3326 Cerveteri
2264 3290 2413 3326 mare
2447 3291 2638 3327 versus

1551 3345 1757 3407 tendit,
1815 3345 1873 3393 in
1919 3358 2026 3410 qua
2075 3342 2254 3393 adhuc
2299 3348 2516 3395 exstare
2560 3345 2640 3395 di-

1549 3419 1748 3467 cuntur
1781 3412 1963 3479 plures
1998 3411 2193 3462 tumuli
2240 3413 2453 3479 ipsique
2485 3414 2639 3466 fluvii

1546 3483 1792 3536 Vaccina
1813 3485 1869 3533 et
1890 3481 2252 3547 Sanguinara,
2290 3483 2436 3549 quod
2459 3482 2637 3548 ipsum

1547 3569 1746 3605 nomen
1763 3552 1834 3603 ad
1851 3551 2324 3618 sanguinolentam
2344 3553 2485 3603 hanc
2496 3552 2637 3604 Pho-

1548 3623 1862 3675 caeensium
1888 3636 2078 3673 necem
2098 3621 2287 3671 referri
2311 3637 2475 3687 posse
2510 3638 2636 3673 con-

1546 3694 1683 3744 iicit.
1720 3723 1792 3732 —
1840 3694 1925 3743 De
1959 3691 2135 3741 forma
2167 3691 2359 3743 Ionica
2393 3683 2633 3742 ἐκέατο

1548 3779 1647 3831 pro
1682 3758 1896 3813 ἔκειντο
1935 3761 2051 3812 vid.
2087 3759 2321 3814 Bredov.
2356 3778 2412 3828 p.
2451 3760 2574 3816 329.

1621 3876 1943 3949 διάστροφα
1976 3876 2074 3932 καὶ
2109 3875 2334 3949 ἔμπηρα
2371 3877 2468 3933 καὶ
2491 3875 2634 3934 ἀπό·

1549 3951 1790 4020 πληκτα]
1816 3954 1855 4007 i.
1881 3968 1929 4006 e.
1955 3953 2187 4018 distorta,
2212 3956 2384 4005 mutila
2410 3958 2465 4006 et
2488 3969 2634 4006 mem-

1549 4028 1659 4078 bris
1690 4031 1843 4089 capta
1867 4038 1910 4076 s.
1933 4023 2128 4087 fracta.
2192 4023 2332 4075 Sunt
2364 4024 2635 4077 vocabula

1550 4114 1581 4149 e
1625 4112 1685 4147 re
1732 4094 1942 4145 medica
1998 4093 2114 4145 fere
2167 4093 2443 4146 desumta=
2505 4111 2633 4146 nam

1550 4156 1874 4230 διάστροφα
1908 4162 2163 4215 dicuntur
2203 4166 2445 4232 corporis
2472 4181 2633 4216 mem-

1547 4237 1649 4288 bra
1685 4252 1730 4288 s.
1769 4239 1979 4301 partes,
2018 4250 2158 4302 quae
2183 4251 2213 4286 e
2237 4237 2402 4287 rectis
2440 4236 2633 4286 distor-

1546 4312 1638 4359 tae
1676 4311 1803 4357 sunt
1841 4320 2172 4372 pravamque
2209 4306 2438 4356 formam
2473 4321 2631 4356 acce-

1583 4381 1767 4439 erunt3
1829 4376 1974 4429 unde
2018 4368 2215 4443 μορφὴ
2276 4371 2373 4425 καὶ
2429 4371 2633 4441 φρένες

1580 4440 1886 4511 ιάστροφοι
1926 4434 2075 4510 ἦσαν
2127 4443 2196 4494 de
2227 4445 2290 4495 Io
2334 4445 2393 4494 in
2435 4444 2630 4496 bovem
