3109 5092
1287 380 1540 443 CLIO.
1584 384 1638 444 Ι.
1687 390 1808 446 187.
2562 383 2686 447 373

420 556 495 627 δὲ
534 554 783 635 νύκτας
820 553 901 625 τὰ
942 554 1106 638 ξύλα
1145 561 1354 625 ταῦτα
1403 552 1816 644 ἆπαίρεσκον
1865 561 2067 627 τοῦδε
2118 564 2378 646 εἵνεκα,
2439 552 2553 629 ἰ”να
2595 555 2686 650 μὴ

420 661 918 746 διαφοιτέοντες
952 657 1069 741 τὰς
1109 659 1357 740 νύκτας
1394 662 1747 731 κλέπτοιεν
1786 657 1934 750 παρ’
1965 657 2298 752 ἀλλήλων.
2384 658 2473 743 ὥς
2502 662 2578 732 δὲ
2608 660 2685 732 τό

416 793 487 834 τε
518 761 817 852 ὀρυχθὲν
857 770 1059 852 λίμνη
1103 766 1358 853 πλήρης
1396 763 1704 852 ἐγεγόνεε
1745 758 1878 834 ὑπὸ
1922 769 2044 833 τοῦ
2081 771 2416 854 ποταμοῦ,
2460 767 2573 834 καὶ
2603 763 2687 834 τὰ

420 869 573 956 περὶ
616 865 740 955 τὴν
781 869 1090 957 γέφυραν
1117 867 1554 956 ἐκεκόσμητο,
1596 866 1714 938 τὸν
1743 864 2118 956 Εὐφρήτην
2158 865 2459 956 ποταμὸν
2499 871 2568 948 ἐς
2604 865 2687 937 τὰ

417 970 659 1060 ἀρχαῖα
703 970 957 1060 ῥέεθρα
1003 973 1075 1039 ἐκ
1113 976 1229 1059 τῆς
1267 978 1503 1060 λίμνης
1549 974 1861 1062 ἐξήγαγε·
1909 973 2021 1040 καὶ
2061 967 2239 1041 οὕτω
2266 969 2341 1040 τὸ
2367 968 2684 1061 ὀρυχθὲν,

418 1078 567 1155 ἕλος
594 1072 995 1161 γενόμενον,
1026 1077 1093 1155 ἐς
1123 1076 1280 1144 δέον
1312 1074 1539 1146 ἐδόκεε
1568 1075 1917 1163 γεγονέναι
1935 1125 1953 1159 ,
1986 1076 2098 1144 καὶ
2132 1089 2302 1144 τοῖσι
2333 1072 2687 1164 πολιήτῃσι

742 1167 768 1197 3'

419 1182 685 1266 γέφυρα
728 1205 815 1264 ην
858 1180 1458 1267 κατεσκευασμένη.
1552 1175 1642 1249 Ἡ
1676 1175 1742 1247 δ’
1795 1173 1966 1267 αὐτὴ
2009 1175 2178 1266 αὕτη
2223 1185 2534 1265 βασίλεια
2577 1180 2825 1253 καὶ187

419 1279 680 1368 ἀπάτην
706 1278 975 1368 τοιήνδε
1001 1278 1154 1350 τινὰ
1185 1281 1657 1371 ἐμηχανήσατο.
1712 1277 1907 1369 ’Υπὲρ
1945 1287 2084 1351 τῶν
2108 1280 2395 1369 μάλιστα
2423 1280 2684 1368 λεωφό-

421 1412 560 1474 ρων
588 1385 859 1453 πυλέων
894 1388 1016 1452 τοῦ
1043 1381 1273 1463 ἄστεος
1297 1382 1517 1472 τάφον
1546 1387 1765 1473 ἑωυτῇ
1791 1383 2325 1455 κατεσκευάσατο
2354 1387 2691 1472 μετέωρον

421 1491 737 1575 ἐπιπολῆς
751 1482 1012 1555 αὐτέων
1032 1491 1169 1557 τῶν
1183 1489 1473 1557 πυλέων.
1521 1487 1884 1570 ἐνεκόλαψε
1901 1487 1976 1557 δὲ
2006 1485 2070 1569 ἐς
2096 1485 2215 1557 τὸν
2238 1486 2455 1575 τάφον
2475 1486 2688 1576 γράμ-

418 1618 592 1681 ματα
619 1593 899 1676 λέγοντα
944 1588 1102 1659 τάδε
1124 1611 1139 1625 ·
1206 1598 1406 1660 ΤΩΝ
1446 1599 1604 1659 ΤΙΣ
1639 1598 1909 1660 ΕΜΕΤ
1937 1587 2390 1659 ‘TZTEPON
2421 1598 2486 1659 Γ
2480 1598 2687 1659 ΙΝΟ-

422 1701 782 1763 ΜΕΝΩΝ
829 1701 1198 1763 ΒΑΒΤΛΩ
1212 1702 1408 1762 ΝΟΣ
1454 1697 1972 1779 ΒΑΣΙΛΕΩΝ,
2039 1701 2186 1762 ΗΝ
2223 1701 2692 1762 ΣΠΑΝΙΣΗι

424 1803 1003 1879 ΧΡΗΜΑΤΩΝ,
1053 1799 1483 1872 ΑΝΟΙΞΑΣ
1532 1805 1726 1867 ΤΟΝ
1769 1803 2124 1880 ΤΑΦΟΝ,
2169 1803 2547 1864 ΛΑΒΕΤΩ
2580 1791 2687 1863 eO-

427 1908 685 1970 ΚΟΣΑ
723 1907 1199 1968 ΒΟΥΛΕΤΑΙ
1232 1907 1715 1968 ΧΡΗΜΑΤΑ.
1771 1905 1933 1967 ΜΗ
1963 1906 2341 1966 MENTO]
2375 1905 2512 1982 ΓΕ,
2541 1905 2703 1966 ΜΗ

422 2010 930 2073 ΣΠΛΝΙΣΑΣ
966 2009 1118 2087 ΓΕ,
1181 2011 1510 2072 ΑΛΛΩΣ
1545 2004 1957 2078 ΑΝΟῙΞΗι.
2039 2009 2166 2069 OT
2194 2007 2382 2070 ΓΑΡ
2413 2008 2691 2070 ΑΜΕ]-

425 2211 570 2276 quod
607 2210 811 2275 recepit
850 2208 1097 2258 Dietsch.
1169 2209 1437 2275 Equidem
1472 2225 1507 2259 a

422 2281 576 2331 libris
614 2281 832 2345 scriptis
870 2277 1148 2328 discedere
1181 2279 1349 2330 nolui.

495 2376 573 2442 ὥς
608 2377 672 2434 δὲ
708 2374 775 2432 τό
807 2395 865 2432 τε
900 2372 1156 2446 ὀρυχθὲν
1177 2381 1347 2446 λίμνη
1368 2371 1509 2444 πλή-

425 2469 529 2518 ρης
573 2469 623 2503 κ.
667 2468 715 2501 τ.
752 2447 1122 2517 2.]'Pauwius
1168 2450 1293 2501 olim
1342 2450 1511 2500 malu-

426 2527 545 2574 erat
594 2520 764 2586 λίμνῃ
824 2518 1061 2584 πλῆρες,
1125 2536 1231 2586 quo
1290 2520 1510 2569 minime

427 2608 579 2657 opuS,
607 2607 727 2641 cum
741 2590 919 2639 iustus
944 2590 1231 2639 verborum
1254 2590 1328 2639 sit
1349 2588 1511 2639 ordo:

429 2659 506 2718 ὡς
539 2692 609 2700 -
644 2651 707 2709 τὸ
759 2651 1011 2725 ὀρυχθὲν
1058 2648 1306 2723 ἐγεγόνεε
1342 2656 1511 2722 λίμνη

428 2721 665 2795 πλήρης.
739 2728 804 2777 In
840 2743 991 2847 seqq.
1028 2726 1197 2779 libros
1223 2728 1399 2794 secuti
1426 2743 1513 2778 su-

428 2815 575 2861 mus,
631 2798 853 2848 edentes
940 2789 1163 2861 ξήγαγε.
1244 2799 1329 2847 Ex
1386 2796 1512 2847 Ald.

427 2868 709 2934 vulgatum
737 2858 1014 2917 fluxerat}
1049 2858 1248 2931 ἄγαγες
1288 2866 1360 2917 cf.
1384 2867 1513 2916 Bre-

428 2939 554 2989 dov,
591 2954 644 3002 p.
684 2935 806 2986 293.
878 2936 962 2986 Ad
1036 2951 1064 2993 ς
1098 2932 1234 2984 δέον
1279 2935 1425 2988 conf.
1463 2935 1510 2998 1,

435 3006 535 3059 119
568 3006 702 3071 ibiq.
739 3010 853 3056 not.

497 3104 593 3158 καὶ
639 3109 789 3158 τοῖσι
834 3098 1133 3172 πολιήτῃσι
1181 3102 1401 3171 γέφυρα
1437 3093 1515 3169 ἦν

428 3173 933 3241 κατεσκευασμένη]
948 3177 1110 3226 Hunc
1130 3180 1348 3242 pontem
1362 3177 1517 3241 quin-

429 3265 535 3314 que
589 3247 889 3297 stadiorum
944 3245 1116 3296 fuisse
1173 3244 1516 3309 longitudine

432 3317 630 3368 asserit
674 3316 951 3366 Diodorus
1000 3315 1081 3375 11,
1118 3315 1171 3366 8.
1244 3315 1345 3363 Cui
1393 3329 1514 3364 cum

430 3387 629 3439 Strabo
665 3384 946 3435 adversari
974 3383 1252 3446 videatur,
1289 3383 1382 3448 qui
1408 3384 1517 3433 Eu·

430 3457 673 3523 phratem
709 3454 871 3504 unius
910 3457 1123 3502 tantum
1159 3452 1326 3503 stadii
1370 3467 1515 3501 men-

432 3541 614 3576 suram
669 3523 886 3587 explere
939 3526 1127 3572 narrat
1170 3520 1342 3583 (XVI.
1383 3536 1510 3586 pag.

433 3595 535 3647 738
571 3610 616 3645 s.
666 3592 800 3645 1073
836 3591 929 3655 Α),
973 3595 1156 3641 monet
1191 3588 1513 3652 Lau-chorus,

432 3666 489 3714 in
526 3661 854 3714 exstruendo
901 3665 1069 3725 ponte
1116 3676 1225 3710 non
1283 3675 1517 3710 commu-

433 3749 557 3783 nem
573 3749 642 3783 ac
664 3731 955 3782 solemnem
979 3728 1277 3794 Euphratis
1303 3728 1516 3778 alveum

433 3802 736 3867 respexisse
772 3801 1040 3865 reginam,
1078 3815 1267 3850 verum
1302 3797 1358 3846 id
1388 3814 1519 3863 quo-

434 3887 539 3936 que
584 3876 826 3936 tempus,
872 3883 979 3934 quo
1024 3868 1130 3919 iste
1177 3867 1374 3918 fluvius
1419 3883 1516 3933 pro

434 3956 583 3992 more
618 3956 718 3990 suo
755 3937 911 3989 alveo
948 3937 1113 3989 solito
1160 3937 1421 3988 excedere
1464 3940 1521 3986 et

433 4009 556 4060 locs.
588 4007 835 4075 proxime
868 4006 1133 4058 inundare
1167 4006 1361 4059 soleat.
1418 4007 1520 4056 Re-

439 4079 667 4130 centiori
711 4092 925 4144 quoque
970 4080 1155 4127 aetate
1199 4077 1378 4137 fuere,
1428 4075 1521 4139 qui

435 4149 616 4213 pontis
671 4147 832 4198 huius
886 4145 1085 4196 rudera
1135 4145 1297 4196 valde
1345 4143 1521 4194 solida.

435 4217 735 4283 eximieque
769 4219 1083 4265 constructa
1118 4230 1177 4265 se
1203 4215 1408 4265 vidisse
1443 4213 1522 4263 di-

437 4290 639 4337 cerent.
712 4284 872 4336 Conf.
893 4300 1032 4348 quae
1055 4284 1223 4335 refert
1243 4283 1521 4348 Bucking-

434 4355 579 4405 ham.
621 4355 679 4404 in
720 4354 973 4404 Itinerar.
1011 4369 1178 4418 supra.
1215 4352 1421 4403 laudat.
1462 4368 1518 4417 p.

336 4479 343 4485 ,
436 4424 541 4475 482
575 4439 688 4491 seq.
724 4424 784 4474 in
816 4427 932 4474 not.

1883 2206 2017 2258 Cu.
2054 2205 2426 2258 CLXXXVII.

1680 2301 1827 2376 ὑπὲρ
1861 2306 1977 2358 τῶν
1999 2300 2236 2373 μάλιστα
2257 2299 2566 2373 λεωφόρων
2590 2325 2696 2358 πυ-

1610 2376 1771 2443 λέων]
1833 2379 1972 2430 Sunt
2014 2383 2207 2444 portae
2255 2381 2442 2442 populo
2486 2383 2700 2429 masc-ime

1607 2451 1983 2514 frequentatae.
2057 2449 2257 2498 Vocem
2296 2439 2588 2513 λεωφόρος
2620 2450 2700 2497 in·

1612 2519 1859 2569 venimus
1874 2516 1977 2567 hac
1993 2516 2393 2582 significatione
2414 2516 2559 2580 apud
2576 2516 2702 2567 Pla-

1619 2593 1734 2637 ton.
1770 2587 1856 2636 De
1893 2587 2066 2650 Legg.
2102 2586 2197 2635 VI.
2249 2602 2302 2650 p.
2344 2583 2446 2636 763
2484 2586 2546 2636 O.
2584 2587 2693 2635 He-

1617 2656 1828 2707 rodian.
1876 2654 2034 2716 VIII,
2082 2656 2133 2716 5,
2188 2656 2251 2703 12
2297 2658 2352 2703 et
2395 2654 2446 2713 8,
2495 2653 2580 2704 16.
2629 2683 2700 2694 —-

1616 2728 1684 2777 In
1721 2740 1874 2789 seqq.
1910 2715 1979 2772 τὰ
2013 2715 2310 2788 γράμματα
2347 2720 2591 2786 intellige
2631 2721 2698 2772 de

1614 2794 1786 2844 literis
1806 2793 2082 2854 cuneatis,
2119 2791 2307 2857 quales
2332 2791 2389 2840 in
2414 2790 2700 2841 scribendo

1615 2862 1932 2928 Babyloniis
1967 2861 2208 2912 usitatae
2240 2861 2476 2912 fuerunt.
2536 2860 2696 2910 Conf-

1614 2931 1834 2997 Layard
1879 2931 2121 2982 Nineveh
2171 2930 2279 2981 and
2323 2931 2396 2979 its
2447 2945 2576 2981 rem.
2617 2930 2698 2980 ΙΙ.

1615 3019 1668 3068 p.
1708 3001 1802 3052 171
1845 3015 1959 3066 seq.

1683 3076 1759 3151 ἦν
1795 3084 2041 3153 σπανίσῃ
2086 3076 2406 3151 χρημάτων]
2446 3076 2705 3150 χρήματα

1616 3156 1832 3223 quidam
1868 3154 1994 3205 libri
2028 3159 2222 3205 contra.
2254 3155 2513 3205 usitatam
2547 3154 2701 3203 verbi

1617 3223 1905 3284 σπανίζειν
1941 3240 2063 3275 cum
2108 3225 2347 3274 secundo
2394 3238 2528 3275 casu
2561 3228 2702 3272 stru-

1617 3302 1852 3356 cturam,
1902 3294 1970 3344 de
2006 3308 2115 3358 qun.
2149 3293 2263 3343 vid.
2304 3293 2593 3357 Spanhem.
2628 3291 2703 3342 ad

1616 3362 1895 3429 Aristoph.
1933 3363 2077 3414 Nub.
2110 3359 2248 3412 1288
2285 3360 2467 3426 (1275)
2503 3376 2559 3424 p.
2597 3359 2702 3409 418

1622 3434 1706 3485 ed.
1743 3432 1911 3484 Beck.
1982 3433 2066 3481 De
2100 3432 2220 3495 ipso
2256 3429 2421 3480 verbo
2455 3430 2543 3479 Gr.
2578 3443 2702 3478 con-

1617 3504 1723 3554 fert
1757 3504 1953 3552 Zonar.
1975 3500 2178 3560 Lexic.
2214 3515 2268 3563 p.
2304 3498 2460 3549 1665.

1685 3579 1761 3652 μὴ
1809 3583 2001 3650 μέντοι
2042 3600 2130 3649 γε,
2178 3576 2254 3649 μὴ
2295 3577 2573 3636 σπανίσας
2621 3595 2700 3644 γε,

1616 3647 1797 3712 ἄλλως
1829 3646 2059 3720 ἀνοίξῃ]
2097 3653 2278 3704 Verba
2304 3652 2386 3701 its.
2406 3649 2700 3714 iungenda,

1617 3727 1780 3791 prout
1822 3724 1893 3773 ad
1939 3723 2239 3773 faciliorem
2285 3719 2703 3783 intelligentiam

1620 3797 1888 3847 commate
1927 3808 1992 3842 ea
2029 3791 2393 3842 distinximus.
2467 3787 2587 3836 Iam
2624 3787 2705 3836 in-

1620 3863 1899 3928 telligetur
1934 3861 2131 3927 duplex
2154 3858 2392 3926 negandi
2415 3855 2701 3923 particula,

1621 3937 1677 3984 et
1705 3931 1905 3997 duplex
1928 3931 2077 3981 istud
2104 3944 2181 3996 γε,
2220 3928 2365 3995 quod
2387 3927 2559 3992 primo
2581 3924 2704 3976 loco

1623 4003 1693 4053 ad
1729 4002 1952 4051 verbum
1990 3992 2197 4065 ἀνοίξῃ
2232 3995 2590 4059 referendum,
2628 3994 2707 4044 al-

1621 4077 1739 4122 tero
1772 4070 1894 4122 loco
1945 4069 2017 4120 ad
2051 4068 2357 4130 σπανίσας,
2411 4066 2551 4115 bene
2591 4080 2706 4114 mo-

1624 4144 1789 4192 nente
1834 4139 2033 4190 Matth.
2081 4138 2174 4190 Gr.
2227 4138 2319 4190 Gr.
2361 4135 2412 4199 §-
2459 4134 2562 4186 602
2608 4131 2700 4183 fin.

1623 4225 1750 4276 pag.
1788 4207 1941 4260 1208.
2018 4209 2177 4260 Cous.
2206 4206 2436 4258 Werfer.
2472 4204 2532 4254 in
2552 4203 2702 4252 Actt.

1624 4279 1772 4345 phill.
1816 4279 2065 4331 Monacc.
2131 4279 2179 4340 Ι,
2240 4277 2289 4328 1.
2336 4290 2463 4340 pag.
2519 4271 2590 4323 98
2646 4275 2702 4321 et

1622 4349 1713 4400 W.
1738 4348 1962 4399 Schorn.
2000 4348 2072 4399 ad
2103 4347 2416 4411 Anaxagor.
2452 4345 2703 4410 frag-mm.

1624 4424 1751 4485 pag.
1786 4417 1875 4470 58.
