3109 5092
485 369 610 431 402

1354 363 1891 427 HERODOTI

484 546 654 633 μέγα
679 547 751 610 τί
784 545 855 610 οἰ
878 539 1151 626 δώσεις,
1219 536 1309 620 ὥς
1339 567 1458 628 μιν
1508 538 1824 627 λάμψεαι.
1898 531 2050 604 ὅσαι
2089 538 2216 623 μέν
2256 562 2391 604 νυν
2431 532 2647 614 εἴδεός
2692 561 2769 603 τε

487 647 861 734 ἐπαμμέναι
910 646 1040 713 εἰσὶ
1084 644 1196 712 καὶ
1238 641 1607 731 μεγάθεος,
1650 637 1819 728 ταχὺ
1865 635 2407 708 ἀπαλλάσσονται
2428 660 2442 674 ·
2501 635 2651 707 ὅσαι
2688 637 2769 706 δὲ

487 749 777 839 ἄμορφοι
813 744 1077 816 αὐτέων
1113 748 1263 831 εἰσὶ,
1291 745 1537 835 χρόνον
1565 741 1818 813 πολλὸν
1850 745 2329 832 προσμένουσι,
2353 739 2436 812 οὐ
2464 740 2765 830 δυνάμε·

488 881 600 924 ναι
626 849 747 921 τὸν
775 849 983 938 νόμον
1010 852 1369 938 ἐκπλῆσαι·
1427 850 1538 916 καὶ
1564 845 1691 935 γὰρ
1717 849 1979 935 τριέτεα
2008 847 2121 913 καὶ
2150 849 2505 933 τετραέτεα
2534 847 2767 934 μετεξ-

491 959 709 1044 ἕτεραι
761 953 1006 1043 χρόνον
1037 957 1338 1041 μένουσι.
1392 955 1622 1039 ἐνιαχῆ
1650 951 1723 1019 δὲ
1753 951 1864 1018 καὶ
1903 954 2020 1037 τῆς
2048 948 2336 1036 Κύπρου
2367 951 2507 1018 ἐστὶ
2550 975 2768 1036 παρα-

355 1071 480 1132 200
501 1058 775 1147 κλήσιος
804 1056 1018 1149 τούτῳ
1048 1056 1268 1145 νόμος.
1335 1055 1552 1142 Νόμοι
1581 1053 1708 1143 μὲν
1736 1050 1820 1141 δὴ
1846 1067 2018 1121 τοῖσι
2048 1059 2548 1139 Βαβυλωνίοισι
2579 1043 2771 1120 οὗτοι

494 1165 902 1232 κατεστέασι.
977 1162 1106 1228 εἰσὶ
1155 1158 1230 1227 δὲ
1273 1155 1502 1227 αὐτῶν
1544 1158 1818 1244 πατριαὶ
1846 1171 2059 1245 τρεῖς,
2104 1162 2178 1223 αἳ
2205 1152 2412 1224 οὐδὲν
2447 1154 2611 1225 ἄλλο
2663 1176 2771 1223 σι-

496 1269 758 1334 τέονται
789 1268 853 1331 εἰ
877 1259 968 1352 μὴ
997 1267 1195 1350 ἰχθῦς
1223 1267 1512 1350 μοῦνον·
1545 1287 1702 1339 τους
1730 1263 1881 1330 ἐπεί
1902 1286 1974 1327 τε
2002 1287 2089 1328 αν
2106 1257 2570 1346 θηρεύσαντες
2598 1255 2773 1346 αὐή-

499 1389 667 1438 νωσι
701 1365 866 1455 πρὸς
895 1363 1107 1454 ἥλιον,
1131 1370 1396 1434 ποιεῦσι
1428 1363 1609 1432 τάδε.
1679 1363 2081 1452 ἐσβάλλουσι
2108 1364 2175 1441 ἐς
2207 1358 2419 1449 ὅλμον
2460 1365 2571 1433 καὶ
2614 1361 2773 1450 λεή-

499 1497 735 1549 ναντες
783 1466 1091 1558 ὑπέροισι
1150 1474 1318 1537 σῶσι
1364 1466 1477 1536 διὰ
1520 1467 1834 1546 σινδόνος
1858 1490 1871 1503 ·
1937 1467 2050 1535 καὶ
2094 1461 2167 1544 ὃς
2219 1465 2346 1553 μὲν
2391 1462 2477 1537 ἂν
2519 1465 2774 1554 βούλη-

499 1667 700 1718 cibiad.
720 1682 844 1733 pag.
860 1667 983 1719 239.
1021 1666 1162 1718 Add.
1188 1668 1406 1719 Iacobs.
1427 1683 1483 1749 p.
1495 1669 1585 1717 45.

500 1766 572 1775 -
605 1738 670 1788 In
691 1753 845 1820 seqq.
885 1736 954 1787 ad
991 1738 1172 1788 crasin
1195 1729 1352 1786 τωπὸ
1377 1732 1588 1786 τούτου

501 1806 618 1873 (pro
649 1800 712 1858 τὸ
735 1800 852 1856 ἀπὸ
880 1800 1109 1869 τούτου,
1145 1807 1209 1856 ab
1241 1823 1298 1857 eo
1324 1808 1442 1856 inde
1472 1816 1588 1857 eem-

497 1876 654 1943 pore)
693 1876 839 1927 conf.
866 1877 970 1939 111,
999 1876 1066 1927 40
1098 1881 1153 1926 et
1188 1892 1328 1942 quae
1363 1874 1472 1926 alia
1493 1891 1590 1941 per

500 1947 667 1998 talem
711 1948 890 1996 crasin
941 1948 1148 2011 scripta
1197 1962 1263 1996 ex
1307 1946 1590 1996 Herodoto

502 2017 659 2067 affert
693 2016 893 2065 similia
925 2015 1161 2067 BredoV.
1197 2032 1250 2081 p.
1276 2015 1393 2066 197.

505 2107 882 2237 ...ffwit
891 2110 1226 2267 ⁹:332?ss
1255 2109 1591 2252 ‘52222‘3352

503 2254 688 2313 εἴδεος
724 2251 821 2304 καὶ
853 2248 1139 2320 μεγάθεος
1167 2261 1294 2306 sunt
1326 2257 1500 2306 forma
1526 2272 1593 2306 ac

505 2325 880 2391 magnitudine
896 2325 1178 2391 praeditae
1195 2325 1463 2389 mulieres,
1485 2326 1594 2377 for—

505 2410 722 2456 mosae,
761 2410 902 2460 quae
932 2395 1169 2461 speciem
1192 2396 1298 2445 sibi
1328 2401 1514 2461 aptam
1539 2400 1595 2446 et

506 2466 662 2530 quasi
695 2480 993 2515 connexam
1026 2464 1232 2516 habent
1268 2466 1387 2517 sive
1422 2470 1595 2515 statu-

403 2587 410 2594 ,
506 2550 624 2584 ram
674 2540 859 2600 aptam
901 2536 1230 2601 iustamque.
1312 2535 1404 2586 Sic
1450 2536 1596 2585 infra

505 2604 669 2667 VIII,
702 2604 797 2655 105
829 2602 1034 2662 παῖδες
1065 2603 1250 2662 εἴδεος
1281 2595 1595 2670 ἐπαμμένοι

507 2681 635 2724 sunt
668 2678 818 2737 pueri
846 2676 1014 2739 forma
1061 2691 1105 2726 s.
1144 2684 1407 2725 venustate
1436 2690 1596 2738 prae-

508 2745 617 2795 diti.
673 2744 953 2809 Explicuit
975 2744 1391 2826 Wesselingius‚
1431 2745 1510 2794 ita
1534 2748 1598 2792 ut

508 2814 820 2863 coniectura
850 2810 1168 2876 πεπαμέναι
1197 2815 1324 2880 (pro
1351 2783 1595 2877 ἐπαμμέ-

509 2883 625 2944 ναι)
654 2882 789 2931 nihil
818 2883 890 2931 sit
923 2898 1077 2945 opus.
1107 2883 1420 2933 Assentitur
1442 2884 1597 2946 wyt-

508 2949 762 3001 tenbach.
789 2951 1090 3001 inSelectt.
1118 2950 1249 3001 hist.
1279 2968 1334 3017 p.
1354 2952 1456 3003 355
1482 2967 1598 3002 ver-

509 3025 656 3067 tens:
696 3035 826 3083 quae
848 3022 1000 3084 ι’ρὶιιιι·
1026 3021 1314 3096 participes
1337 3029 1456 3071 sune
1484 3023 1599 3083 pul·

509 3088 830 3148 chr-incdim's,
878 3104 1000 3137 cum
1039 3080 1405 3152 ἔφάπτεσθαί
1443 3103 1601 3146 τινος

511 3157 610 3206 sit:
649 3157 843 3222 aliquid
866 3159 1133 3222 auiuqere,
1160 3160 1332 3223 aliqua
1351 3175 1409 3208 re
1424 3161 1600 3224 potiri,

508 3226 791 3289 praedium
829 3243 942 3276 esse
975 3228 1147 3292 aliqua
1179 3243 1264 3293 re,
1311 3243 1402 3279 nec
1438 3236 1601 3278 tmnen

512 3298 731 3356 omnine,
768 3297 863 3346 sed
896 3299 1219 3362 aliquantum,

581 3393 676 3449 καὶ
708 3389 814 3464 γὰρ
844 3397 1060 3462 τριέτεα
1094 3394 1189 3448 καὶ
1214 3396 1505 3462 τετραέτεα
1531 3431 1600 3439 -

513 3466 768 3535 μένουσι]
788 3469 910 3519 Νοιι
937 3468 1255 3520 continuum
1279 3468 1366 3519 hic
1389 3475 1600 3534 tempus

516 3538 745 3588 indicari
764 3539 1061 3589 arbitratur
1074 3539 1323 3605 Heynius
1340 3537 1427 3590 l.1.
1443 3555 1498 3604 p.
1512 3540 1600 3603 33,

516 3607 612 3658 sed
637 3613 815 3658 certos
843 3609 1014 3659 fuisse
1038 3609 1154 3658 dies
1179 3609 1367 3670 festoS‚
1406 3609 1601 3674 quibus

516 3678 587 3727 ad
622 3677 938 3742 religionem
984 3677 1299 3728 solvendam
1343 3677 1603 3744 templum

517 3747 767 3796 mulieres
796 3749 1046 3800 adierint.
1070 3774 1140 3784 —
1165 3747 1249 3797 Ad
1270 3748 1498 3798 formam
1519 3762 1602 3797 τε-

515 3813 747 3880 τραέτεα
783 3817 926 3867 conf.
964 3816 1197 3868 Bredov.
1235 3833 1289 3881 p.
1312 3818 1435 3869 281.

587 3907 785 3981 ἐνιαχῆ
812 3911 876 3966 δὲ
901 3913 996 3966 καὶ
1019 3915 1121 3981 τῆς
1153 3909 1395 3982 Κύπρου
1421 3945 1489 3955 -
1509 3911 1604 3969 νό-

517 3983 645 4049 μος]
706 3985 862 4047 Quod
900 3986 1224 4050 quibusdam
1259 3988 1425 4052 Cypri
1467 3986 1604 4037 locis

519 4053 746 4103 eundem
813 4069 1014 4104 morem
1087 4055 1333 4106 obtinere
1403 4057 1605 4107 Noster

519 4122 740 4184 scribit,
778 4122 832 4172 id
869 4127 1105 4173 testatur
1126 4123 1436 4176 Athenaeus
1474 4128 1602 4177 XII.

519 4208 570 4256 p.
596 4192 701 4243 516
734 4192 805 4253 B,
857 4206 1083 4242 narrans
1121 4192 1326 4274 Cypros
1366 4195 1420 4244 in
1457 4211 1605 4273 more

517 4259 777 4310 habuisse
792 4228 1102 4340 ἑταιρισμῷ
1137 4254 1236 4318 τὰς
1265 4253 1484 4312 ἑαυτῶν
1508 4257 1605 4314 κό-

519 4344 622 4392 ρας
652 4320 956 4392 ἆφοσιοῦν.
1009 4331 1254 4392 Quocum
1290 4333 1432 4382 conf.
1500 4348 1605 4383 uae

521 4396 588 4449 de
633 4395 965 4449 Amathusiis
1004 4397 1335 4465 Paphiisqne
1380 4397 1467 4451 col
1491 4403 1605 4467 egit

1690 1667 1960 1716 Meursius
1990 1643 2045 1715 in
2067 1666 2230 1732 Cypr.
2260 1666 2306 1728 1,
2326 1666 2377 1718 8.
2410 1666 2485 1728 11,
2511 1667 2590 1717 15.
2623 1665 2782 1714 Haec

1691 1737 1920 1786 adnotat
1950 1735 2365 1801 Wesselingius.
2425 1736 2511 1784 Tu
2537 1741 2781 1799 praeter-

1691 1822 1757 1856 ea
1794 1806 1982 1856 confer
2020 1807 2346 1856 Creuzerum
2385 1804 2418 1854 l.
2453 1820 2617 1870 supra
2641 1803 2679 1854 l.

2098 1993 2231 2044 Cu.
2269 1993 2376 2043 CC.

1768 2087 1959 2160 Νόμοι
1999 2123 2062 2132 -
2098 2093 2441 2161 κατεστέασι]
2483 2096 2565 2144 De
2606 2094 2785 2143 forma

1694 2162 2017 2214 κατεστέασι
2054 2168 2197 2216 conf.
2229 2182 2395 2231 supra
2419 2181 2537 2230 cap.
2570 2165 2686 2225 196,
2729 2169 2784 2212 et

1694 2235 1765 2285 ad
1815 2241 2196 2299 argumentum
2242 2235 2349 2286 loci
2399 2237 2470 2285 cf.
2521 2234 2780 2284 Strabon.

1694 2304 1843 2355 XVI.
1882 2321 1935 2369 p.
1974 2304 2103 2355 1082
2138 2307 2182 2355 B
2214 2321 2261 2356 s.
2288 2322 2342 2371 p.
2370 2305 2473 2356 746
2510 2304 2594 2354 ed.
2631 2303 2783 2364 Cas„

1695 2374 1788 2439 qui
1812 2390 1909 2438 pro
1931 2371 2165 2438 πατριαὶ
2184 2375 2397 2440 vulgari
2426 2388 2672 2424 sermone
2697 2387 2787 2420 ex-

1696 2444 1847 2493 hibet
1883 2443 2176 2507 φρατριάι.
2208 2471 2280 2482 —-
2326 2444 2484 2494 Conf.
2515 2442 2561 2504 I,
2591 2444 2687 2493 125
2727 2447 2784 2491 et

1696 2513 1772 2576 11,
1802 2513 1900 2564 143
1927 2513 2112 2577 ibique
2136 2519 2277 2565 nott.
2305 2541 2371 2550 —
2416 2511 2604 2564 Simile
2631 2511 2785 2576 quid-

1698 2583 1822 2633 dam
1859 2582 1927 2632 de
1952 2582 2076 2632 aliis
2114 2584 2439 2648 quibusdam
2464 2583 2630 2634 Asiae
2657 2597 2787 2644 gen-

1700 2653 1846 2703 tibus
1872 2653 2163 2703 memoriae
2186 2653 2427 2718 prodidit
2450 2652 2664 2703 Arrian.
2698 2651 2787 2700 In-

1700 2723 1807 2773 dic.
1831 2721 1915 2772 29.
1951 2725 2001 2784 §-
2028 2723 2108 2773 11.
2142 2723 2224 2774 12.
2277 2724 2458 2789 Magis
2484 2736 2612 2772 vero
2650 2720 2789 2770 illud

1699 2808 1799 2843 nos
1817 2792 2102 2841 advertere
2123 2792 2308 2854 debet,
2333 2792 2478 2858 quod
2497 2791 2649 2856 Syris
2672 2789 2788 2839 vul-

1700 2877 1768 2926 go
1791 2862 1967 2910 sancti
1987 2861 2327 2912 habebantur
2341 2862 2538 2927 pisces,
2554 2861 2788 2925 indeque

1700 2947 1810 2980 non
1832 2931 2149 2994 edebantur,
2172 2932 2318 2997 quod
2343 2932 2485 2982 idem
2504 2928 2789 2994 Babylone

1702 3000 2005 3050 obtinuisse
2024 3003 2117 3050 vix
2138 3001 2360 3052 dubium
2375 3002 2607 3052 videtur.
2643 3000 2789 3061 Qua-

1700 3084 1759 3119 re
1792 3070 2068 3120 inferioris
2095 3075 2307 3121 tantum
2341 3068 2665 3121 conditionis
2690 3068 2789 3118 ho-

1702 3139 1876 3188 mines
1910 3139 2153 3204 piscibus
2190 3140 2412 3191 edendis
2454 3156 2515 3190 se
2551 3138 2785 3200 dedisse,

1700 3208 1938 3273 reliquos
1958 3210 2290 3261 abstinuisse
2313 3217 2499 3261 censet
2516 3210 2786 3260 Muenter.

1699 3277 1736 3327 l.
1768 3277 1805 3331 l.
1846 3294 1970 3343 pag.
1993 3280 2079 3330 34.
2106 3281 2193 3331 35.
2220 3307 2283 3318 -
2320 3281 2387 3330 In
2422 3296 2572 3345 seqq.
2612 3270 2791 3342 ολμον

1703 3347 1876 3398 intell.
1904 3353 2220 3408 mortarium,
2260 3351 2316 3399 in
2339 3350 2483 3415 quod
2512 3350 2789 3399 coniectos

1702 3418 1880 3482 pisces
1892 3421 2086 3480 pistillo
2114 3409 2429 3486 (ὑπέροισι)
2446 3418 2791 3470 contundunt

1705 3501 1751 3537 s.
1781 3493 2085 3537 conterunt.
2150 3489 2492 3554 Utrumque·
2478 3505 2535 3538 ιιι
2560 3486 2790 3538 Hesiodi

1704 3555 1846 3620 Opp.
1887 3562 1942 3606 et
1978 3559 2046 3607 D.
2068 3559 2198 3618 423,
2244 3559 2336 3607 ubi
2384 3564 2566 3607 tamen
2611 3545 2790 3620 ολμον

1705 3625 1865 3675 aliter
1917 3627 2092 3691 accipi
2148 3627 2268 3677 vult
2318 3626 2680 3677 Doederlinus
2734 3625 2790 3674 in

1705 3694 1949 3747 Glossar.
1980 3697 2201 3746 Homer.
2228 3698 2304 3747 11.
2331 3712 2384 3761 p.
2405 3698 2493 3750 49.

1778 3777 1941 3829 σῶσι
1974 3774 2073 3830 διὰ
2101 3775 2388 3848 σινδόνος]
2416 3785 2675 3833 incer-nunt
2690 3797 2795 3844 per

1706 3851 1932 3908 limenun,
1968 3851 2016 3900 si
2038 3850 2255 3916 quidem
2279 3852 2346 3902 de
2382 3852 2578 3913 linteo,
2612 3865 2794 3914 neque

1705 3919 1888 3998 potius
1909 3887 1975 3969 de
2005 3929 2212 3971 cotoneo
2238 3920 2650 3985 intelligendum
2678 3932 2795 3969 σιν-

1705 3981 1826 4037 ὃών
1851 4004 2021 4053 eoque
2045 3990 2204 4039 valde
2228 3990 2415 4041 subtili
2444 4007 2509 4040 ex
2537 3989 2730 4039 Indis
2714 4005 2794 4038 ιιι-

1705 4057 1987 4120 troducto‚
2022 4064 2083 4108 ut
2114 4065 2276 4124 putat
2309 4063 2519 4110 Lassen
2538 4057 2794 4108 Indische

1707 4126 2225 4178 Alterthumskunde
2262 4130 2336 4180 II.
2368 4145 2420 4193 p.
2451 4130 2571 4180 555.
2630 4126 2795 4177 Plura

1708 4196 1818 4244 vid.
1852 4203 1989 4246 nott.
2033 4199 2102 4247 ad
2130 4198 2213 4260 11,
2238 4201 2326 4250 86.
2357 4225 2424 4235 —
2477 4194 2641 4260 σῶσι,
2678 4212 2795 4246 mo-

1708 4270 1869 4315 nente
1886 4266 2124 4346 Etymol.
2156 4269 2342 4333 Magn.
2370 4284 2423 4331 p.
2449 4268 2568 4322 710,
2594 4267 2683 4328 41,
2717 4266 2796 4315 di-

1708 4340 1853 4384 ctum
1901 4350 1998 4400 pro
2037 4329 2320 4401 σήθουσι,
2373 4343 2434 4386 ut
2472 4347 2652 4385 νωσιν
2695 4349 2796 4399 pro

1710 4395 2015 4467 νήθουσιν.
