3109 5092
1149 357 1653 418 EUTERPE.
1706 359 1792 417 ΙΙ.
1837 369 1947 428 37.2

2561 359 2684 420 513

399 533 610 614 ἔξεστι
675 529 1045 600 πάσασθαι.
1135 529 1437 618 κυάμους
1497 531 1573 600 δὲ
1623 527 1779 600 οὔτε
1828 559 1891 600 τι
1933 530 2110 619 μάλα
2159 539 2509 622 σπείρουσι
2555 541 2682 603 Αί-

399 633 670 721 γύπτιοι
707 636 785 703 ἐν
811 639 892 725 τῇ
922 630 1139 723 χαίρῃ,
1185 632 1343 713 τούς
1379 661 1453 703 τε
1489 637 1896 722 γενομένους
1926 631 2081 704 οὔτε
2111 634 2483 724 τρώγουσι,
2523 633 2680 707 οὔτε

399 740 676 821 ἕψοντες
729 739 1105 842 πατέονται.
1196 742 1266 807 οἱ
1308 736 1383 806 δὲ
1422 735 1506 827 δὴ
1555 740 1726 826 ἱρέες
1765 735 1925 808 οὐδὲ
1965 734 2272 826 ὁρέοντες
2307 736 2679 827 ἀνέχονται,

399 937 777 988 Psammitichi
812 943 1023 1000 aetate,
1073 953 1195 989 cum
1231 942 1394 989 antea
1431 936 1493 987 il-

399 1006 467 1056 lis
516 1007 704 1057 vinum
752 1023 975 1073 prorsus
1022 1014 1169 1057 esset
1210 1012 1489 1074 negatum.

399 1075 568 1126 Plura
588 1076 660 1128 ad
687 1076 832 1128 hunc
852 1076 1134 1128 Plutarchi
1160 1078 1356 1138 locum,
1382 1092 1492 1128 mo-

402 1150 564 1195 nente
600 1147 708 1210 Cr„
758 1147 1056 1212 adscripsit
1099 1146 1489 1213 Wyttenbach.

401 1216 457 1262 in
492 1216 841 1266 Animadvss.
879 1216 956 1274 Π,
998 1217 1021 1265 1
1063 1214 1167 1282 (3).
1203 1232 1329 1281 pag.
1369 1215 1489 1268 173.

401 1282 544 1334 Add.
582 1281 822 1350 Parthey
842 1301 898 1350 p.
930 1284 1031 1336 163
1058 1291 1112 1335 et
1141 1286 1285 1336 conf.
1325 1286 1491 1334 etiam

402 1352 753 1405 Chaeremon.
793 1354 940 1421 apud
963 1354 1230 1420 Porphyr.
1269 1354 1337 1403 de
1371 1354 1495 1404 abs-

402 1423 506 1473 tin.
553 1423 807 1476 animan.
868 1425 966 1487 lv,
1015 1423 1065 1475 6.
1159 1425 1337 1489 Reges
1392 1426 1494 1474 Ae-

405 1493 718 1557 gyptiorum
758 1496 945 1545 vinum
994 1493 1200 1544 bibisse
1249 1493 1494 1558 adeoque

403 1561 712 1625 praefectos
747 1562 1033 1625 habuisse,
1072 1563 1165 1628 qui
1192 1563 1373 1628 poculi
1397 1563 1495 1612 mi-

405 1631 675 1682 nistrandi
708 1648 930 1683 munere
975 1633 1362 1698 fungerentur,
1405 1631 1494 1681 vel

403 1715 472 1749 ex
525 1701 723 1753 Genes.
783 1718 907 1768 cap.
964 1702 1084 1753 XL.
1149 1700 1493 1766 intelligitur.

402 1769 594 1836 Neque
638 1786 768 1822 vero
818 1777 1065 1823 caeteros
1110 1771 1354 1821 homines
1400 1785 1497 1835 per

399 1839 712 1905 degyptum
742 1843 871 1893 vino
895 1855 1118 1907 prorsus
1143 1840 1495 1901 abstinuisse,

403 1909 526 1973 ipsa
560 1918 912 1962 monumenta
945 1910 1082 1961 satis
1111 1909 1391 1961 declarare
1417 1908 1496 1957 vi-

403 1977 615 2042 dentur,
655 1996 794 2046 quae
817 1982 959 2030 vites
984 1977 1242 2029 exhibent
1262 1993 1498 2028 omnem-

404 2063 509 2112 que
556 2063 738 2099 earum
793 2049 1061 2100 culturam
1106 2051 1161 2097 et
1203 2061 1494 2113 praepara-

403 2117 607 2168 tionem
630 2119 872 2169 crebrius
897 2116 1194 2169 ostendunt
1209 2154 1223 2180 ,
1257 2118 1496 2182 itemque

402 2187 669 2237 rationem
731 2203 868 2238 uvas
921 2186 1214 2253 colligendi
1270 2188 1495 2252 vinique

403 2256 665 2307 torculari
711 2258 1046 2323 exprimendi
1093 2255 1341 2319 modum,
1386 2271 1498 2306 am-

403 2326 636 2389 phoras,
687 2328 798 2379 alia
831 2326 891 2378 id
940 2341 1139 2395 genus,
1194 2326 1260 2377 de
1299 2326 1495 2391 quibus

404 2394 515 2446 vid.
564 2395 898 2448 Wilkinson.
934 2398 1192 2448 Manners
1238 2396 1315 2446 11.
1363 2411 1493 2460 pag.

409 2463 508 2515 146
545 2480 604 2515 se
644 2482 697 2532 q.
732 2467 829 2518 159
858 2482 1011 2532 seqq.
1049 2464 1316 2517 Rosellini
1341 2465 1491 2515 Mon.

407 2533 553 2584 civil.
603 2481 653 2586 ¹1³.
700 2553 757 2601 p.
814 2534 916 2586 373
958 2551 1112 2601 seqq.
1185 2535 1495 2599 Hengsten-

405 2603 561 2669 berg:
610 2604 717 2656 Die
751 2604 967 2656 Biicher
1001 2605 1173 2655 Mosis
1220 2609 1324 2654 etc.
1368 2618 1496 2668 pag.

413 2673 474 2722 14
521 2689 671 2739 seqq.
755 2673 879 2726 Alia
928 2673 1177 2724 dabimus
1233 2673 1394 2734 infra¹
1425 2672 1497 2722 ad

405 2741 482 2805 11,
519 2743 606 2795 77.

477 2803 706 2876 ἰχθύων
749 2803 813 2859 δὲ
849 2801 922 2859 οὔ
958 2823 1061 2873 σφι
1105 2803 1284 2871 ἔξεστι
1315 2801 1497 2860 πάσα-

410 2879 570 2948 σθαι]
609 2881 761 2931 Idem
797 2884 1037 2930 testatur
1071 2880 1401 2931 Plutarchus
1431 2879 1498 2929 de

410 2950 543 3001 Isid.
582 2955 639 3001 et
687 2950 890 3000 Orisid.
933 2953 983 3013 5.
1021 2947 1075 2999 7.
1124 2965 1247 3016 pag.
1298 2949 1401 3001 353
1445 2949 1496 2998 D

410 3016 543 3083 (ubi,
582 3023 834 3070 monente
865 3020 974 3080 Or„
1012 3018 1341 3088 reliquorum
1369 3018 1499 3068 scri-

408 3093 622 3153 ptorum
671 3088 822 3139 locos
878 3089 984 3138 hac
1039 3089 1108 3139 de
1151 3104 1212 3138 re
1266 3086 1499 3138 contulit

409 3158 693 3223 Wyttenb.
717 3162 760 3208 t.
789 3157 900 3209 111.
939 3174 992 3222 p.
1033 3156 1153 3224 174)
1193 3155 1318 3209 coll.
1345 3157 1500 3221 Sym—

409 3242 557 3292 poss.
597 3229 824 3290 Quaest.
873 3227 1039 3288 VIII,
1088 3226 1138 3277 8.
1187 3243 1242 3292 p.
1292 3226 1395 3277 729
1431 3225 1497 3275 A.

410 3298 476 3347 B.
532 3296 691 3360 Quod
726 3311 856 3347 vero
891 3297 1089 3362 piscis,
1135 3301 1200 3346 ut
1244 3296 1412 3345 refert
1445 3299 1501 3345 et

408 3365 739 3416 Plutarchus
786 3366 853 3415 de
889 3368 967 3417 Is.
1009 3370 1065 3415 et
1109 3364 1204 3415 Os.
1252 3381 1373 3430 cap.
1412 3363 1497 3415 32.

412 3451 466 3500 p.
516 3434 619 3488 363
669 3434 731 3486 C.
781 3439 836 3485 et
881 3435 1130 3486 Clemens
1177 3433 1501 3485 Alexandri-

414 3520 516 3555 nus
552 3505 754 3558 Strom.
776 3505 843 3554 V.
882 3508 934 3568 §-
961 3506 1012 3554 7.
1039 3519 1167 3570 pag.
1195 3505 1300 3554 770
1322 3505 1496 3566 Pott.,

412 3574 699 3640 Aegyptiis
745 3573 873 3624 olim
919 3575 1086 3624 fuerit
1132 3573 1241 3624 odii
1285 3574 1501 3638 symbo-

412 3643 552 3706 lum,
601 3643 657 3694 id
706 3657 769 3693 eo
820 3642 1013 3707 opinor
1061 3647 1303 3708 spectat,
1358 3641 1502 3708 quod

414 3711 645 3763 Osiridis
681 3731 717 3763 a
751 3713 1015 3778 Typhone
1050 3713 1198 3762 caesi
1235 3716 1291 3762 et
1325 3712 1382 3761 in
1408 3711 1502 3762 Ni-

412 3781 522 3832 lum
558 3782 795 3833 coniecti
829 3797 1028 3847 corpus
1073 3782 1250 3845 pisces
1301 3779 1503 3830 dilace-

415 3866 567 3904 rasse
624 3851 960 3902 ferebantur.
1060 3851 1184 3901 Vid.
1246 3849 1499 3901 Creuzer.

415 3920 658 3986 Symbol.
696 3922 773 3971 11.
809 3936 864 3985 Ρ.
904 3920 1007 3972 398
1043 3921 1130 3971 ed.
1162 3924 1291 3971 tert.
1352 3919 1501 3969 Satis

414 3995 660 4054 constat,
701 3990 847 4055 apud
872 3990 1062 4055 Syrios
1083 4004 1298 4056 quoque
1320 3989 1499 4053 pisces

416 4074 603 4111 sacros
652 4060 828 4110 fuisse
873 4058 1122 4122 habitos,
1180 4075 1281 4110 nec
1326 4073 1504 4108 sacer-

418 4129 636 4180 dotibus
680 4129 893 4180 licitum
953 4130 1123 4179 fuisse
1170 4128 1292 4179 illos
1345 4128 1505 4178 edere

416 4205 513 4249 aut
557 4200 848 4265 attingere.
932 4199 1015 4249 Ab
1061 4198 1348 4264 Aegyptiis
1412 4212 1506 4247 au-

414 4276 525 4318 tem
559 4268 894 4335 Pythagorei
932 4268 1162 4332 piscium
1208 4268 1392 4318 odium
1429 4267 1507 4316 di-

417 4337 614 4388 dicisse
630 4339 894 4388 feruntur.
948 4336 1033 4387 Of.
1058 4334 1337 4388 Plutarch.
1355 4335 1508 4401 Sym-

415 4420 567 4471 poss.
602 4408 830 4470 Quaest.
877 4405 916 4456 l.
953 4405 993 4458 l.
1067 4406 1355 4458 Caeterum
1398 4420 1509 4456 mo-

502 4507 839 4551 HERODO'I'·
891 4506 937 4548 1.

1593 954 1723 990 nere
1757 940 1851 989 vix
1886 936 2049 1006 opus,
2081 938 2185 989 hoc
2225 938 2578 992 interdictum
2613 940 2684 990 ad

1594 1008 1907 1059 sacerdotes
1952 1009 2256 1074 Aegyptios
2313 1009 2458 1060 solos
2522 1010 2685 1075 perti-

1593 1079 1810 1128 nuisse:
1875 1093 2111 1143 namque
2156 1083 2403 1129 caeteros
2439 1080 2684 1130 homines

1593 1148 1772 1213 pisces
1808 1147 1968 1198 edere
2015 1163 2133 1199 esse
2171 1148 2366 1199 solitos
2408 1149 2531 1213 ipsa
2574 1163 2687 1198 mo-

1593 1222 1853 1267 numenta
1876 1217 2197 1276 ostendunt3
2226 1215 2339 1268 vid.
2364 1218 2526 1268 modo
2544 1232 2685 1282 quae

1594 1286 1666 1336 ad
1692 1286 1766 1348 11,
1798 1286 1864 1336 15
1884 1285 2287 1337 adnotavimus.
2355 1287 2517 1349 Quod
2542 1287 2685 1336 idem

1598 1355 1765 1405 etiam
1798 1355 1866 1404 de
1888 1355 2034 1406 fabis
2068 1355 2274 1406 dictum
2293 1356 2476 1407 velim:
2518 1356 2686 1420 aqui-

1596 1426 1698 1475 bus
1730 1423 2044 1476 sacerdotes
2081 1425 2440 1490 abstinuisse,
2486 1424 2684 1491 vulgus

1596 1510 1707 1544 non
1752 1494 2101 1556 abhorruisse
2147 1499 2295 1546 recte
2353 1496 2509 1560 ponit
2552 1495 2687 1545 Wil-

1594 1564 1811 1615 kinson.
1851 1565 2219 1631 Topography
2251 1565 2314 1616 of
2340 1565 2511 1621 Theb.
2556 1580 2684 1631 pag.

1597 1634 1702 1685 216
1738 1633 1863 1684 coll.
1895 1633 2013 1685 146.

1668 1693 1799 1752 οὔτε
1817 1698 2122 1768 τρώγουσι,
2162 1693 2293 1752 οὔτε
2316 1697 2553 1768 ἕψοντες
2578 1719 2686 1753 πα-

1598 1768 1845 1854 τέονται]
1905 1774 1987 1823 Ne
2044 1776 2341 1837 reponatur
2401 1765 2685 1836 φρύγουσι

1598 1856 1695 1905 pro
1725 1855 2021 1904 τρωγουσι,
2059 1846 2244 1891 monet
2267 1840 2684 1907 Wesselingius‚

1599 1924 1722 1959 cum
1743 1903 1994 1973 ,τρώγειν
2031 1910 2106 1958 sit
2141 1911 2381 1961 erudas
2415 1910 2568 1961 edere
2604 1911 2684 1961 sa-

1595 1979 1716 2040 bas,
1741 1978 2191 2044 quemadmodum
2220 1971 2441 2043 τρωκτὰ
2463 1984 2518 2030 et
2545 1970 2688 2043 τρώ-

1599 2044 1734 2111 ξιμα
1779 2049 1817 2098 i.
1859 2065 1911 2114 q.
1961 2039 2085 2111 (5μᾶ
2141 2039 2469 2113 ἐσθιόμεναΙ
2501 2051 2547 2113 1,
2595 2050 2683 2100 71.

1598 2118 1678 2180 11,
1725 2118 1812 2168 92.
1864 2119 1961 2183 IV,
2020 2118 2142 2168 177.
2224 2118 2334 2169 Pro
2377 2117 2686 2168 πατέονται

1597 2186 1820 2254 quidam
1855 2187 1979 2238 libri
2005 2184 2331 2250 δατέονται,
2370 2189 2437 2238 de
2464 2204 2571 2253 quo
2608 2188 2681 2238 cf.

1597 2257 1645 2320 1,
1683 2258 1787 2309 216
1820 2257 2005 2323 ibique
2028 2261 2170 2308 nott.
2244 2256 2353 2307 Sed
2381 2258 2581 2308 retinui
2602 2273 2688 2307 ra-

1597 2327 1712 2376 rius
1747 2327 1999 2390 verbum,
2044 2328 2364 2391 praesertim
2402 2342 2525 2377 cum
2560 2341 2685 2377 mox

1596 2398 1908 2447 inveniatur
1947 2389 2262 2446 πάσασθαι.
2334 2395 2495 2448 Cous.
2529 2397 2687 2447 Butt-

1597 2481 1780 2515 mann.
1819 2467 1913 2517 Gr.
1954 2466 2048 2516 Gr.
2095 2466 2223 2515 mai.
2266 2466 2344 2515 ΙΙ.
2396 2481 2523 2532 pag.
2566 2465 2688 2527 206,

1596 2536 1862 2588 Herodot.
1899 2537 1976 2596 11,
2003 2536 2090 2585 47.
2117 2535 2201 2585 66.
2232 2534 2327 2596 IV,
2358 2534 2476 2597 186,
2504 2534 2690 2585 Blom-

1598 2603 1742 2654 field.
1768 2604 1826 2654 in
1847 2604 2092 2655 Glossar.
2113 2603 2184 2653 ad
2207 2603 2464 2668 Aeschyl.
2492 2604 2688 2668 Agam.

1600 2672 1756 2724 1380.
1795 2704 1867 2713 —
1902 2663 2146 2735 ὄσπριον
2179 2670 2235 2721 h.
2272 2671 2309 2722 l.
2348 2677 2435 2721 est
2469 2675 2690 2736 legumen

1599 2740 2060 2806 (Hiilsenfrucht).
2132 2740 2217 2789 Ad
2264 2738 2374 2790 loci
2408 2741 2568 2790 huius
2606 2756 2691 2790 ar-

1597 2816 1915 2877 gumentum
1948 2809 2179 2860 laudant
2226 2809 2379 2860 Sext.
2427 2810 2686 2875 Empiric-

1598 2875 1843 2946 Hypoth.
1882 2880 1989 2941 ΙΙΙ,
2027 2881 2114 2929 24.
2151 2895 2206 2944 p.
2249 2879 2369 2929 184.
2442 2879 2525 2930 Ac
2548 2880 2688 2932 satis

1599 2955 1786 3000 notum
1823 2954 1935 3010 est,
1973 2948 2041 2998 ab
2065 2949 2354 3013 Aegyptiis
2378 2947 2544 3014 vulgo
2571 2964 2691 3014 per-

1598 3020 1773 3070 hiberi
1810 3019 2183 3083 Pythagoram
2214 3019 2543 3070 assumsisse
2576 3018 2692 3070 odi·

1600 3105 1690 3139 um
1728 3089 1879 3139 istud
1912 3089 1969 3139 in
2006 3088 2195 3147 fabas,
2248 3088 2393 3154 quod
2443 3088 2569 3139 dein
2620 3087 2692 3138 ad

1603 3159 1720 3209 eius
1744 3159 1985 3209 scholam
2009 3157 2249 3209 transiit.
2323 3159 2563 3208 Exstant
2584 3158 2693 3223 pri-

1601 3229 1762 3279 marii
1798 3228 1905 3278 hac
1943 3228 2009 3277 de
2039 3242 2099 3277 re
2134 3225 2241 3277 loci
2270 3227 2417 3291 apud
2435 3226 2578 3278 Plin.
2615 3227 2690 3277 H.

1600 3298 1671 3348 N.
1708 3298 1932 3359 XVIII,
1972 3297 2065 3358 12,
2112 3295 2361 3347 Ciceron.
2414 3296 2481 3346 de
2518 3296 2689 3347 divin.

1602 3368 1649 3426 Ι,
1687 3367 1758 3418 30
1794 3365 1909 3431 (ubi
1944 3365 2058 3416 vid.
2089 3365 2283 3415 Davis.
2320 3369 2375 3415 et
2411 3363 2691 3429 creasset),

1600 3436 1678 3498 ΙΙ,
1722 3435 1809 3487 58.
1846 3437 1968 3486 Hoc
1999 3439 2182 3483 autem
2229 3434 2468 3483 fortasse
2511 3434 2692 3482 minus

1601 3509 1816 3568 notum,
1852 3505 1981 3554 hinc
2014 3502 2069 3552 in
2105 3503 2694 3567 Graecorum.quoque

1602 3574 1875 3640 mysteriis
1914 3573 2075 3623 fabas
2113 3571 2361 3621 damnari
2394 3586 2572 3637 neque
2604 3587 2695 3622 ea-

1600 3660 1719 3695 rum
1740 3647 1960 3710 gustum
1975 3641 2204 3692 concedi
2217 3640 2470 3704 initiatis,
2490 3641 2691 3706 quippe

1602 3727 1738 3778 quas
1775 3713 1940 3762 etiam
1964 3710 2155 3776 Ceres,
2195 3726 2318 3760 cum
2339 3710 2578 3775 reliquas
2599 3710 2695 3760 ho-

1601 3782 1839 3832 minihus
1892 3781 2111 3831 afferret
2173 3781 2389 3846 fruges,
2446 3779 2694 3830 omiserit

1600 3853 1952 3917 impurasque
1972 3850 2266 3901 censuerit.
2324 3849 2413 3901 cf.
2440 3849 2692 3900 Creuzer.

1603 3920 1846 3986 Symbol.
1885 3921 1983 3971 IV.
2022 3935 2076 3984 Ρ.
2116 3920 2238 3970 572.
2299 3919 2536 3970 Bohlen:
2575 3920 2692 3969 Das

1604 3989 1716 4041 alte
1752 3990 1948 4041 Indien
1983 3989 2031 4040 1.
2068 4004 2121 4052 p.
2165 3987 2458 4040 194—196.
2528 3988 2698 4052 Equi-

1605 4060 1727 4109 dem
1743 4058 1848 4110 hoc
1872 4058 2032 4109 modo
2060 4055 2344 4108 adiiciam:
2367 4058 2698 4123 Aegyptiam

1605 4128 1790 4181 fabam
1827 4142 2040 4179 sacram
2079 4141 2178 4191 pro
2215 4128 2315 4177 loto
2352 4142 2397 4177 s.
2438 4126 2695 4178 Nelumbio

1606 4201 1864 4262 specioso,
1897 4198 2053 4247 cuius
2089 4195 2247 4245 radix
2284 4199 2339 4245 et
2366 4197 2577 4247 fructus
2606 4194 2699 4246 edi

1609 4267 1823 4318 soleant
1858 4264 2027 4330 (conf.
2066 4269 2180 4315 not.
2215 4264 2289 4314 ad
2320 4265 2397 4328 Π,
2434 4266 2557 4328 92),
2602 4263 2698 4314 ha-

1609 4336 1727 4387 beri
1763 4352 1797 4386 a
1823 4336 1891 4387 V.
1927 4336 2000 4386 D.
2037 4333 2201 4385 Link.
2226 4333 2337 4394 (die
2359 4333 2567 4385 Urwelt
2588 4337 2694 4384 etc.

1608 4422 1664 4472 Ρ.
1701 4407 1803 4458 225
1840 4402 2000 4471 seq.),
2041 4404 2134 4469 qui
2167 4400 2327 4452 huius
2374 4403 2535 4454 fabae
2574 4416 2701 4452 san-

2241 4479 2321 4543 33
