3109 5092
486 294 609 356 570

1348 299 1890 364 HERODOTI

396 479 478 541 64
495 477 823 567 θνήσκειν
867 472 1136 546 οὐδένα.
1223 475 1361 565 Τὴν
1396 476 1472 545 δὲ
1508 476 1894 565 πανήγυριν
1928 473 2183 565 ταύτην
2212 479 2287 546 ἐκ
2330 481 2535 548 τοῦδε
2570 483 2771 566 νομί-

484 602 596 649 σαι
641 580 809 667 φασὶ
854 583 925 647 οἰ
969 577 1336 669 ἐπιχώριοι.

480 680 607 771 τὴν
676 683 960 771 μητέρα·

482 955 655 1006 ᾱοιιοο
692 954 852 1005 cedat
886 957 943 1003 et
970 953 1159 1004 cedere
1179 953 1396 1005 debeat.
1455 955 1575 1005 Iam

484 1026 578 1091 qui
612 1024 849 1089 cogitet,
887 1023 1030 1087 apud
1057 1029 1272 1073 veteres
1297 1024 1438 1074 hanc
1464 1024 1574 1073 vim

483 1099 714 1145 naturae
762 1092 1081 1158 genitricem
1128 1107 1236 1143 non
1283 1094 1460 1144 minus
1493 1098 1576 1144 at-

488 1179 593 1230 que
629 1165 804 1227 ipsam
830 1167 1081 1212 naturam
1130 1163 1479 1227 recipientem
1519 1168 1575 1213 et

486 1234 554 1283 ab
591 1232 687 1282 illa
723 1229 997 1295 impletam
1046 1232 1102 1280 in
1148 1232 1234 1281 dei
1284 1247 1573 1296 personam

486 1318 608 1353 esse
658 1300 1015 1360 translatam,
1067 1301 1150 1350 ita
1199 1305 1263 1350 nt
1312 1301 1419 1351 iam
1462 1317 1573 1354 ιιοιι

483 1371 645 1422 aliter
681 1385 856 1420 sermo
903 1368 999 1418 fiat
1036 1374 1202 1435 atque
1235 1369 1302 1420 de
1336 1370 1575 1421 humana

483 1440 834 1505 generatione
853 1443 911 1488 et
929 1439 1324 1503 procreatione,
1344 1440 1392 1488 is
1406 1441 1573 1490 etiam

485 1508 783 1573 intelliget,
834 1523 939 1572 quo
977 1512 1227 1571 spectent
1274 1510 1575 1560 certamina

484 1580 541 1629 in
586 1578 744 1628 huius
802 1577 890 1627 dei
951 1574 1188 1641 (Martis)
1241 1578 1445 1643 templo
1501 1580 1573 1628 ab

439 1653 444 1658 ’
483 1649 654 1713 ipsius
688 1645 987 1697 cultoribus
1023 1647 1339 1710 commissa,
1375 1648 1572 1713 quibus

471 1723 714 1769 -naturae
737 1718 895 1781 quasi
918 1717 1216 1767 certamina
1232 1717 1428 1783 quovis
1444 1733 1575 1767 vere

483 1789 706 1839 ineunte
743 1787 1132 1838 committenda
1167 1786 1467 1852 symbolico
1503 1802 1571 1837 ac

484 1857 777 1909 tesserario
820 1856 980 1906 modo
1024 1858 1423 1926 repraesentari
1479 1871 1570 1906 su-

486 1928 682 1993 spicer.
757 1926 814 1976 Si
841 1941 970 1977 vero
1010 1927 1244 1991 quaeris,
1281 1940 1571 2007 quemnam

482 1997 872 2061 Aegyptiorum
929 1995 1087 2045 deum
1136 1996 1348 2046 Graeca
1383 1987 1573 2056 ’Ἄρεος

481 2081 617 2115 voce
651 2066 853 2115 Noster
885 2064 1241 2128 significarit,
1297 2064 1391 2130 qui
1431 2065 1574 2115 eius-

483 2134 601 2183 dem
639 2148 854 2197 quoque
888 2133 976 2183 dei
1004 2133 1278 2184 oraculum
1304 2136 1448 2184 inter
1469 2134 1574 2183 Ae—

484 2203 676 2266 gyptia
712 2200 934 2251 oracula
953 2207 1200 2252 recenset
1222 2203 1300 2263 11,
1327 2201 1412 2264 83,
1438 2202 1574 2252 Wil-

483 2272 684 2321 kinson
728 2268 1009 2332 (Manners
1061 2275 1167 2320 etc.
1216 2287 1325 2321 sec.
1375 2287 1482 2321 ser.
1521 2272 1571 2322 Ι.

486 2357 539 2404 p.
568 2339 695 2404 402)
720 2339 787 2389 de
815 2339 1023 2389 Aruer-e
1056 2340 1172 2389 sive
1192 2341 1342 2391 Horo
1365 2342 1575 2406 cogita-

483 2413 641 2460 verat
675 2412 891 2472 propter
927 2407 1241 2459 bellicosam
1278 2409 1440 2458 huius
1485 2409 1572 2459 dei

483 2478 695 2530 iuvenis
733 2482 1002 2529 naturam.
1062 2478 1200 2538 Sed,
1238 2477 1348 2527 alia
1374 2483 1436 2528 ut
1454 2479 1574 2528 mit-

482 2553 628 2610 tam,
676 2547 870 2597 Horum
907 2548 1110 2598 Noster
1155 2548 1294 2597 dixit
1340 2547 1574 2598 Graeco-

482 2633 599 2668 rum
624 2619 901 2681 Apollinem
917 2617 1387 2680 11,144(uhivide
1403 2616 1569 2680 nott.)
1587 2618 1591 2622 '

478 2689 720 2754 itemque
749 2686 1028 2738 Plutarch.
1099 2689 1184 2738 De
1213 2686 1345 2737 Isid
1374 2692 1430 2737 et
1447 2686 1574 2736 Osi-

483 2757 586 2807 rid.
623 2771 743 2821 cap.
778 2756 868 2808 61.
904 2772 1032 2821 pag.
1061 2757 1183 2808 375.
1256 2757 1371 2806 Nec
1393 2756 1570 2821 magis

482 2827 588 2877 huc
603 2826 854 2888 referam,
893 2841 1052 2891 quem
1069 2826 1212 2875 idem
1240 2824 1571 2876 Wilkinson.

487 2894 545 2956 (l.
587 2894 627 2943 1.
668 2894 751 2945 ΙΙ.
795 2910 850 2959 p.
898 2895 967 2944 83
1003 2894 1128 2944 coll.
1166 2892 1254 2945 34.
1304 2894 1412 2943 111.
1452 2894 1570 2944 tab.

485 2961 597 3026 69.)
639 2962 796 3011 affert
832 2962 949 3011 sive
984 2962 1142 3011 deum
1184 2963 1303 3012 sive
1351 2964 1569 3026 genium

485 3030 666 3094 Ranpo
688 3044 735 3081 s.
756 3031 946 3094 Ruspe,
967 3030 1160 3093 Ratpo:
1192 3032 1394 3095 qnippe
1412 3047 1570 3096 quem

485 3098 694 3150 bellicis
706 3098 1100 3163 Aegyptiorum
1130 3098 1290 3149 rebus
1313 3115 1570 3164 praeesse

466 3172 670 3254 putat,
705 3183 971 3233 quemque
1006 3168 1231 3218 eundem
1254 3168 1436 3230 habet,
1476 3170 1570 3233 qui

481 3237 634 3301 Αρης
683 3241 914 3288 vocatur
966 3236 1036 3287 ab
1085 3237 1455 3302 Hermapione
1511 3238 1569 3286 in

483 3305 709 3361 obelisci
719 3306 998 3357 Ramesse1
1017 3306 1387 3371 inscriptione,
1409 3307 1568 3357 deum

482 3382 628 3429 certe
666 3376 937 3427 inferioris
989 3375 1194 3425 ordinis
1240 3391 1287 3428 s.
1335 3377 1568 3441 generis,

483 3446 696 3513 qualem
723 3446 812 3496 hic
842 3445 1084 3510 profecto
1118 3443 1423 3511 intelligere
1457 3460 1569 3495 non

480 3517 629 3568 licet.
697 3516 814 3567 Nec
840 3515 1068 3580 denique
1103 3514 1193 3564 hic
1218 3513 1567 3580 cogitandum

483 3585 615 3636 mihi
645 3585 862 3635 videtur
898 3584 963 3634 de
993 3599 1057 3634 eo
1094 3583 1228 3645 deo,
1266 3599 1427 3649 quem
1459 3584 1569 3648 pri-

483 3656 647 3705 mitus
671 3654 801 3704 belli
825 3654 984 3704 deum
1004 3653 1174 3703 fuisse
1195 3656 1354 3716 putat
1365 3652 1565 3704 Roeth.

484 3722 544 3787 (l.
592 3739 718 3773 mox
762 3723 800 3773 l.
848 3726 987 3773 nott.
1025 3736 1081 3785 p.
1136 3721 1233 3772 167
1273 3721 1431 3786 seq.),
1479 3722 1568 3772 cui

483 3807 678 3842 nomen
696 3789 1274 3857 Ombee-Setle-Typleom
1295 3792 1392 3841 sed
1411 3805 1567 3854 prae·

484 3865 599 3910 stat
634 3876 756 3910 mea
802 3860 1018 3923 quidem
1065 3876 1131 3909 ex
1167 3860 1468 3922 sententia,

482 3929 522 3979 l.
560 3927 865 3992 intelligere
889 3942 1010 3978 eum
1045 3928 1234 3991 deum,
1271 3930 1363 3993 qui
1390 3929 1566 3978 omnis

483 3997 851 4063 generationis
887 4001 1077 4046 auctor
1097 3996 1400 4047 habebatur
1423 3996 1568 4062 apud

482 4065 785 4130 Aegyptios
803 4065 1211 4146 vocabaturque
1227 4065 1329 4146 Sep
1348 4082 1392 4117 s.
1413 4066 1566 4128 δορὴ,

483 4134 750 4197 Har-seph,
804 4132 1013 4183 Graece
1055 4126 1358 4198 Ἀρσαφὴς,
1407 4148 1567 4199 quem

483 4202 630 4269 quod
665 4201 989 4253 Plutarchus
1025 4198 1131 4264 (De
1155 4202 1290 4254 Isid.
1328 4207 1385 4253 et
1420 4202 1566 4255 Osir.

483 4287 606 4337 cap.
646 4271 733 4323 37.
771 4287 826 4336 p.
864 4269 990 4333 ³65)
1025 4286 1147 4321 cum
1175 4271 1393 4322 Osiride
1426 4287 1569 4323 com-

483 4341 667 4409 ponit,
715 4340 773 4391 id
823 4356 888 4391 ex
932 4341 1192 4392 seriorum
1238 4342 1569 4393 Graecorum

1427 583 1679 649 οἰκέειν
1716 583 1792 648 ἐν
1833 583 1928 672 τῷ
1969 583 2092 673 ἱρῷ
2129 578 2345 673 τούτῳ
2379 586 2504 651 τοῦ
2535 578 2774 671 Ἀρεος

1045 684 1156 752 καὶ
1213 680 1333 751 τὸν
1376 679 1586 771 ’Ἄρεα
1650 679 2037 772 ἀπότροφον
2093 682 2465 772 γενόμενον
2529 688 2772 754 ἐλθεῖν
2858 747 2875 756 -

482 787 1028 875 ἐξανδρωμένον,
1081 788 1407 857 ἐθέλοντα
1440 791 1522 875 τῇ
1560 788 1759 875 μητρὶ
1806 788 2157 875 συμμίξαι·
2215 789 2330 856 καὶ
2374 785 2533 867 τούς
2568 814 2734 877 προ-
2752 798 2879 855 134

1676 956 1891 1005 ratione
1943 954 2147 1005 dictum
2201 955 2601 1020 existimamus,
2654 972 2770 1022 qna

1677 1026 1859 1075 omnia
1895 1024 2007 1074 fere
2043 1025 2437 1090 Aegyptiorum
2464 1025 2685 1076 deorum
2710 1033 2769 1077 et

1675 1096 1899 1145 nomina
1934 1099 1990 1144 et
2025 1109 2250 1144 munera
2285 1095 2358 1145 ad
2381 1095 2648 1146 osiridem
2680 1101 2772 1146 at-

1676 1179 1781 1230 que
1828 1163 2033 1214 Isidem
2078 1165 2457 1217 transferrent.
2532 1165 2767 1230 Propius

1674 1233 1780 1283 buc
1837 1229 2072 1296 pertinet
2120 1233 2444 1296 Εήοαραοιιε
2494 1233 2768 1299 Orphicus

1676 1303 1770 1368 qui
1807 1300 2006 1353 dieitur
2050 1301 2216 1365 deus,
2264 1304 2485 1354 nomine
2527 1305 2649 1384 ipso
2700 1319 2769 1354 ex

1676 1372 1962 1454 Aegyptiis
2023 1371 2217 1433 ducto,
2288 1372 2524 1439 itemque
2578 1363 2769 1434 Ἔρως

1678 1434 1951 1505 οὐράνιος
1987 1440 2157 1505 (apud
2190 1441 2471 1492 Plutarch.
2515 1443 2764 1492 Amator.

1678 1527 1798 1576 cap.
1846 1509 1914 1561 19
1963 1510 2086 1561 coll.
2139 1511 2318 1561 Procl.
2366 1512 2421 1561 in
2480 1512 2767 1563 Timaeum

1678 1580 1790 1630 ΙΙΙ.
1830 1596 1885 1644 p.
1930 1579 2050 1643 156)
2096 1580 2321 1644 spiritus
2365 1581 2548 1631 omnia
2591 1582 2646 1631 in
2684 1597 2771 1637 re-,

1676 1665 1793 1700 rum
1836 1653 2035 1699 natura
2077 1664 2372 1713 procreans
2410 1666 2458 1701 s.
2504 1651 2765 1716 gignens:

1677 1720 1772 1783 qui
1818 1718 1962 1782 quod
2018 1734 2140 1769 cum
2186 1723 2360 1769 matre
2407 1721 2767 1771 concumbere

1674 1789 1881 1848 studet,
1919 1788 2056 1839 haec
2091 1788 2241 1838 nulla
2274 1789 2388 1838 alia
2411 1805 2531 1840 esse
2560 1793 2767 1854 potest,

1674 1859 1785 1908 nisi
1826 1857 1990 1919 Nemi,
2027 1873 2187 1922 quam
2224 1859 2558 1923 primitivam
2592 1864 2767 1910 mate-

1674 1928 1839 1988 riam,
1897 1927 2147 1977 omnibus
2200 1927 2362 1978 rebus
2421 1929 2579 1992 quasi
2637 1929 2766 1979 sub·

1674 2001 1904 2046 stratam
1927 1996 2282 2060 explicuimus
2309 1996 2379 2047 ad
2405 1996 2483 2059 II,
2509 1998 2596 2048 62.
2654 1998 2763 2048 Nc·

1676 2081 1782 2131 que
1807 2065 1933 2115 inde
1962 2066 2181 2128 mirum,
2217 2065 2361 2130 quod
2396 2065 2454 2115 in
2477 2068 2626 2116 notis
2647 2066 2762 2118 hie·

1674 2134 2009 2200 roglyphicis
2028 2134 2301 2198 Arsaphes
2327 2134 2632 2186 celebratur
2658 2152 2763 2186 na-

1675 2208 1809 2255 ritus
1842 2208 2019 2254 matris
2052 2220 2193 2255 suae.
2249 2205 2521 2269 Exposuit
2552 2205 2760 2256 Roeth:

1677 2274 1873 2325 Gesch.
1914 2273 1967 2323 «1.
2004 2272 2209 2323 Philos.
2260 2273 2308 2324 Ι.
2342 2289 2469 2338 pag.
2510 2275 2613 2325 140
2642 2290 2759 2339 seq.

1676 2348 1817 2394 nott.
1842 2359 1968 2408 pag.
2008 2341 2075 2393 68
2106 2358 2278 2408 seqq„
2310 2342 2405 2393 ubi
2443 2343 2555 2394 vid.
2580 2343 2758 2409 plura.

2022 2513 2155 2565 Car.
2194 2514 2394 2565 LXIV.

2151 2632 2280 2677 υριν
2289 2611 2505 2680 ταύτην
2517 2606 2575 2664 ἔτι
2592 2613 2762 2666 τοῦδε

2198 2687 2284 2736 De
2316 2685 2485 2736 verbo
2510 2683 2761 2749 νομίζειν

1743 2608 1944 2680 Timr}
1957 2607 2112 2679 πανή

1672 2683 1959 2748 νομίσαι
1997 2698 2118 2748 (poco
2085 2632 2162 2751 οἵ]

1670 2756 1782 2806 vid.
1818 2754 1886 2804 ad
1923 2755 1969 2814 Ι.
2004 2753 2122 2805 131.

1741 2819 1837 2872 καὶ
1876 2816 1978 2873 τὸν
2009 2814 2173 2886 Ἀρεα
2216 2814 2558 2887 ἀπότροφον
2604 2818 2763 2905 γενό-

1670 2907 1848 2958 μενον
1891 2883 2096 2942 ἐλθεῖν
2128 2883 2580 2957 ἐξανδρωμένον]
2618 2884 2762 2942 ἀπό-

1670 2975 1887 3026 τροφος
1941 2953 2248 3025 γενόμενος
2294 2960 2493 3012 dicitur
2540 2961 2615 3023 is,
2675 2964 2764 3027 qui

1666 3034 1895 3095 procula
1909 3031 2208 3094 parentibus
2232 3030 2477 3082 educatus
2497 3038 2591 3090 est,
2616 3034 2763 3081 teate

1669 3100 1974 3164 Hesycbio,
2014 3099 2158 3180 apud
2185 3114 2343 3163 quem
2369 3104 2576 3151 exstat:
2616 3091 2760 3149 ἀπό-

1669 3183 1902 3234 τροφος,
1920 3161 2144 3231 μακρὰν
2157 3165 2562 3232 τεθραμμένος.
2592 3169 2762 3219 Plura

1670 3237 2066 3302 Wesselingius
2091 3236 2410 3301 (Dissertat.
2431 3238 2634 3289 Herod.
2654 3238 2757 3288 XI.

1669 3323 1726 3372 p.
1772 3306 1917 3372 169),
1968 3308 2061 3370 qui
2109 3308 2276 3357 etiam
2333 3299 2760 3391 ἑξανδρωμένορ

1669 3381 1817 3428 recte
1851 3375 2114 3439 explicat.
2150 3377 2378 3439 adultas,
2414 3379 2501 3442 qai
2531 3376 2603 3426 ad
2634 3378 2760 3427 viri-

1669 3448 1763 3496 lem
1796 3448 1894 3495 iam
1920 3448 2166 3525 pervenit
2196 3453 2440 3504 aetatem,
2486 3437 2592 3508 τὴν
2638 3435 2759 3509 ἡλι-

1672 3513 1807 3564 κίαν
1842 3510 1986 3577 ἔχων
2014 3510 2096 3571 εἰς
2128 3504 2343 3578 ἄνδρα,
2381 3519 2443 3566 ιιι
2468 3513 2610 3579 apud
2636 3514 2759 3565 Sui-

1669 3583 1794 3634 dam
1826 3583 2029 3649 leg-inu
2033 3598 2079 3633 s.

1738 3643 2012 3701 ἐθέλοντα
2031 3648 2102 3717 τῇ
2121 3647 2293 3715 μητρὶ
2313 3648 2605 3716 συμμίξαι]
2621 3663 2757 3714 συμ-

1667 3718 1826 3784 μίξαι
1859 3721 1948 3771 1ιίο
1990 3720 2057 3770 de
2103 3723 2390 3771 comercio
2433 3726 2599 3785 atque
2637 3734 2757 3771 con-

1664 3806 1849 3855 gressu
1874 3791 2124 3852 samaim-i
2166 3789 2282 3840 sive
2316 3791 2560 3856 colloquio
2593 3805 2759 3853 expo-

1506 3858 1563 3912 h.
1669 3863 1805 3909 nunt
1848 3859 2202 3923 interpretes,
2258 3861 2321 3909 ut
2353 3858 2450 3921 IV,
2500 3858 2619 3909 151.
2654 3859 2753 3922 VI,

1671 3928 1758 3980 23.
1787 3927 1961 3988 VIII,
1994 3926 2082 3978 58.
2111 3928 2199 3980 67.
2238 3928 2307 3977 79
2344 3930 2473 3990 etc„
2505 3927 2599 3977 ubi
2627 3926 2758 3978 huic

1667 3997 1835 4047 verbo
1868 3996 2127 4047 tribuitur
2171 3996 2404 4047 honesta
2445 3997 2764 4061 colloquendi

1669 4067 1838 4116 notio.
1912 4066 1986 4116 At
2021 4081 2115 4127 ea,
2152 4081 2293 4129 quae
2319 4070 2639 4129 sequuntur,
2675 4065 2757 4115 fa·

1668 4133 1773 4186 cile
1809 4136 1966 4185 nobis
2003 4135 2331 4199 persuadent
2366 4133 2758 4188 Valckenariu-

1667 4219 1793 4254 nam
1827 4204 2151 4254 sententiam
2167 4241 2181 4264 ,
2216 4203 2305 4254 hic
2325 4217 2542 4268 quoque
2564 4204 2621 4253 in
2645 4217 2758 4254 am-

1667 4273 1833 4338 biguo
1877 4271 2064 4323 ludere
2112 4272 2367 4324 voluisse-
2395 4273 2755 4333 Herodotum,

1668 4357 2000 4407 puerumque
2035 4341 2280 4393 adultum
2316 4341 2467 4392 aliud
2496 4340 2626 4407 quid
2664 4356 2758 4392 cu-
