3109 5092
461 363 500 422 2
1332 350 1866 413 HERODOTI

466 528 555 613 ὥς
586 528 750 621 μήτε
780 526 862 597 τὰ
891 525 1222 616 γενόμενα
1253 488 1320 607 ἐξ
1348 521 1742 612 ἀνθρώπων
1761 523 1863 615 ,τῷ
1892 517 2110 611 χρόνῳ
2147 518 2408 606 ἐξίτηλα
2443 520 2740 605 γένηται,

464 730 640 781 oratio
668 727 799 778 ficta
822 726 1039 793 publice
1070 725 1354 790 proposita
1390 728 1445 773 et
1482 722 1552 772 ad

463 799 884 850 ostentationem
918 796 1238 860 composita.
1278 793 1436 845 Unde
1468 808 1553 843 sa-

463 870 534 919 tis
571 873 748 933 patet,
780 868 836 916 in
861 865 1126 915 Herodoti
1158 864 1277 914 loco
1305 879 1415 913 non
1438 878 1553 912 cor-

462 938 745 1003 rigendum
782 950 902 985 esse
934 925 1235 998 ἐπίὸειξις,
1285 937 1346 982 ut
1380 932 1554 982 voluit

461 1007 680 1057 Hecker
714 1006 771 1053 in
807 1004 1011 1054 Comm.
1064 1004 1185 1053 crit.
1237 1002 1303 1052 de
1349 1002 1555 1052 Antho-

464 1076 575 1141 log.
623 1077 818 1126 Graec.
867 1075 934 1123 T.
989 1073 1035 1122 Ι.
1085 1089 1139 1137 p.
1189 1071 1343 1133 351„
1392 1086 1553 1137 quem

465 1146 553 1197 vel
577 1158 810 1209 sequens
829 1133 1228 1206 ἀποδεχθέντα
1248 1156 1282 1189 a
1301 1140 1399 1190 tali
1428 1155 1553 1190 con-

464 1216 675 1265 iectura
718 1226 974 1262 revocare
1008 1209 1260 1260 debebat.
1301 1236 1369 1245 —
1404 1203 1555 1259 ἱστο-

467 1283 562 1349 ρίη
596 1283 717 1333 inda
753 1284 858 1330 atio
884 1285 939 1330 et
961 1282 1175 1346 coynitio
1199 1294 1382 1344 rerum,
1413 1293 1555 1344 quae

466 1352 604 1401 fiunt
707 1355 973 1413 actaeque
1044 1354 1198 1409 sunt,
1273 1349 1421 1410 sive,
1491 1352 1555 1397 ut

467 1419 1011 1484 Schweighaeuserus
1050 1417 1186 1478 vult,
1220 1420 1424 1482 notitia,
1464 1417 1553 1466 do-

466 1493 632 1539 ctrina
690 1488 1095 1551 contemplanda,
1149 1486 1553 1550 percunctando,

463 1560 762 1623 inquirendo
796 1565 1116 1621 comparata,
1165 1572 1306 1620 quae
1353 1555 1554 1605 refera-

465 1632 556 1678 tur
589 1634 703 1677 tum
740 1626 810 1676 ad
846 1642 940 1689 ea,
978 1641 1119 1691 quae
1167 1626 1287 1690 quis
1323 1626 1441 1690 ipse
1475 1624 1555 1673 vi-

467 1697 610 1746 derit
655 1696 933 1761 noritque‚
986 1702 1102 1745 tum
1148 1695 1219 1744 ad
1269 1710 1361 1756 ea,
1411 1708 1553 1759 quae

467 1767 536 1816 ab
587 1765 709 1815 aliis
758 1764 1079 1830 inquirendo
1134 1768 1190 1814 et
1242 1763 1554 1829 indagando

468 1836 758 1901 acceperit.
831 1834 1069 1885 Arctiori
1125 1832 1345 1899 quidem
1390 1847 1555 1883 sensu

465 1905 780 1954 Herodotus
834 1897 1096 1968 ἱστορίην
1146 1903 1435 1968 distinguit
1484 1902 1553 1952 ab

467 1966 630 2039 ὄψει,
694 1989 830 2038 quo,
886 1988 1027 2037 quae
1063 1972 1181 2036 ipse
1214 1973 1328 2021 suis
1382 1971 1555 2022 oculis

465 2042 840 2106 usurpaverit,
876 2042 1106 2105 indicet,
1162 2057 1284 2092 cum
1331 2037 1555 2105 ἱστορίη

467 2112 536 2162 ad
572 2127 638 2161 ea
672 2112 971 2175 pertineat,
1011 2126 1151 2176 quae
1190 2127 1257 2161 ex
1306 2112 1554 2172 aliorum,

468 2196 605 2246 quos
659 2180 963 2241 consuluit,
1025 2181 1338 2230 narratione
1388 2181 1556 2229 fluxe-

465 2250 596 2299 rint.
668 2248 795 2298 Vid.
840 2248 916 2309 11,
968 2247 1038 2298 99
1093 2248 1225 2312 ibiq.
1287 2252 1427 2298 nott.
1475 2249 1553 2309 11,

470 2320 590 2370 118.
663 2318 773 2368 Sed
804 2316 859 2369 h.
896 2317 933 2366 l.
970 2316 1153 2367 latiori
1202 2332 1367 2367 sensu
1403 2317 1555 2368 adhi-

465 2389 587 2438 buit
623 2401 839 2448 vocem,
876 2386 1030 2435 cuius
1066 2387 1173 2451 ‚qui
1215 2392 1341 2450 post
1387 2387 1556 2436 fuerit

467 2473 600 2508 usus
637 2471 703 2507 ac
747 2455 1106 2519 significati0‚
1152 2455 1242 2505 hic
1288 2470 1558 2521 exponere

466 2543 576 2577 non
610 2527 829 2575 attinet.
877 2524 961 2574 Ad
995 2524 1367 2574 Herodoteum
1397 2540 1559 2574 usum

467 2597 644 2661 magis
714 2594 955 2657 accedit,
1027 2594 1171 2659 quod
1230 2594 1556 2645 Aristoteles

469 2664 576 2729 (De
612 2664 775 2714 anim.
814 2665 859 2727 1,
902 2663 951 2729 l)
989 2663 1127 2713 dixit
1161 2654 1269 2727 τὴν
1305 2660 1406 2727 τῆς
1445 2671 1556 2726 ψυ-

467 2732 573 2800 χῆς
617 2728 906 2798 ἷστορίαν,
956 2731 1366 2798 indagationem
1409 2731 1559 2781 inde-

467 2819 573 2868 que
606 2808 826 2853 enatam
857 2802 1221 2867 cognitionem
1258 2801 1562 2863 declarans,

505 2887 576 2922 uo
625 2872 815 2922 eodem
861 2887 1026 2921 sensu
1082 2864 1190 2934 τὴν
1230 2869 1344 2920 τῶν
1401 2865 1561 2930 ζώων

467 2888 729 3004 Potentem
793 2941 1000 2990 dixisse
1066 2940 1208 2989 idem
1282 2939 1558 3004 putandus

470 3016 573 3059 est.
610 3010 790 3073 Atque
824 3008 951 3057 inde
978 3024 1195 3073 quoque
1229 3009 1407 3071 fluxit,
1446 3008 1560 3071 opi-

469 3094 596 3140 nor,
648 3076 818 3143 quod,
872 3081 935 3127 ut
988 3078 1197 3127 monuit
1259 3078 1559 3128 Creuzerus

471 3145 640 3212 (conf.
684 3149 848 3197 etiam
896 3147 1044 3196 Hist.
1096 3148 1278 3197 Kunst
1315 3146 1412 3196 der
1459 3146 1553 3197 Gr.

466 3233 521 3282 p.
567 3216 684 3267 137.
727 3217 828 3267 106
863 3232 946 3280 sq.
987 3216 1071 3265 ed.
1110 3215 1265 3281 see.),
1295 3216 1559 3280 Polybius

469 3301 605 3351 opus
657 3301 814 3335 suum
865 3284 1239 3349 appellaverat
1300 3279 1561 3349 ἱστορίαν

462 3346 873 3418 ἆποδεικτικὴν
909 3352 977 3419 (Ι,
1020 3355 1066 3403 1.
1109 3357 1191 3404 14.
1228 3353 1335 3417 111,
1372 3356 1459 3406 31.
1490 3355 1558 3403 V.

466 3424 597 3490 75.),
634 3425 671 3474 i.
714 3440 761 3477 e.
795 3423 1081 3474 historiam
1109 3425 1561 3487 demuma-adivam,

468 3509 609 3559 quae
647 3493 903 3543 nimirum
953 3508 1019 3542 ex
1066 3493 1162 3556 iis,
1213 3508 1353 3558 quae
1401 3498 1562 3558 gesta

466 3568 612 3626 sunt,
650 3564 878 3613 rationis
915 3578 1034 3627 ope,
1074 3562 1205 3628 quid
1244 3562 1340 3612 fiat
1373 3563 1560 3613 fierive

466 3633 690 3696 debeat,
727 3632 1098 3684 concludendo
1147 3637 1559 3683 commonstrat.

466 3703 574 3752 Vid
606 3700 936 3753 Dammann.
974 3701 1242 3753 Herodot.
1280 3718 1407 3769 pag.
1438 3701 1556 3753 108.

426 3792 440 3807 ·
468 3777 523 3820 et
560 3772 904 3835 potissimum
939 3770 1438 3836 Schweighaeuser.
1487 3771 1559 3821 ad

463 3839 658 3903 Polyb.
708 3840 763 3902 Ι,
824 3842 884 3902 2,
930 3840 983 3889 8.
1043 3838 1130 3903 (Τ.
1184 3842 1248 3890 V.
1300 3857 1355 3906 p.
1414 3842 1555 3906 127).

468 3907 857 3972 Wyttenbach.
915 3906 985 3956 ad
1028 3908 1308 3959 Plutarch.
1356 3909 1553 3961 Moral.

468 3976 535 4027 T.
568 3977 724 4040 VIII,
766 3978 812 4027 l.
849 3991 903 4040 p.
935 3975 1057 4027 807.
1093 3977 1179 4027 De
1228 3979 1349 4042 ipso
1385 3979 1553 4028 verbo

467 4039 718 4109 ἱστορεῖν
769 4047 826 4095 in
888 4044 1120 4095 historia
1173 4047 1463 4097 scribenda
1522 4063 1558 4097 a

464 4115 855 4179 posterioribus
877 4114 1121 4167 adhibito
1146 4118 1291 4166 conf.
1318 4117 1558 4167 Wester-

463 4200 649 4235 mann.
688 4183 759 4234 ad
780 4184 1058 4235 Plutarch.
1085 4185 1270 4237 Solon.
1306 4186 1355 4237 1.
1384 4202 1439 4250 p.
1467 4187 1553 4238 10.

464 4253 707 4304 Sintenis
751 4255 822 4304 ad
868 4253 1143 4305 Plutarch.
1200 4256 1552 4306 Themistocl.

464 4325 551 4374 25.
576 4340 627 4387 p.
676 4326 791 4375 159.
830 4323 989 4387 Apud
1016 4323 1368 4389 philosophos
1399 4319 1550 4373 ἴστο-

461 4392 557 4458 ριά
594 4398 677 4442 est
711 4397 918 4443 scientia
962 4410 1008 4443 s,
1058 4399 1220 4443 ratio:
1267 4395 1377 4444 vid.
1428 4394 1548 4443 Pla-

1656 726 1771 771 ton.
1818 716 2025 769 Phaed.
2087 732 2139 781 p.
2202 716 2270 768 96
2309 719 2376 768 A.
2430 722 2485 766 et
2529 717 2631 767 Ast
2675 714 2747 765 ad

1654 791 1870 841 Platon.
1909 786 2215 838 Phaedrum
2249 803 2301 852 p.
2336 786 2456 837 279.
2508 787 2744 836 Verbum

1657 855 1907 922 ἱστορεῖν
1968 856 2113 921 apud
2165 857 2503 907 Herodotum
2571 858 2744 906 scisci-

1655 930 1828 987 tandi,
1883 927 2163 992 quaerendi
2217 927 2438 976 notione
2498 926 2742 984 obvium3

1656 999 1729 1050 cf.
1765 998 1810 1060 Ι,
1845 998 1930 1047 56.
1968 996 2054 1046 61.
2100 996 2217 1046 122.
2258 995 2333 1059 ΙΙ,
2371 996 2454 1047 19.
2494 995 2580 1045 34.
2627 994 2742 1045 113.

1654 1069 1759 1130 ΙΙΙ,
1799 1068 1884 1119 50.
1918 1066 2005 1117 51.
2046 1067 2133 1115 77.
2167 1064 2264 1127 IV,
2294 1065 2413 1116 192.

1737 1128 1813 1192 ὥς
1849 1128 1986 1199 μήτε
2021 1127 2090 1182 τὰ
2113 1128 2389 1198 γενόμενα
2423 1123 2480 1194 ἐξ
2517 1123 2749 1198 ἀνθρώ-

1657 1220 1784 1255 πων
1841 1202 1916 1269 τῷ
1969 1196 2158 1268 χρόνω
2219 1195 2445 1268 ἐξίτηλα
2495 1199 2745 1266 γένηται]

1656 1272 2020 1338 lungendum:
2081 1251 2149 1321 ui
2212 1265 2489 1337 γενόμενα
2544 1263 2602 1332 ἐξ
2649 1261 2749 1319 ἆν-

1656 1341 1944 1409 θρώπων,
1991 1348 2052 1390 ut
2096 1341 2333 1391 homiuum
2372 1344 2523 1405 sacta
2567 1357 2612 1390 s.
2663 1356 2750 1389 res

1650 1422 1828 1480 qestae
1858 1411 2218 1461 declarentur.
2256 1409 2421 1461 Haud
2457 1426 2579 1461 raro
2608 1410 2750 1459 enim

1657 1482 1967 1533 Herodotus
2015 1481 2476 1545 praepositionem
2534 1472 2590 1540 ἐξ
2651 1494 2749 1543 pro

1655 1544 1772 1602 ὑπὸ
1808 1556 2054 1614 usurpat.
2111 1552 2196 1600 Tu
2230 1550 2341 1601 vid.
2370 1550 2445 1612 11,
2475 1550 2591 1611 148,
2619 1549 2749 1609 alia,

1658 1638 1799 1687 quae
1833 1620 2033 1669 dudum
2067 1621 2293 1684 protulit
2336 1619 2751 1683 wesseling-ius,

1659 1690 1798 1741 Aliis
1845 1690 2069 1754 iungere
2124 1689 2358 1753 placuit:
2410 1680 2466 1749 ἐξ
2517 1679 2750 1752 ἀνθρώ-

1657 1775 1786 1811 πων
1822 1751 2066 1823 ἐξίτηλα,
2110 1759 2212 1810 hoc
2254 1759 2368 1808 fere
2403 1773 2597 1807 sensu:
2649 1773 2752 1819 „ne

1659 1846 1744 1881 ree
1792 1837 1972 1894 gestae
2029 1837 2333 1879 evanescant
2388 1844 2460 1877 ex
2516 1827 2752 1877 hominum

1656 1904 1890 1950 memoria
1921 1913 2021 1960 per·
2051 1902 2286 1961 temporis
2322 1898 2751 1948 diumrnitatern.“

1661 1971 1781 2033 Quo
1809 1968 2012 2018 rectius
2039 1983 2162 2017 cum
2180 1966 2606 2033 Wyttenbachio
2633 1981 2750 2015 ver-

1659 2046 1776 2090 tas:
1817 2047 1910 2101 „ut
1944 2053 2103 2102 neque
2138 2053 2221 2098 ea,
2259 2053 2389 2103 quae
2438 2038 2503 2087 ab
2547 2037 2750 2086 Ιιοηιίηἰ-
2825 2078 2828 2089 .

1656 2109 1749 2160 bus
1777 2109 1925 2172 facta
1960 2116 2103 2167 sunt,
2153 2107 2370 2158 evanida
2407 2109 2564 2171 fiant,
2611 2106 2649 2156 i.
2698 2121 2746 2154 e.

1656 2187 1710 2228 ut
1755 2194 1914 2243 neque
1954 2177 2194 2227 hominum
2231 2178 2379 2241 facea
2421 2177 2753 2227 diuturnitate

1658 2249 1893 2309 temporis
1927 2250 1978 2298 in
2020 2247 2311 2297 oblivionem
2344 2245 2588 2297 abeant.“
2656 2245 2752 2295 At-

1657 2332 1761 2381 que
1796 2308 2067 2379 ἐξίτηλος,
2122 2316 2270 2379 quod
2314 2315 2538 2366 ductum
2586 2320 2671 2365 est
2718 2330 2754 2363 a

1659 2385 1826 2435 verbo
1855 2376 2080 2448 ἐξιέναι,
2115 2390 2177 2434 ut
2213 2386 2428 2450 proprie
2465 2386 2533 2435 de
2567 2384 2752 2435 colore

1659 2460 1755 2505 aut
1789 2455 2030 2504 tinctura
2077 2460 2437 2506 evanescente
2479 2455 2748 2519 accipien-

1659 2523 1811 2587 dum,
1849 2524 1930 2573 ita
1965 2524 2220 2589 deinceps
2255 2525 2321 2575 de
2354 2525 2442 2589 iis,
2481 2539 2751 2590 quaecun-

1660 2609 1766 2658 que
1796 2593 1965 2643 facile
2001 2593 2201 2644 abeant
2224 2596 2587 2657 intereantve,
2608 2610 2749 2659 quae

1660 2662 1749 2712 vel
1792 2668 2035 2726 tempore
2080 2663 2366 2715 deleantur
2415 2665 2505 2715 vel
2551 2680 2750 2714 memo-

1661 2732 1745 2781 ria
1764 2732 2035 2781 excidant.
2071 2732 2198 2796 Ipse
2217 2734 2531 2785 Herodotus
2557 2735 2623 2799 V,
2652 2734 2748 2785 39:

1660 2798 1826 2866 γένος
1863 2793 2269 2863 Εὐρυσθένεος
2312 2801 2584 2868 γενέσθαι
2638 2794 2748 2864 ἐξί-

1658 2870 1850 2935 τηλον.
1924 2870 2133 2931 Quibus
2202 2870 2339 2921 haec
2411 2874 2563 2923 addit
2616 2875 2751 2925 Cr..·

1662 2939 1859 3003 „Philo
1904 2939 2141 2989 Iudaeus
2193 2940 2260 2989 de
2311 2941 2505 2991 Mundi
2551 2942 2746 3008 Opific.

1660 3024 1715 3073 p.
1758 3009 1860 3059 100
1897 3008 1982 3059 ed.
2020 3010 2185 3059 Pseif.
2234 3000 2349 3073 ἤδη
2396 3008 2502 3060 τοῦ
2550 3010 2750 3076 γένους

1661 3070 1762 3155 defin
1781 3070 2001 3158 Μκρρς
2027 3071 2241 3142 χρόνου
2267 3071 2708 3151 merdanus-‚iga
2725 3107 2748 3115 —

1659 3145 1874 3211 τηλου
1912 3159 2098 3203 οντος.
2170 3147 2296 3197 Alia
2332 3149 2575 3200 Zonaras
2612 3150 2746 3199 Lex.

1661 3217 1854 3266 Graec.
1894 3231 1949 3280 p.
1987 3216 2083 3268 163
2117 3216 2251 3281 ibiq.
2274 3217 2577 3269 Tittmann.
2610 3218 2750 3268 Pho·

1658 3286 1768 3334 tius
1792 3287 1926 3335 Lex.
1966 3301 2019 3349 p.
2056 3285 2126 3336 90
2164 3290 2220 3335 et
2252 3286 2599 3338 Schleusneri
2621 3288 2749 3337 Cur.

1662 3371 1790 3405 noV.
1827 3356 1885 3403 in
1920 3355 2108 3406 Photii
2146 3357 2280 3406 Lex.
2319 3372 2445 3423 pag.
2488 3359 2577 3409 87.
2615 3358 2747 3408 Not.

1663 3424 1734 3475 ad
1756 3424 1957 3475 Plotin.
1998 3424 2065 3473 de
2097 3424 2317 3489 pulcrit.
2339 3442 2393 3491 p.
2432 3427 2556 3479 201.
2585 3428 2748 3478 551.“

1659 3493 1929 3544 Herodoti
1972 3496 2141 3544 verba
2191 3495 2439 3546 imitatus
2487 3512 2607 3547 esse
2653 3499 2750 3545 aut

1664 3569 1812 3615 certe
1867 3565 1935 3614 ob
1994 3564 2181 3615 oculos
2232 3564 2492 3616 habuisse
2532 3565 2751 3616 videtur

1663 3634 1931 3699 Georgius
1966 3633 2348 3700 Pachymeres,
2385 3636 2545 3686 initio
2581 3636 2749 3685 histo-

1659 3704 1773 3754 riae
1807 3704 1874 3754 de
1910 3702 2180 3754 Michaele
2211 3704 2543 3772 Palaeologo
2583 3703 2658 3770 (p.
2693 3709 2746 3756 4.

1660 3773 1744 3822 ed.
1784 3772 1986 3837 Bekk.)
2028 3789 2088 3821 se
2131 3773 2417 3824 historiam
2461 3774 2751 3857 scripsisse

1660 3842 1973 3904 declarans,
2048 3831 2125 3899 ὥς
2182 3833 2256 3891 ἂν
2307 3837 2385 3908 μὴ
2430 3836 2461 3893 ὁ
2524 3841 2750 3909 ξυμπας

1656 3904 1870 3977 χρόνος
1905 3904 2083 3975 φύσιν
2122 3904 2266 3975 ἔχων
2299 3905 2370 3961 τὰ
2402 3906 2584 3964 πολλὰ
2614 3905 2749 3979 κρύ-

1656 3995 1820 4030 πτειν
1856 3982 2089 4043 συχναῖς
2123 3979 2418 4039 κυκλικαῐς
2451 3976 2749 4047 περιόδοις

1656 4045 1752 4099 καὶ
1777 4040 1899 4098 τάδ’
1929 4043 2184 4116 ἀφανίσῃ
2213 4043 2358 4100 κατὰ
2374 4045 2582 4115 μικρὸν
2606 4042 2744 4111 ἐξί-

1652 4117 1825 4182 τηλα
1856 4115 1928 4183 τῇ
1963 4116 2308 4187 παραδρομῇ
2350 4115 2655 4186 γιγνόμενα
2689 4135 2741 4168 τι.

1654 4203 1702 4236 τ.
1740 4186 1786 4236 λ.
1862 4188 2053 4252 Neque
2088 4188 2249 4239 aliter
2272 4191 2387 4240 fere
2422 4190 2494 4240 ad
2529 4195 2744 4240 senten·

1656 4257 1790 4306 tiam
1836 4258 2105 4322 Georgius
2138 4258 2438 4310 Phrantzes
2483 4261 2538 4309 in
2575 4260 2743 4308 histo·

1655 4326 1768 4374 riae
1803 4328 2079 4390 prooemio
2133 4345 2184 4392 p.
2236 4330 2269 4377 5
2317 4329 2400 4378 ed.
2453 4330 2628 4379 Bekk.
2671 4356 2742 4365 —

1653 4396 1770 4444 lam
1815 4397 1961 4463 quod
2007 4398 2207 4447 attinet
2252 4397 2323 4446 ad
2363 4397 2509 4448 illam
2575 4399 2741 4449 abun-
