3109 5092
462 236 585 297 712

1327 232 1865 296 HERODOTI

464 412 803 501 μοσμένου
856 406 937 476 τὰ
992 407 1275 498 μάλιστα
1297 427 1311 443 ·
1384 401 1611 486 οὐδεὶς
1649 410 1788 474 τῶν
1833 365 2057 476 λίθου*
2102 403 2463 496 τριήκοντα
2507 405 2750 474 ποδῶν

464 610 577 660 sint
597 605 849 671 aequalia
871 621 1043 658 necne
1057 646 1070 670 ,
1095 607 1332 658 nondum
1361 606 1552 673 liquet,

465 692 588 729 cum
625 677 841 727 diverse
875 677 944 727 de
979 677 1063 727 his
1089 681 1338 727 statuant
1366 692 1553 727 recen-

467 749 636 798 tiores
673 748 1140 810 peregrinaturos,
1186 746 1434 811 quamvis
1483 745 1552 795 ad

466 815 684 868 oculum
698 819 846 863 certe
859 817 1154 880 quadratas
1169 830 1431 881 apparere
1443 831 1554 865 ma-

466 900 602 952 gnas
620 883 944 949 pyramides,
964 900 1065 935 nec
1087 884 1238 936 aliud
1251 886 1552 950 quaesiisse

467 969 652 1005 earum
685 951 1013 1015 conditores,
1043 955 1245 1019 optime
1279 956 1554 1004 monuisse

467 1023 720 1073 videatur
743 1022 926 1088 Zoega
953 1023 990 1072 l.
1014 1020 1051 1074 1.
1074 1039 1128 1088 p.
1153 1024 1252 1074 401
1275 1023 1408 1088 ibiq.
1429 1027 1546 1073 not.

535 1090 710 1139 λίθου
759 1085 822 1139 δὲ
871 1088 1072 1151 ξεστοῦ
1116 1107 1174 1142 τε
1223 1087 1319 1140 καὶ
1374 1083 1551 1156 ἁρμο-

469 1154 676 1224 σμένου
721 1151 790 1207 τὰ
843 1154 1103 1225 μάλιστα]
1162 1163 1333 1212 Recte
1388 1161 1553 1211 vertit

466 1229 651 1280 Miot.:
715 1227 856 1290 „elle
913 1233 998 1279 est
1044 1233 1196 1279 toute
1239 1233 1438 1280 revdtue
1485 1245 1552 1278 en

467 1300 671 1364 pierres
694 1295 892 1360 polies,
926 1295 1168 1360 ajustees
1194 1314 1328 1348 avec
1359 1298 1409 1349 le
1431 1299 1553 1365 plus

467 1366 641 1433 grand
681 1365 868 1426 soin;“
924 1382 1099 1431 neque
1134 1368 1274 1417 enim
1330 1368 1418 1419 hic
1466 1383 1555 1418 co-

468 1433 752 1502 gitandum
776 1434 843 1483 de
869 1435 1049 1500 lapide
1071 1435 1305 1486 calcario
1332 1452 1413 1500 eo,
1441 1452 1547 1502 quo

468 1507 590 1570 ipsa
637 1504 877 1568 pyramis
923 1510 1042 1554 erat
1088 1510 1392 1569 exstructa,
1451 1505 1548 1556 sed

467 1575 535 1625 de
572 1589 637 1624 eo
677 1571 859 1637 lapide
898 1573 1035 1624 bene
1070 1574 1346 1640 laevigato
1383 1580 1549 1640 atque

467 1658 651 1693 secum
695 1647 1006 1706 compacto,
1067 1660 1173 1707 quo
1223 1650 1343 1694 tota
1393 1659 1549 1706 pyra-

469 1711 630 1762 midis
677 1710 846 1760 moles
893 1710 1258 1760 exstrinsecus
1311 1715 1458 1760 tecta
1495 1715 1549 1760 et

468 1780 626 1847 quasi
661 1781 868 1830 vestita
903 1785 1045 1829 erat:
1086 1781 1149 1831 de
1176 1795 1283 1844 quo
1309 1778 1550 1844 lapidum

467 1865 665 1916 genere
703 1850 849 1900 conf.
880 1849 948 1898 ad
975 1864 1095 1914 cap.
1125 1851 1223 1899 125
1241 1853 1415 1910 nott.;
1455 1848 1552 1898 hos

466 1934 680 1984 quoque
705 1919 906 1970 Noster
920 1918 1179 1984 intelligit
1201 1918 1381 1968 verbis
1402 1933 1550 1982 seqq.

469 1981 662 2044 οὐδεὶς
693 1986 807 2036 τῶν
823 1985 1011 2036 λίθων
1028 1981 1335 2051 τριήκοντα
1351 1984 1553 2035 ποδῶν

468 2047 743 2116 ἐλάσσων,
781 2061 843 2105 ut
877 2061 1026 2107 recte
1051 2057 1163 2106 iam
1198 2055 1339 2105 vidit
1371 2057 1554 2119 Zoega

466 2140 596 2190 pag.
634 2122 734 2174 387
786 2129 900 2174 not.
952 2125 1034 2176 16.
1109 2119 1327 2174 Etenim
1377 2124 1435 2174 hi
1477 2124 1556 2174 la·

468 2194 623 2259 pides
658 2191 903 2257 reliquae
950 2198 1261 2243 structurae
1297 2195 1555 2257 superim-

467 2262 634 2327 positi
677 2264 852 2311 totam
897 2262 1232 2326 pyramidem
1292 2263 1553 2312 extrinse-

471 2345 566 2380 cus
602 2331 1043 2390 convestiebant3
1097 2329 1240 2381 Galli
1267 2329 1379 2379 tale
1414 2346 1550 2396 opus

469 2404 672 2450 vocant
714 2400 1041 2462 revetement,
1087 2414 1188 2450 nos
1232 2399 1551 2465 Bekleiaunq

470 2484 516 2522 s.
566 2467 926 2534 Verkleiduny.
1002 2468 1107 2530 Qui
1151 2468 1360 2534 lapides
1407 2469 1551 2536 quod

468 2537 602 2589 nulli
637 2538 815 2589 adhuc
859 2540 916 2589 in
962 2538 1066 2589 hac
1109 2538 1390 2603 pyramide
1437 2554 1551 2589 cer-

468 2617 697 2671 nuntur,
741 2608 797 2657 id
841 2609 1031 2674 utique
1075 2607 1427 2658 barbarorum
1467 2623 1553 2658 ra-

467 2678 699 2743 pacitati
752 2677 980 2728 debetur
1030 2677 1129 2743 (cf.
1187 2679 1372 2743 Zoega
1419 2676 1456 2727 l.
1508 2677 1547 2726 l.

467 2762 594 2813 pag.
634 2745 787 2810 403),
829 2748 922 2811 qui
950 2746 1047 2797 hos
1082 2745 1291 2811 lapides
1320 2746 1548 2796 extimos

467 2816 590 2866 inde
641 2815 860 2865 avulsos
909 2815 978 2864 ad
1024 2813 1135 2864 alia
1171 2815 1420 2865 aedificia
1466 2831 1554 2865 ex·

467 2884 728 2933 struenda
766 2883 1147 2933 adhibuerunt.
1219 2886 1304 2933 Tu
1337 2885 1449 2934 vid.
1486 2886 1553 2934 de

466 2952 553 3000 his
591 2958 846 3002 accurate
883 2958 1239 3017 exponentem
1281 2954 1553 3003 Letronne

466 3019 770 3070 Journald.
807 3021 939 3072 Sav,
980 3019 1131 3070 1841.
1172 3037 1227 3084 p.
1266 3021 1369 3072 385
1397 3037 1550 3087 seqq.

389 3127 402 3138 .
468 3087 571 3138 499
619 3102 773 3153 seqq.
831 3094 886 3138 et
931 3089 1155 3139 Recueil
1211 3090 1550 3154 d'Inscriptt.

469 3157 725 3222 d’Eg-ypt.
777 3157 853 3208 11.
901 3173 1028 3223 pag.
1084 3159 1185 3210 487
1233 3174 1404 3223 seqq„
1450 3160 1553 3210 Le-

467 3227 644 3294 psius:
675 3226 855 3277 Ueber
880 3227 984 3277 den
1004 3228 1122 3276 Bau
1142 3227 1193 3277 d.
1222 3228 1552 3291 Pyramiden

468 3298 524 3347 in
572 3296 1021 3347 Monatsbericht.
1073 3296 1126 3346 d.
1175 3297 1319 3347 Berl.
1374 3297 1549 3348 Akad.

472 3365 624 3417 1843.
662 3381 787 3431 pag.
830 3364 1121 3416 177-203,

538 3435 658 3485 Iam
683 3435 750 3486 de
784 3435 887 3485 hac
909 3436 1032 3500 ipsa
1055 3433 1349 3500 pyramide,
1389 3450 1551 3499 quam

467 3505 520 3556 h.
545 3504 583 3553 l.
606 3503 897 3569 descripsit
922 3505 1250 3566 Herodotus,
1285 3503 1551 3569 quaedam

468 3574 668 3624 addere
720 3575 890 3624 iuvat.
978 3575 1225 3638 Namque
1266 3574 1407 3622 inter
1452 3589 1552 3637 py-

467 3642 730 3706 ramides,
771 3659 907 3708 quae
946 3641 1213 3707 plurimae
1250 3641 1429 3692 adhuc
1466 3651 1552 3691 su·

467 3716 692 3777 persunt
714 3729 780 3762 ac
812 3728 909 3776 pro
934 3712 1043 3761 situ
1074 3711 1333 3772 locorum,
1357 3711 1413 3760 in
1437 3710 1550 3775 qui-

467 3782 568 3831 bus
588 3785 897 3831 exstructae
914 3786 1058 3842 sunt,
1085 3796 1118 3830 a
1141 3779 1551 3844 peregrinatori-

467 3849 568 3898 bus
613 3850 1057 3915 nunc-distingui
1090 3849 1286 3912 solent,
1321 3851 1551 3914 primum

466 3918 654 3982 utique
689 3917 867 3966 locum
905 3923 1091 3967 tenent
1131 3927 1254 3974 tres,
1304 3934 1442 3982 quae
1480 3918 1550 3968 ad

466 3986 759 4051 Memphim
794 3987 1037 4051 proxime
1081 3988 1222 4037 sitae
1253 3988 1394 4037 inter
1427 3986 1548 4036 reli-

466 4071 603 4121 quas
619 4056 1040 4119 septentrionem
1050 4070 1242 4106 versus
1257 4061 1548 4107 cernuntur

464 4124 537 4175 ad
551 4126 769 4187 vicum,
809 4125 896 4174 cui
933 4140 1075 4173 nunc
1093 4140 1287 4174 nomen
1312 4125 1463 4176 Gizek
1500 4141 1544 4176 s.

464 4193 695 4245 Dehiselt.
792 4194 946 4256 Quae
997 4194 1234 4244 omnium
1286 4195 1548 4244 maximae

466 4263 519 4315 b.
558 4263 596 4316 l.
634 4264 703 4318 ab
719 4263 1000 4314 Herodoto
1021 4263 1418 4328 describuntur,
1458 4279 1548 4316 ex-

1656 610 1898 657 structae
1917 606 2045 656 illae
2066 605 2283 670 quidem
2298 619 2334 653 a
2349 604 2585 669 Cheope‚
2610 603 2752 654 Che·

1656 677 1807 727 frene
1844 681 1899 726 et
1925 675 2227 740 Mycerino.
2300 674 2367 724 In
2398 689 2625 739 quarum
2650 689 2753 723 nu-

1655 761 1803 796 mero
1817 760 1900 808 ea,
1921 760 2062 809 quae
2078 744 2501 808 septentrionem
2513 742 2751 792 maxime

1657 819 1898 881 spectat,
1956 815 2193 864 omnium
2239 827 2386 862 nunc
2429 811 2752 877 perhibetur

1656 885 1919 944 maxima,
1957 899 1991 933 a
2028 882 2246 946 Cbeope
2283 881 2409 931 olim
2448 886 2749 941 exstructa,

1655 969 1817 1019 quam
1866 952 2180 1003 Herodotus
2235 949 2289 999 h.
2336 949 2376 999 l.
2437 950 2751 1015 descripsit,

1654 1037 1924 1088 quamque
1954 1025 2260 1072 structurae
2301 1034 2462 1084 opere
2492 1019 2750 1069 eximiam

1656 1107 1789 1157 prae
1827 1093 2023 1141 ceteris
2072 1090 2209 1140 dicit
2254 1087 2618 1154 laudibusque
2670 1089 2751 1138 ef·

1656 1162 1763 1211 fert
1799 1159 2127 1210 Wilkinson.
2177 1159 2437 1209 Manners
2488 1164 2593 1208 etc.
2632 1172 2751 1207 sec.

1656 1246 1761 1280 ser.
1816 1230 1864 1279 1.
1914 1245 2042 1293 pag.
2091 1231 2177 1290 22,
2216 1227 2357 1277 alios
2405 1231 2464 1277 ut
2513 1233 2751 1278 taceam.

1656 1299 1764 1350 Sed
1800 1303 2047 1364 praestat
2082 1298 2203 1361 ipsa
2220 1297 2438 1361 Zoegae
2459 1296 2630 1347 verba
2652 1311 2753 1360 ap·

1655 1383 1855 1434 ponere
1892 1367 1930 1417 l.
1966 1367 2006 1417 l.
2054 1382 2182 1431 pag.
2221 1366 2353 1416 400:
2410 1364 2680 1427 „Scilicet
2717 1380 2753 1414 a

1652 1436 1824 1489 Gizeb
1843 1437 1938 1486 ubi
1957 1440 2195 1503 quatuor
2214 1434 2459 1484 millibus
2486 1450 2753 1499 passuum

1650 1506 1955 1573 perrexeris
2000 1504 2073 1556 ad
2130 1519 2385 1555 occasum
2439 1504 2752 1566 hiemalem,

1653 1575 1864 1626 canalis
1905 1578 1990 1623 est
2025 1589 2059 1623 a
2083 1574 2210 1624 Nilo
2235 1573 2533 1634 deductus,
2574 1588 2607 1623 a
2638 1588 2751 1638 quo

1650 1645 1845 1708 incipit
1884 1644 1977 1692 via
2021 1658 2117 1707 per
2152 1656 2314 1706 agros
2352 1641 2581 1692 humiles
2622 1642 2755 1692 sub-

1652 1710 2049 1760 structionibus
2087 1711 2377 1758 sublevata
2405 1716 2459 1758 et
2483 1717 2635 1759 secto
2670 1710 2754 1757 la-

1653 1780 1779 1844 pide
1821 1778 2058 1838 munita,
2105 1776 2397 1827 latitudine
2436 1778 2633 1842 pedum
2668 1778 2755 1827 vi-

1657 1848 1829 1913 ginti,
1889 1846 2236 1912 longitudine
2293 1861 2552 1910 passuum
2599 1846 2754 1897 mille

1657 1918 2095 1992 quingentorum,
2124 1915 2337 1966 duobus
2353 1916 2409 1964 111
2428 1916 2564 1966 locis
2584 1921 2755 1982 ponte

1658 2002 1820 2050 super
1854 1986 2034 2035 fossas
2081 1989 2422 2035 transvecta.
2495 1987 2651 2047 Quae
2685 1984 2754 2036 li-

1657 2060 1746 2105 cet
1777 2070 1919 2104 nunc
1956 2055 2195 2104 maxima
2230 2070 2295 2103 ex
2329 2059 2485 2118 parte
2508 2056 2753 2105 Arabum

1658 2139 1821 2174 manu
1858 2123 2012 2174 facta
2047 2128 2344 2187 appareat,
2381 2129 2564 2173 tamen
2600 2129 2755 2175 vete-

1657 2194 1732 2242 ris
1780 2193 1905 2242 viae
1974 2193 2044 2242 ab
2091 2193 2374 2242 Herodoto
2419 2194 2757 2244 memoratae

1656 2277 1872 2313 cursum
1888 2262 2131 2311 indicare
2162 2261 2403 2320 videtur,
2443 2261 2634 2312 forsan
2669 2263 2755 2313 in-

1654 2336 1905 2380 staurata
1949 2347 1982 2380 a
2018 2330 2299 2392 barbaris,
2346 2336 2407 2379 ut
2453 2332 2756 2383 aveberent

1654 2400 1891 2465 lapides,
1942 2399 2139 2464 quibus
2176 2398 2510 2450 advehendis
2547 2401 2616 2451 ab
2657 2417 2754 2451 an-

1653 2470 1805 2534 tiquo
1854 2484 1982 2534 rege
2044 2467 2226 2517 fuerat
2273 2467 2572 2521 destinata.
2662 2468 2753 2534 [In

1654 2538 1880 2587 eandem
1927 2537 2258 2587 sententiam
2304 2538 2553 2602 disputat
2597 2541 2751 2590 Hirt.

1651 2607 1688 2657 1.
1729 2606 1768 2656 l.
1810 2622 1936 2672 pag.
1988 2607 2072 2657 16.
2116 2604 2224 2672 17.]
2298 2607 2519 2657 Desinit
2563 2613 2752 2659 autem
2829 2653 2837 2662 .

1652 2675 1722 2726 ad
1759 2676 1949 2741 pedem
1975 2674 2131 2726 collis
2158 2691 2257 2725 seu
2281 2677 2457 2740 campi
2493 2678 2648 2727 saxei
2672 2678 2748 2728 ad

1653 2751 1888 2807 centum,
1925 2746 2062 2808 sive,
2100 2750 2162 2793 ut
2180 2745 2369 2794 retulit
2392 2745 2746 2810 Niebuhrius,

1652 2821 1867 2865 centum
1914 2814 2268 2878 septuaginta
2319 2814 2512 2877 pedum
2558 2816 2749 2866 altitu-

1654 2884 1833 2935 dinem
1850 2899 2014 2948 supra
2041 2883 2389 2934 subiacentes
2414 2899 2574 2949 agros
2592 2885 2748 2947 elati,

1653 2952 1709 3002 in
1759 2968 1863 3018 quo
1915 2953 2226 3016 pyramides
2290 2953 2545 3003 conditae
2595 2961 2745 3004 sunt.

1652 3023 1860 3086 Nempe
1893 3021 2090 3085 Libyci
2132 3021 2332 3070 montis
2378 3022 2591 3073 radices
2642 3024 2749 3073 hoc

1653 3090 1775 3141 loco
1814 3090 2172 3155 promontorii
2206 3090 2382 3139 instar
2410 3098 2743 3155 procurrunt

1653 3160 1723 3209 ad
1769 3164 1948 3210 ortum
1997 3157 2325 3221 brumalem,
2376 3175 2498 3211 mox
2546 3161 2746 3211 iterum

1654 3232 1890 3294 pergunt
1934 3227 2006 3277 ad
2040 3227 2316 3277 meridiem
2365 3244 2554 3279 versus
2587 3230 2748 3280 Busi-

1653 3298 1739 3347 rin
1773 3303 1829 3347 et
1860 3296 2182 3358 Saccaram,
2231 3300 2395 3361 atque
2431 3298 2500 3347 ad
2536 3297 2746 3361 Dasjur

1654 3366 1885 3416 tendunt
1908 3365 2033 3417 Nilo
2059 3366 2280 3430 propius
2309 3366 2580 3416 admotae.
2636 3368 2748 3418 Ru-

1653 3436 1739 3500 pis
1777 3435 1965 3486 eadem
2005 3439 2204 3484 natura
2234 3440 2320 3485 est
2354 3450 2421 3486 ac
2454 3435 2675 3500 lapidis,
2715 3453 2747 3486 0

1655 3520 1761 3569 quo
1799 3508 1927 3554 sunt
1953 3503 2291 3568 pyramidem
2328 3520 2521 3570 nempe
2562 3504 2744 3555 calca-

1654 3575 1739 3623 ria
1799 3578 1906 3634 est,
1964 3572 2182 3623 modica
2230 3573 2459 3635 duritie,
2508 3575 2745 3639 petreia·

1654 3642 1757 3692 ctis
1791 3641 2208 3692 lenticularibus
2248 3646 2304 3692 et
2323 3643 2742 3694 numismatibus

1653 3711 1986 3777 interspersa
2004 3749 2017 3773 ,
2056 3715 2221 3776 atque
2246 3710 2432 3762 mobili
2456 3727 2627 3763 arena
2649 3713 2743 3763 ob-

1652 3784 1830 3840 tecta3
1874 3785 2167 3832 occurrunt
2204 3781 2260 3830 111
2284 3796 2353 3830 ea
2372 3780 2499 3831 hinc
2524 3787 2580 3832 et
2614 3782 2743 3831 inde

1652 3849 1998 3900 latomiarum
2035 3850 2291 3914 vestigia.
2366 3849 2573 3900 Multas
2612 3850 2739 3900 olim

1654 3920 1962 3984 pyramides
1989 3918 2162 3968 fuisse
2183 3919 2240 3968 111
2274 3920 2645 3983 promontorio
2669 3920 2741 3970 ad

1653 3989 1844 4040 Gizam
1880 3992 2167 4052 spectante
2200 4003 2230 4037 e
2262 3987 2432 4037 ruinis
2472 3989 2739 4053 arguitur,

1650 4072 1791 4122 quae
1814 4056 1973 4107 hodie
2007 4060 2302 4121 supersunt
2320 4057 2377 4107 111
2402 4056 2565 4120 plano
2595 4073 2742 4108 cam-

1648 4141 1719 4191 po
1768 4142 1864 4177 sex
1910 4127 2023 4176 fere
2067 4125 2293 4176 millium
2329 4140 2589 4190 passuum
2638 4128 2742 4178 cir-

1650 4196 1818 4246 cuitu.
1891 4195 2117 4246 Plurimi
2163 4200 2446 4260 praeterea
2495 4200 2622 4246 sunt
2656 4201 2741 4246 tu-

1652 4263 1783 4320 muli
1849 4279 1877 4315 e
1932 4267 2084 4320 secto
2141 4263 2321 4333 lapide
2383 4264 2741 4321 circumcirca
