3109 5092
404 1232 483 1292 97
500 1222 804 1311 χιλιάδας
841 1222 1211 1291 ταλάντων.

501 331 624 393 638

1368 329 1901 390 HERODOTI

499 505 896 594 τετρημένος
921 499 1319 581 διτάλαντας
1342 500 1627 590 μάλιστά
1666 529 1750 590 κη
1775 499 2084 590 σταθμόν
2098 522 2113 536 ·
2180 499 2444 570 τούτων
2481 498 2607 589 τὴν
2644 500 2776 589 μὲν

498 605 762 697 θύρην,
819 607 1189 694 δεδεμένην
1223 604 1438 698 κάλῳ,
1481 610 1826 693 ἔμπροσθε
1863 610 1986 673 τοῦ
2026 610 2268 673 πλοίου
2314 600 2500 673 άπίει
2529 606 2769 691 ἐπιφέ-

501 720 768 801 ρεσθαι,
809 707 931 778 τόν
958 708 1034 777 δὲ
1067 715 1268 777 λίθον
1293 704 1474 800 ἄλλῳ
1517 707 1700 800 κάλῳ
1728 704 1994 777 ὄπισθε.
2052 702 2093 795 ἡ
2118 705 2245 795 μὲν
2275 703 2359 796 δὴ
2384 705 2606 796 θύρη,
2646 711 2773 774 τοῦ

499 813 665 902 ῥόου
693 816 1133 901 ἐμπίπτοντος
1150 862 1169 894 ,
1214 813 1450 900 χωρέει
1477 812 1747 897 ταχέως,
1777 812 1888 880 καὶ
1917 813 2095 880 ἕλκει
2126 807 2252 903 τὴν
2277 815 2482 897 βᾶριν
2543 813 2772 893 (τοῦτο

498 913 630 1005 γὰρ
657 913 742 1004 δὴ
771 913 1029 1002 οὔνομά
1057 916 1196 983 ἐστι
1225 929 1397 982 τοῖσι
1426 919 1718 982 πλοίοισι
1745 913 2090 999 τούτοισι),
2127 908 2164 981 ὅ
2197 913 2271 982 δὲ
2299 920 2495 993 λίθος
2520 909 2771 981 ὄπισθε

500 1019 940 1107 ἐπελκόμενος
981 1017 1093 1084 καὶ
1139 1013 1271 1084 ἐών
1307 1019 1384 1085 ἐν
1425 1022 1661 1108 βυσσῷ
1713 1017 2070 1085 κατιθύνει
2131 1013 2251 1084 τὸν
2290 1014 2522 1085 πλόον.

2629 1019 2770 1082 ἔστι

501 1123 582 1191 δέ
602 1142 724 1209 σφι
765 1118 847 1189 τὰ
888 1128 1089 1188 πλοῖα
1116 1123 1325 1187 ταῦτα
1370 1117 1627 1208 πλήθει·
1675 1116 1921 1205 πολλὰ,
1981 1121 2092 1188 καὶ
2134 1115 2282 1205 ἄγει
2331 1124 2479 1187 ἔνια
2516 1114 2768 1197 πολλὰς

1310 1217 1551 1289 Ἐπεὰν
1601 1221 1677 1290 δὲ
1710 1225 1964 1311 ἐπέλθῃ
2006 1217 2042 1290 ό
2084 1230 2331 1301 Νεῖλος
2359 1218 2486 1310 τὴν
2516 1219 2767 1309 χώρην,

499 1330 576 1394 αί
596 1324 823 1405 πόλιες
847 1329 1091 1412 μοῦναι
1121 1330 1481 1411 φαίνονται
1507 1319 1977 1413 ὑπερέχουσαι,
2013 1324 2299 1413 μάλιστά
2329 1351 2413 1412 κη
2445 1325 2769 1413 ἐμφερέες

497 1434 647 1516 τῇσι
680 1430 755 1496 ἐν
782 1432 876 1520 τῷ
912 1432 1166 1518 Αἰγαίῳ
1196 1423 1420 1518 πόντῳ
1446 1424 1732 1513 νήσοισι.

499 1593 734 1644 fluminis
746 1597 899 1658 parte
915 1591 1339 1658 profundissima
1354 1584 1438 1656 (ἐν
1450 1582 1586 1657 βόσ-

505 1676 615 1730 σφς
658 1678 785 1713 nos:
819 1666 881 1714 in·
928 1661 1204 1727 malma).

570 1761 666 1815 καὶ
700 1761 844 1815 ἕλκει
882 1756 987 1828 τὴν
1011 1760 1196 1831 βᾶριν]
1223 1761 1586 1813 Herodoteam

502 1835 570 1885 ‹le
604 1836 819 1886 nomine
845 1834 1115 1899 Aegyptio
1151 1833 1587 1884 observationem

500 1905 647 1955 haud
712 1904 871 1970 pauci
926 1908 1168 1954 veterum
1231 1901 1587 1967 comprobant

503 1974 711 2040 ipsique
750 1973 1106 2033 recentiores,
1154 1970 1375 2036 linguae
1411 1972 1587 2036 Aegy-

397 2040 410 2050 ’
502 2045 653 2107 ptiae
683 2043 861 2107 periti,
888 2042 1038 2093 bar-in
1062 2041 1450 2105 Aegyptiorum
1478 2055 1589 2090 ser-

502 2127 661 2161 mone
705 2114 947 2173 navr‘ffl‘um
998 2125 1066 2160 ac
1109 2119 1267 2159 ratem
1307 2110 1414 2159 dici
1462 2124 1588 2159 con·

503 2180 736 2229 firmant.
808 2180 947 2229 Vide
982 2177 1207 2228 Diodor.
1231 2176 1398 2228 Sicul.
1425 2178 1469 2239 1,
1495 2178 1584 2227 96.

503 2248 769 2299 Herodot.
789 2247 846 2297 ΙΙ
863 2283 877 2309 ,
902 2249 962 2296 41
977 2284 990 2298 .
1019 2246 1275 2310 Aeschyli
1294 2248 1447 2297 Pers.
1466 2245 1586 2307 559,

505 2318 599 2368 ubi
648 2316 785 2366 alios
839 2322 894 2366 et
944 2314 1199 2379 Aeschyli
1250 2320 1304 2365 et
1359 2315 1588 2365 aliorum

504 2388 834 2437 Graecorum
855 2384 1178 2450 scriptorum
1206 2382 1354 2433 locos
1377 2384 1487 2433 iam
1508 2390 1591 2433 at-

503 2455 631 2506 tulit
650 2453 934 2505 Blomfield
955 2454 1011 2503 in
1037 2452 1332 2504 GlossariO.
1372 2452 1451 2511 Ac
1472 2452 1588 2517 plu-

505 2541 568 2575 ra
628 2524 780 2574 dabit
834 2523 1164 2575 Valckenar.
1236 2523 1293 2572 in
1349 2523 1583 2588 Opuscc.

504 2593 712 2661 philon.
774 2594 920 2644 critt.
980 2596 1142 2643 oratt.
1194 2591 1368 2657 (Lips.
1434 2590 1584 2657 1808)

505 2665 551 2716 1.
589 2681 644 2731 p.
677 2662 776 2715 143
794 2679 968 2728 seqq„
995 2677 1137 2727 quae
1173 2662 1319 2726 typis
1355 2662 1589 2726 repetita

508 2738 636 2785 sunt
666 2735 722 2783 in
759 2732 974 2798 Anglie.
1027 2730 1155 2780 edit.
1193 2729 1432 2781 thesaur.
1471 2731 1588 2781 Ste

506 2803 670 2869 phan.
710 2802 754 2853 1.
794 2818 849 2866 p.
886 2799 1201 2851 cccxxn.
1241 2815 1390 2866 seqq.
1459 2798 1587 2849 vid.

508 2887 724 2936 quoque
780 2869 1060 2920 lablonsk.
1114 2883 1268 2919 vocc.
1325 2871 1587 2933 Aegyptt.

509 2955 637 3004 pag.
684 2939 772 2989 49.
822 2939 920 3001 50,
989 2936 1292 3001 Champoll.
1339 2937 1586 3002 l'Egypt.

510 3023 640 3057 sous
683 3005 722 3057 l.
760 3006 923 3056 Phar.
981 3005 1057 3055 11.
1102 3021 1229 3070 pag.
1279 3006 1381 3055 202
1433 3018 1587 3069 seqq.

511 3076 635 3127 coll.
674 3073 1061 3139 Wyttenbach.
1098 3073 1169 3122 ad
1204 3073 1351 3124 Plut.
1389 3074 1584 3125 Moral.

512 3144 593 3207 11,
639 3146 685 3196 1.
724 3159 778 3208 p.
821 3143 939 3205 194,
977 3142 1046 3204 α’,ᾱ
1087 3157 1226 3208 qnae
1267 3144 1387 3207 ipsa
1420 3144 1588 3207 respi-

508 3215 657 3264 ciens
692 3210 898 3264 Bohlen
936 3213 1073 3275 (Das
1121 3211 1233 3261 alte
1278 3209 1469 3262 Indien
1504 3211 1584 3262 11.

508 3300 562 3350 p.
613 3283 717 3335 460
768 3281 909 3347 seq.)
966 3280 1122 3331 affert
1179 3280 1591 3342 Sanam-itanum

511 3354 701 3403 bharas
747 3366 780 3401 a
817 3350 955 3414 bhv-1⁰,
1004 3350 1150 3415 quod
1194 3349 1379 3401 valeat
1419 3350 1587 3414 serre.

508 3422 815 3473 Uhlemann
853 3418 1144 3484 (Philolog.
1185 3420 1421 3486 Aegypt.
1460 3435 1591 3485 pag.

514 3491 626 3556 31),
647 3493 740 3557 qui
761 3490 1045 3554 Copticam
1067 3504 1255 3539 vocem
1274 3490 1393 3541 bari
1416 3488 1591 3553 affert,

511 3577 577 3611 ex
598 3562 929 3612 Ebraeorum
949 3559 1136 3625 lingua
1136 3559 1357 3657 (5735
1381 3559 1591 3608 averbo

508 3661 634 3731 ηιξ
671 3644 991 3712 transm-edi)
1030 3644 1180 3695 vocis
1214 3624 1477 3708 originem
1513 3659 1594 3694 re·

510 3736 692 3795 petere
737 3729 968 3790 mavult;
1016 3729 1278 3780 Rosellini
1323 3729 1593 3794 (Monam.

510 3800 659 3851 civil.
707 3799 815 3851 ΙΙΙ.
863 3815 990 3864 pag.
1032 3799 1129 3850 147
1186 3797 1360 3864 seqq.)
1399 3813 1591 3848 navem

511 3867 629 3917 vult
672 3867 1061 3933 Aegyptiorum
1115 3882 1362 3918 sermone
1408 3867 1594 3916 vocari

509 3936 576 3986 ba
626 3951 672 3986 s.
720 3937 853 3995 baa,·
910 3936 1027 3986 bart·
1070 3951 1264 3986 navem
1316 3935 1423 3985 dici
1477 3936 1593 3986 Soli

510 4011 902 4056 consecratam.
959 4005 1223 4070 Equidem
1250 4004 1316 4054 de
1338 4003 1422 4053 his
1447 4002 1593 4054 haud

511 4074 824 4124 decernam:
898 4088 1083 4123 vocem
1141 4075 1315 4137 ipsam
1369 4072 1593 4124 Graecis

510 4143 657 4193 haud
691 4143 932 4207 ignotam
967 4140 1137 4192 fuisse
1183 4143 1345 4193 docet
1377 4148 1594 4206 praeter

512 4211 653 4262 alios
704 4209 1032 4274 Aeschylus,
1090 4210 1182 4275 qui
1232 4211 1421 4276 Suppl.
1467 4212 1588 4261 880.

509 4276 825 4344 Αἰγυπτίαν
839 4276 1007 4346 βᾶριν
1019 4278 1179 4329 dixit:
1198 4294 1428 4344 quocum
1442 4280 1591 4330 conf.

511 4349 756 4414 Euripid.
795 4348 1040 4414 Iphigen.
1080 4347 1201 4400 Aul.
1229 4348 1354 4399 287.
1424 4348 1489 4397 Ιιι
1515 4348 1593 4413 pi·

1841 1425 1921 1496 τά
1946 1426 2072 1514 μὲν
2114 1425 2244 1516 γὰρ
2284 1424 2454 1496 ἄλλα
2495 1431 2613 1515 τῆς
2642 1430 2764 1494 Αί-

1688 1593 1859 1643 cturis
1936 1592 2248 1659 Aegyptiis,
2312 1591 2500 1657 quales
2566 1590 2775 1656 grande
2821 1614 2827 1619 -

1689 1662 2070 1727 descriptionis
2093 1661 2328 1727 Aegypti
2347 1678 2482 1726 opus
2506 1662 2774 1725 continet,

1686 1731 1995 1782 huiusmodi
2027 1746 2196 1781 naves
2224 1732 2469 1796 conspici
2493 1730 2631 1781 bene
2657 1745 2777 1780 mo·

1688 1806 1781 1850 net
1816 1801 2049 1851 Heeren.
2093 1800 2260 1851 Ideen
2297 1808 2401 1851 etc.
2440 1800 2516 1863 H,
2555 1803 2605 1851 2.
2639 1815 2771 1865 pag.

1689 1869 1820 1930 :3743
1859 1871 2004 1922 conf.
2036 1868 2112 1935 pl.
2136 1870 2360 1921 68-71.
2412 1870 2498 1919 Τιι
2514 1870 2637 1920 vid.
2663 1869 2776 1918 De-

1689 1939 1952 2004 scription
1985 1938 2052 1989 de
2085 1939 2329 2005 l’Egypt.
2349 1938 2456 1989 vol.
2491 1939 2568 1990 11.
2605 1936 2778 2002 (The-

1687 2008 1806 2072 bes)
1859 2024 1987 2074 pag.
2038 2009 2105 2059 55
2153 2023 2267 2074 seq.
2314 2010 2401 2059 57.
2457 2007 2544 2059 63.
2617 2005 2776 2057 Alias

1688 2092 1903 2142 quoque
1948 2077 2096 2127 baris
2141 2076 2352 2127 indicat
2396 2076 2676 2142 navigium
2724 2092 2773 2126 s.

1689 2146 1938 2210 cymbam
1958 2161 2023 2196 ex
2059 2161 2266 2211 papyro
2287 2162 2335 2197 s.
2355 2147 2621 2197 arundine
2646 2160 2777 2195 con-

1688 2219 1921 2278 textam,
1961 2215 2151 2281 quales
2186 2230 2353 2265 naves
2391 2220 2505 2265 tum
2543 2214 2671 2265 olim
2716 2215 2775 2263 in

1688 2285 1938 2350 Aegypto
1974 2285 2313 2350 frequentes,
2350 2289 2465 2334 tum
2504 2283 2777 2349 hodieque

1686 2353 1746 2402 iu
1767 2354 2058 2418 Aethiopia
2072 2354 2309 2404 usitatas
2335 2368 2457 2405 esse
2466 2358 2779 2403 monstrant

1689 2437 1723 2471 a
1742 2423 1973 2474 Gesenio
1999 2422 2281 2486 disputata
2294 2423 2367 2473 ad
2383 2424 2546 2473 lesui.
2562 2422 2777 2483 xvnl,

1690 2493 1742 2541 2.
1783 2507 1908 2558 pag.
1950 2494 2068 2543 577.
2128 2492 2307 2558 Atque
2344 2493 2508 2542 etiam
2530 2493 2778 2543 Ritterus

1692 2560 1883 2624 (Erdk.
1924 2562 1971 2613 Ι.
2008 2576 2062 2625 p.
2101 2561 2227 2624 881)
2264 2562 2321 2610 in
2355 2561 2517 2611 huius
2550 2561 2657 2612 loci
2691 2576 2779 2610 ar-

1689 2635 1944 2694 gumento
1980 2645 2045 2680 eo
2082 2631 2257 2695 magis
2289 2630 2652 2681 insistendum
2679 2645 2779 2694 pu-

1692 2703 1793 2760 tat,
1832 2715 1938 2764 quo
1959 2701 2161 2749 certius
2181 2698 2305 2749 inde
2332 2698 2566 2764 intelligi
2590 2706 2777 2764 queat,

1692 2774 1899 2832 quanta
1934 2769 2275 2834 navigiorum
2302 2767 2607 2834 frequentia
2633 2780 2780 2819 com·

1690 2837 1946 2888 mercium
1982 2837 2212 2887 interius
2233 2852 2330 2902 per
2347 2839 2656 2903 Aegyptum
2682 2838 2780 2887 flo-

1689 2906 1888 2969 ruerit,
1912 2905 2085 2972 quale
2114 2906 2207 2956 vix
2238 2907 2360 2957 aliis
2393 2908 2449 2956 in
2469 2908 2653 2969 Asiae,
2690 2907 2779 2957 Si-

1689 2990 1793 3025 nae
1863 2981 2029 3041 atque
2094 2974 2283 3026 Indiae
2356 2976 2536 3027 fluviis
2599 2975 2779 3025 simile

1689 3043 1985 3125 quidquam
2022 3060 2079 3094 re
2120 3045 2342 3095 eriatur.

1762 3111 1857 3163 καὶ
1900 3104 2023 3177 ἄγει
2102 3127 2198 3162 νια
2254 3104 2464 3170 πολλὰς
2518 3104 2780 3177 χιλιάδας

1688 3173 1996 3247 ταλάντων]
2041 3183 2197 3231 Haec
2244 3197 2372 3232 num
2418 3197 2545 3232 vere
2591 3180 2780 3231 dican-

1693 3257 1808 3312 tur,
1860 3251 2078 3302 dubitat
2133 3249 2462 3301 Wilkinson.
2516 3250 2778 3300 Manners

1692 3321 1936 3373 otc.111.
1963 3336 2015 3385 p.
2035 3321 2149 3382 188,
2173 3335 2293 3369 cum
2322 3324 2534 3370 tantum
2564 3318 2777 3384 pondus

1695 3388 1855 3440 istius
1891 3390 2035 3441 modi
2084 3403 2253 3439 naves
2300 3388 2456 3442 ferre.
2482 3395 2776 3454 nequeant.

2036 3557 2170 3610 Cu».
2206 3559 2430 3611 XCVII.
2500 3556 2509 3563 ”

1755 3650 1966 3709 Ἐπεὰν
2011 3651 2070 3708 δ’
2110 3651 2324 3727 ἐπέλθῃ
2364 3652 2394 3711 ὁ
2430 3660 2639 3718 Νεῖλος
2670 3653 2781 3726 τὴν

1693 3720 1922 3858 {fwffiq’
1929 3731 2040 3850 ξε.
2049 3729 2216 3781 verbo
2253 3723 2782 3847 ἐπέρχεσθαιιοοιιί.

1695 3866 1811 3915 tino
1847 3814 2063 3931 repolgui
2078 3804 2220 3918 ῃοῗιὶι
2240 3800 2490 3921 regna.
2493 3799 2614 3918 86(Ξί
2623 3815 2782 3918 ‚⁰2³2-

1694 3933 1834 3997 λιες,
1871 3936 2012 3986 idem
2048 3936 2104 3985 iu
2141 3953 2295 4002 seqq.
2330 3951 2361 3987 e
2397 3937 2673 3988 Sancroft.
2711 3937 2783 3986 li—

1694 4003 1790 4055 bro
1829 4004 1978 4065 dedi3
2018 4006 2129 4056 vid.
2168 4005 2403 4056 Brodov.
2439 4022 2493 4070 p.
2531 4006 2656 4057 266.

1764 4041 2028 4152 ἐμφερέες
2064 4072 2193 4140 τῇσι
2214 4067 2275 4123 ἐν
2299 4071 2379 4140 τῷ
2400 4069 2613 4141 Αἰγαίω
2639 4065 2783 4123 πόν-

1651 4142 1659 4149 ’
1693 4156 1770 4207 τῳ
1806 4135 2055 4209 νήσοισι]
2078 4143 2240 4193 Paria
2272 4147 2491 4193 exstant
2519 4143 2665 4208 apud
2684 4144 2784 4194 Di-

1694 4210 1845 4261 odor.
1884 4212 1928 4274 I,
1966 4212 2051 4263 36.
2134 4213 2312 4277 Atque
2356 4212 2463 4262 iam
2500 4212 2644 4278 apud
2698 4212 2783 4263 Ie·

1694 4280 1865 4329 seiam
1910 4280 2057 4344 XIX,
2104 4283 2137 4331 5
2173 4280 2330 4332 Nilus
2377 4280 2783 4333 indeWocatur

1692 4363 1858 4411 mare3
1897 4364 2054 4414 quem
2091 4350 2162 4400 ad
2189 4350 2367 4400 locum
2393 4349 2619 4415 aliorum
2650 4352 2784 4401 scri-
