3109 5092
1334 370 1589 432 CLIO.
1638 372 1686 430 I.
1736 377 1805 433 74

2603 380 2719 440 165

430 545 888 635 συνεστεώσης
914 543 1039 635 τὴν
1064 541 1322 634 ἡμέρην
1350 545 1663 633 ἐξαπίνης
1689 542 1901 614 νύκτα
1927 548 2271 632 γενέσθαι.
2328 547 2452 638 τὴν
2480 552 2556 622 δὲ
2592 582 2712 642 με..

432 649 771 740 ταλλαγὴν
815 648 1069 739 ταύτην
1120 653 1236 737 τῆς
1287 643 1535 736 ἡμέρης
1579 652 1802 736 Θαλῆς
1848 643 1885 716 ὁ
1931 648 2264 739 Μιλήσιος
2320 669 2492 724 τοῖσι
2529 654 2716 728 Ἴωσι

437 754 895 844 προηγόρευσε
927 759 1239 837 ἔσεσθαι,
1279 743 1489 840 οὖρον
1514 753 1932 839 προθέμενος
1969 752 2284 823 ἐνιαυτὸν
2323 763 2596 845 τοῦτον,
2641 758 2718 831 ἐν

344 866 415 920 37
436 848 488 950 ᾧ
536 855 619 946 δὴ
650 860 763 926 καὶ
808 852 1075 944 ἐγένετο
1120 850 1162 943 ἡ
1204 853 1562 944 μεταβολή.
1639 859 1710 922 oc
1745 854 1819 924 δὲ
1859 861 2086 927 Λυδοί
2113 885 2186 927 τε
2226 860 2338 927 καὶ
2383 865 2454 929 οἱ
2484 868 2719 949 Μῆδοι

437 958 588 1031 ἐπεί
636 988 707 1031 τε
764 959 952 1030 εἶδον
999 957 1211 1029 νύκτα
1264 954 1415 1027 ἀντὶ
1469 951 1720 1046 ἡμέρης
1771 961 2167 1048 γινομένην,
2220 965 2337 1049 τῆς
2388 962 2600 1053 μάχης
2645 994 2718 1035 τε

438 1060 849 1147 ἐπαύσαντο,
909 1064 1020 1133 καὶ
1072 1060 1331 1152 μᾶλλόν
1383 1088 1445 1129 τι
1503 1066 1841 1130 ἔσπευσαν
1882 1064 1993 1131 καὶ
2030 1059 2398 1152 ἀμφότεροι
2442 1066 2720 1157 εἰρήνην

438 1170 742 1238 ἑωυτοῖσι
797 1169 1142 1255 γενέσθαι.
1215 1170 1285 1234 οῖ
1323 1163 1399 1234 δὲ
1444 1162 1983 1252 συμβιβάσαντες
2035 1162 2283 1246 αὐτούς
2324 1158 2498 1256 ἦσαν
2550 1175 2717 1257 οἵδε,

437 1272 810 1351 Συέννεσίς
836 1298 908 1339 τε
936 1266 971 1338 ὁ
1000 1270 1195 1349 Κίλιξ
1224 1270 1335 1337 καὶ
1365 1263 1825 1356 Λαβύνητος’
1793 1296 1828 1336 ο
1855 1267 2326 1355 Βαβυλώνιος·
2381 1261 2576 1342 οὗτοί
2595 1295 2718 1363 σφι

435 1375 547 1443 καὶ
572 1372 665 1443 τὰ·
673 1402 906 1462 ορκιον
931 1377 1002 1443 οἰ
1031 1371 1445 1451 σπεύσαντες
1480 1361 1871 1458 γενέσθαι
1829 1392 2038 1460 ησαν,
2085 1374 2197 1442 καὶ
2235 1372 2471 1463 γάμων
2508 1373 2713 1447 ἐπαλ-

436 1474 649 1566 λαγὴν
693 1474 1051 1565 εποίησαν·
1115 1473 1476 1545 Ἀλυάττεα
1513 1502 1642 1561 γαρ
1694 1479 2002 1561 ἔγνωσαν
2052 1481 2290 1547 δοῦναι
2329 1505 2456 1567 την
2493 1491 2713 1568 θυγα-

436 1582 594 1668 τέρα
630 1577 950 1669 Ἀρύηνιν
980 1575 1334 1664 Ἀστυάγει·
1355 1583 1446 1670 τῷ
1474 1576 1844 1665 Κυαξάρεω
1876 1582 2087 1647 παιδί.
2141 1577 2310 1650 ἄνευ
2346 1579 2475 1669 γὰρ
2504 1581 2712 1672 άναγ-
2773 1599 2780 1606 ’

435 1690 629 1772 καίης
686 1688 965 1772 ἰσχυρῆς
1019 1680 1385 1770 συμβάσιες
1439 1682 1704 1767 ἰσχυραὶ
1763 1676 1887 1750 οὐκ
1946 1676 2260 1752 ἐθέλουσι
2329 1689 2713 1773 συμμένειν.

431 1849 584 1915 lipss.
647 1867 697 1916 p.
757 1850 880 1902 784.
935 1848 1059 1899 coll.
1119 1849 1419 1899 Hermann.
1468 1848 1525 1896 in

432 1921 577 1971 Dias,
630 1921 694 1972 de
740 1919 1054 1970 Pleonasm.
1112 1922 1167 1969 et
1223 1917 1416 1981 Ellips.
1467 1917 1524 1965 in

430 1990 613 2040 Wolfii
656 1992 800 2040 Mus.
855 1990 1002 2039 stud.
1052 1987 1260 2052 antiqq.
1311 1988 1359 2037 I.
1396 2001 1520 2051 pag.

434 2059 554 2111 195.
610 2060 750 2110 Add.
808 2059 1012 2109 Herod.
1073 2057 1231 2108 VIII.
1286 2057 1368 2107 15.
1439 2057 1524 2106 De

433 2115 604 2179 fofhia
676 2120 1060 2192 συνεστεώσης
1120 2126 1302 2177 omnia
1370 2122 1525 2175 dabit

427 2199 664 2250 Bredov.
700 2215 752 2263 p.
797 2197 917 2249 399.

500 2288 674 2365 ἦσαν
708 2297 847 2359 orde,
888 2295 1199 2353 Συέννεσις
1238 2312 1296 2346 τε
1348 2286 1378 2345 ὁ
1421 2294 1524 2346 Κί-

426 2367 533 2451 λιξ,
570 2366 667 2420 καὶ
703 2361 1036 2436 Λαβύνητος
1070 2357 1100 2415 ὃ
1140 2358 1521 2430 Βαβυλώνιος]

428 2427 577 2503 ἦσαν
598 2439 913 2505 scripsimus
940 2440 1162 2502 propter
1188 2435 1375 2497 libros,
1393 2451 1524 2500 quo-

429 2525 548 2560 rum
581 2524 723 2559 unus
758 2512 970 2559 tantum
1018 2505 1300 2571 vulgatam
1334 2505 1524 2556 lectio-

430 2595 553 2629 nem
609 2579 679 2628 ab
743 2577 882 2629 Aldo
956 2580 1314 2641 propagatam
1372 2580 1523 2625 tenet

429 2643 459 2695 ἔ
478 2661 601 2696 σαν.
633 2647 757 2697 vid.
798 2647 868 2697 ad
904 2646 950 2707 Ι,
1004 2647 1091 2695 72.
1136 2676 1207 2684 -
1248 2643 1524 2708 δμιιηεείε

429 2733 626 2767 nomen
672 2716 957 2782 dignitatis
1008 2712 1336 2778 titulumque
1384 2714 1523 2763 anti-

430 2787 750 2852 quissimum
801 2785 1025 2836 Ciliciae
1078 2798 1267 2845 regum
1327 2782 1517 2844 videri,

430 2872 538 2922 quo
575 2857 742 2907 etiam
780 2854 1108 2920 posteriores
1140 2852 1301 2903 huius
1340 2858 1519 2903 terrae

428 2941 613 2991 reges,
668 2926 851 2976 Persis
904 2922 1180 2973 tributarii
1222 2922 1382 2984 sacti,
1432 2920 1519 2972 usi

429 2999 577 3055 sunt,
598 3011 742 3045 nunc
761 2996 876 3045 fere
899 3008 1057 3043 nemo
1085 2990 1321 3042 dubitat.
1357 2991 1516 3041 Conf.

429 3064 686 3129 Aeschyl.
727 3065 879 3114 Pers.
906 3063 1026 3112 324.
1064 3060 1314 3125 Xenoph.
1340 3060 1517 3110 Anab.

432 3134 490 3196 1,
540 3134 727 3195 2,12
772 3138 827 3184 et
876 3132 946 3182 ad
980 3134 1282 3194 utrumque
1339 3128 1519 3179 locum

432 3203 771 3267 interpretes,
810 3201 965 3253 Infra
1000 3214 1215 3265 quoque
1248 3199 1387 3260 VII,
1425 3199 1513 3250 98.

430 3271 704 3335 Syennenis
739 3270 896 3333 Cilix,
932 3269 1313 3320 Oromedontis
1352 3267 1515 3331 filius,

432 3343 743 3393 nominatur
809 3342 951 3391 inter
1026 3340 1246 3389 navium
1327 3338 1513 3389 duces.

430 3410 617 3474 Ipsum
653 3426 848 3462 nomen
871 3426 935 3461 ex
970 3408 1297 3459 Phoenicum
1322 3406 1513 3471 lingua

429 3479 724 3531 deductum
770 3479 889 3530 vult
944 3477 1225 3529 Hamaker
1279 3475 1512 3526 Miscell.

424 3566 633 3616 Phoen.
681 3582 733 3630 p.
787 3566 916 3628 214,
959 3564 1188 3614 afferens
1231 3545 1506 3631 ΕΕΠῊἩΞ

426 3650 516 3702 vel
571 3634 840 3719 wassfi
895 3650 1039 3715 quod
1094 3647 1364 3714 significet
1427 3647 1513 3696 Ιιο-

424 3725 599 3771 minum
633 3723 857 3770 salutem.
904 3720 1159 3780 Labyneti
1198 3732 1391 3767 nomen
1428 3716 1515 3764 iti-

427 3791 550 3841 dem
568 3790 865 3852 frequens
848 3805 905 3839 m
937 3787 1235 3853 Babylonis
1266 3785 1513 3851 regibus3

428 3860 501 3910 cf.
541 3860 585 3921 Ι,
634 3860 719 3909 77.
763 3858 881 3910 188.
943 3858 1049 3919 Qui
1093 3858 1198 3908 hoc
1240 3855 1361 3906 loco
1410 3871 1514 3904 me·

425 3934 685 3989 moratur,
738 3943 859 3978 eum
898 3926 1513 3987 Nabuchodonosorum‚

428 3998 524 4062 qui
548 4003 603 4049 et
625 3997 1055 4048 Nebucadnezar
1087 4000 1188 4057 est,
1226 3994 1398 4045 fuisse
1420 4009 1515 4043 no-

427 4071 514 4118 tat
568 4066 996 4132 Wesselingius,
1056 4065 1151 4115 sed
1214 4069 1319 4114 tem
1363 4079 1517 4113 orum

426 4136 666 4187 rationes
705 4137 980 4199 evincunt,
1014 4135 1120 4185 hoc
1151 4133 1274 4184 loco
1350 4148 1380 4182 e
1401 4147 1509 4182 uno

427 4206 865 4269 Nahopalassaw,
904 4220 1064 4269 quem
1090 4204 1319 4263 dicunt,
1364 4202 1511 4265 cogi-

425 4276 535 4326 tari
567 4290 745 4339 posse,
785 4274 878 4340 qui
927 4274 1054 4324 inde
1102 4273 1173 4324 ab
1227 4287 1369 4322 anno
1409 4270 1511 4321 625

426 4360 479 4395 a.
534 4343 659 4394 Chr.
708 4360 762 4393 ιι.
811 4358 985 4408 usque
1033 4343 1105 4393 ad
1163 4356 1365 4392 aunum
1410 4340 1513 4390 604
1583 4381 1590 4387 .

426 4415 566 4482 (quo
622 4412 1050 4464 Nebucadnezar
1096 4411 1384 4473 successit)
1435 4424 1515 4460 re-

1627 1861 1792 1911 gnum
1846 1847 2051 1908 tenuit3
2107 1848 2220 1899 vid.
2264 1848 2505 1915 Hupfeld
2554 1852 2589 1903 S
2593 1869 2714 1917 pec.

1627 1915 1835 1965 Herod.
1868 1914 1914 1964 Ι.
1965 1932 2017 1980 p.
2057 1918 2140 1967 21.
2181 1917 2251 1969 56
2302 1919 2429 1970 coll.
2468 1869 2710 1974 Schultz.

1628 1984 1892 2049 Apparat.
1934 1986 2057 2036 crit.
2095 1987 2253 2051 Spec.
2292 1988 2369 2039 II.
2408 2004 2460 2053 ρ.
2505 1991 2587 2040 17.
2629 1994 2714 2043 De

1627 2054 1747 2118 ipso
1784 2052 1888 2103 hoc
1922 2069 2053 2119 rege
2097 2056 2209 2106 vid.
2257 2057 2322 2107 L.
2368 2058 2589 2123 Georgii
2623 2062 2711 2111 ὶιι.

1625 2123 1802 2189 Pauly
1842 2122 2261 2190 Realencyclop.
2299 2128 2364 2177 V.
2390 2144 2457 2192 p..
2472 2128 2574 2179 303
2599 2146 2712 2196 seq.

1627 2193 1733 2254 Qui
1773 2193 1840 2242 de
1878 2192 2138 2245 Nabonido
2183 2195 2271 2245 bic
2313 2198 2558 2262 cogitare
2603 2215 2715 2250 ma-

1625 2262 1746 2312 lunt
1787 2262 1887 2327 (cs.
1932 2264 2219 2328 Lengerke
2265 2266 2336 2315 ad
2386 2268 2605 2320 Daniel.
2657 2285 2711 2333 p.

1627 2331 1730 2382 206
1767 2346 1918 2396 seqq.
1970 2332 2113 2400 218),
2161 2333 2305 2384 haud
2349 2337 2464 2386 scio
2512 2354 2584 2387 an
2625 2354 2713 2388 eo-

1626 2400 1746 2451 dem
1783 2401 2027 2464 redeant,
2066 2405 2113 2452 si
2151 2403 2365 2468 quidem
2402 2422 2586 2457 verum
2607 2413 2711 2471 est,

1627 2470 1770 2534 quod
1809 2471 2164 2535 contendunt,
2187 2477 2478 2539 utrumque
2513 2492 2711 2528 nomen

1625 2544 1681 2589 et
1732 2538 2008 2589 Nabonidi
2071 2544 2128 2590 et
2190 2541 2462 2607 Labyneti
2521 2545 2710 2596 eodem

1624 2608 1741 2659 fere
1776 2607 1977 2668 redire;
2030 2610 2103 2659 cf.
2150 2609 2468 2661 Grotefend.
2518 2613 2711 2664 Ermu-

1623 2682 1820 2741 terung
1865 2675 2013 2728 einer
2054 2678 2318 2729 Inschrist
2362 2681 2456 2730 des
2502 2680 2709 2732 letzten

1623 2761 1798 2811 assyr.
1856 2745 1984 2796 bab.
2055 2746 2267 2813 Konigs
2324 2764 2424 2799 aus
2482 2750 2710 2802 Nimrud

1622 2814 1959 2881 (Hannover.
2003 2813 2160 2878 1853)
2197 2832 2324 2882 pag.
2367 2818 2449 2869 11.
2488 2819 2628 2869 Nam
2649 2822 2708 2871 in

1623 2887 1870 2935 cuneatis
1917 2884 2361 2949 inscriptionibus
2404 2904 2511 2937 vox
2547 2900 2710 2940 sonat

1620 2955 1880 3004 Nabum’ta
1916 2969 1962 3005 a.
2001 2954 2116 3004 Nab
2153 2971 2252 3005 una
2286 2956 2375 3006 leit.
2435 2957 2559 3008 vid.
2600 2959 2708 3024 Op-

1621 3028 1743 3089 pert
1777 3024 1835 3073 in
1869 3023 2186 3073 Zeitschrist
2223 3024 2276 3076 d.
2314 3027 2574 3092 morgenl.
2600 3029 2704 3080 Ge-

1623 3092 1838 3144 sellsch.
1874 3090 2032 3143 VIII.

1691 3157 1786 3211 καὶ
1819 3153 2014 3225 γάμων
2049 3093 2366 3228 ἐξαλλαγὴν
2400 3154 2704 3230 ἐποίησαν]

1619 3232 1657 3282 i.
1698 3248 1746 3283 e.
1784 3239 1950 3281 mutua
1976 3234 2296 3283 instituenmt
2314 3232 2577 3283 connubia.
2616 3236 2702 3284 Cr.

1619 3300 1832 3352 confert
1866 3300 1933 3350 de
1983 3316 2119 3350 voce
2155 3301 2425 3351 consimili
2473 3291 2706 3350 ἐπάλλα-

1618 3366 1704 3431 ξις
1733 3369 2122 3434 wyttenbach.
2158 3369 2228 3419 ad
2256 3370 2401 3420 Plut.
2431 3368 2626 3420 Mor-al.
2656 3370 2702 3432 Ι,

1617 3442 1667 3490 2.
1702 3455 1829 3504 pag.
1871 3438 1993 3501 885,
2032 3437 2125 3487 ubi
2173 3438 2532 3503 explicatur,
2541 3441 2710 3501 ,quasi

1614 3511 1816 3559 mutatio
1846 3522 1945 3569 per
1980 3508 2113 3556 vices
2145 3510 2446 3557 ducatorum
2478 3506 2706 3569 (connu-

1612 3576 1717 3639 bii)
1750 3584 1801 3626 et
1841 3584 2001 3625 mutuo
2039 3574 2205 3637 facta.
2216 3575 2252 3602 “
2295 3566 2578 3638 ἀναγκαίη
2616 3590 2706 3624 ex-

1616 3646 1839 3711 ponitur
1873 3660 1907 3695 a
1940 3642 2208 3693 Matthiae
2234 3642 2304 3693 ad
2325 3642 2571 3707 Euripid.
2597 3644 2706 3694 He·

1618 3714 1740 3765 cub.
1787 3713 1909 3765 830.
1968 3728 2094 3778 pag.
2141 3711 2208 3761 97
2265 3714 2570 3771 necessitas,
2629 3716 2704 3763 vis

1612 3784 1847 3850 qram'eer
1878 3797 2075 3862 cogens.
2111 3812 2182 3821 —
2220 3781 2304 3832 Ad
2341 3783 2568 3832 formam
2614 3783 2703 3832 Io-

1617 3853 1798 3903 nicam
1844 3842 2144 3918 συμβάσιες
2188 3851 2299 3901 vid.
2353 3851 2513 3916 plura
2557 3852 2702 3916 apud

1618 3922 1852 3973 Bredov.
1940 3921 2122 3975 .263.
2167 3920 2438 3972 Stobaeus
2503 3918 2698 4001 (Ser-m.

1619 3992 1704 4052 28,
1746 3991 1830 4043 17.
1869 4007 1922 4059 p.
1965 3990 2060 4041 197
2106 3990 2296 4056 Gesn.)
2345 4006 2442 4056 pro
2490 3983 2701 4055 συμβά-

1625 4074 1738 4117 σιες
1786 4060 2003 4111 exhibet
2041 4059 2273 4117 πίστιες.
2340 4059 2490 4110 Idem
2535 4060 2703 4110 etiam

1614 4130 1771 4181 affert
1789 4130 2035 4196 Apostol.
2067 4129 2224 4180 Ceut.
2263 4129 2338 4192 11,
2376 4130 2462 4179 87.
2500 4126 2590 4188 (Τ.
2616 4127 2696 4179 ΙΙ.

1614 4217 1667 4265 p.
1704 4200 1806 4251 285
1856 4200 1940 4251 ed.
1992 4198 2275 4264 Leutsch.)
2332 4197 2455 4250 coll.
2504 4198 2699 4247 Arsen.

1687 4307 1793 4387 οὐκ
1843 4327 2105 4386 ἐθέλουσι
2166 4331 2492 4398 συμμένειν]
2548 4332 2588 4383 i.

1615 4422 1713 4457 non
1760 4409 1971 4458 solent
2016 4407 2166 4468 firma
2218 4418 2420 4453 manere
2468 4400 2697 4467 (pacta).
