3109 5092
1075 354 1571 413 EU'PERPE.
1615 352 1700 413 11.
1746 362 1864 416 123.

2488 348 2612 409 703

342 532 512 610 ζῶον
550 526 684 595 αἰεὶ
724 524 1086 614 γινόμενον
1130 525 1473 595 ἐσδύεται·
1543 521 1751 594 ἐπεὰν
1793 523 1870 593 δὲ
1913 527 2242 615 περιέλθῃ
2280 521 2498 591 πάντα
2539 521 2622 591 τὰ

340 726 466 789 τος)
498 727 714 792 prolata
762 732 910 777 recte
959 726 1264 792 intelligere
1297 726 1428 777 veli-

343 811 481 859 mus,
495 797 766 848 docebant
778 798 1051 861 Aegyptii,
1066 802 1197 858 tum,
1213 797 1429 862 quando

342 881 539 931 corpus
594 866 813 931 (morte)
879 866 1241 928 dissolvatur,
1310 867 1429 931 ipso

345 936 512 1001 igitur
562 935 940 986 dissolutionis
988 951 1034 986 s.
1073 936 1262 985 mortis
1299 941 1431 985 tem·

343 1021 501 1070 pore,
545 1007 732 1055 statim
768 1006 825 1054 in
859 1005 1008 1054 aliud
1046 1005 1281 1055 transire
1317 1020 1432 1055 cor-

345 1090 476 1139 puS,
524 1090 700 1141 neque
734 1074 838 1125 hoc
886 1080 1001 1124 tum
1040 1074 1253 1124 demum
1293 1074 1429 1135 fieri,

344 1144 561 1209 quando
596 1159 795 1208 corpus
839 1145 944 1194 rite
992 1143 1266 1195 conditum
1307 1148 1433 1209 post

347 1214 544 1264 multos
596 1229 770 1264 annos
825 1213 1237 1278 seculorumque
1295 1214 1431 1264 adeo

345 1284 632 1333 decursum
661 1283 827 1334 fuerit
852 1282 1193 1334 dissolutum.
1233 1283 1432 1333 Moneo

344 1358 567 1418 propter
601 1354 835 1417 Zoegam
871 1352 908 1404 l.
942 1353 979 1403 l.
1006 1368 1134 1418 pag.
1170 1353 1273 1404 310
1303 1351 1431 1404 coll.

347 1423 472 1485 204,
510 1424 604 1487 qui
630 1422 898 1473 Herodoti
916 1422 1084 1472 verba
1112 1420 1215 1471 τοῦ
1247 1416 1432 1486 σώμα-

344 1505 444 1548 τος
479 1489 947 1555 καταφθίνοντος
987 1492 1054 1541 de
1097 1506 1311 1554 cor-pore
1357 1492 1433 1541 di—

344 1564 490 1623 lapso
543 1566 598 1610 et
643 1566 693 1612 in
740 1563 935 1611 cineres
980 1562 1224 1612 dissoluto
1270 1559 1434 1610 intel-

342 1630 442 1696 ligi
467 1631 643 1681 voluit
668 1645 895 1695 eamque
923 1630 1050 1680 inde
1082 1632 1255 1681 fuisse
1278 1630 1432 1694 vulgi

345 1701 600 1765 Aegyptii
648 1700 955 1765 opinionem
1004 1701 1228 1750 statuit:
1278 1701 1431 1762 „ani-

346 1784 488 1820 mam
537 1786 648 1820 non
690 1770 839 1834 prius
895 1784 1056 1834 quam
1100 1770 1270 1835 priori
1317 1784 1433 1820 cor·

345 1854 476 1904 pore
511 1844 765 1903 corrupto
792 1845 966 1904 atque
984 1839 1235 1889 absumto
1273 1838 1342 1887 ab
1367 1853 1430 1887 eo

345 1909 626 1958 discedere
661 1916 825 1974 atque
859 1907 930 1957 ad
964 1908 1100 1959 illud
1137 1908 1431 1959 transire.“

348 1979 503 2040 Quae
551 1979 727 2028 citans
769 1978 1072 2028 Heerenius
1116 1979 1303 2040 (Ideen
1350 1978 1430 2039 11,

346 2052 398 2098 2.
448 2063 574 2113 pag.
629 2047 757 2107 193)
805 2048 920 2098 iure
978 2047 1217 2098 dubitari
1270 2061 1432 2111 posse

347 2123 564 2178 censet3
596 2131 772 2182 neque
805 2119 948 2168 enim
981 2116 1215 2183 intelligi
1248 2131 1430 2181 posse,

347 2186 616 2252 quomodo
652 2187 710 2236 in
745 2187 1010 2237 eiusmodi
1059 2186 1286 2251 popule,
1339 2186 1434 2251 qui

349 2257 765 2307 accuratissima
813 2256 1143 2321 pollinctum
1197 2259 1432 2306 mortuo-

347 2341 465 2375 rum
504 2325 773 2376 cadavera
817 2340 1113 2392 perennare
1153 2326 1210 2375 in
1247 2340 1434 2391 perpe-

349 2400 502 2444 tuum
539 2395 807 2457 effecerit,
843 2396 1012 2461 igitur
1052 2395 1130 2444 ibi
1165 2395 1431 2461 quomodo

350 2464 616 2515 eiusmodi
650 2465 836 2529 opinio
881 2464 1125 2514 invalere
1170 2465 1430 2528 potuerit.

349 2532 606 2584 Pluribus
642 2534 777 2584 haec
813 2535 1075 2584 tractavit
1103 2533 1351 2585 Creuzer.
1378 2534 1434 2582 in

347 2602 734 2653 commentatt.
761 2604 1003 2654 Herodd.
1039 2621 1095 2669 p.
1125 2603 1229 2655 319
1263 2619 1436 2669 seqq.,

351 2674 504 2723 cuius
540 2673 866 2723 sententiam
904 2673 969 2723 de
1017 2673 1160 2723 omni
1195 2673 1298 2723 hac
1334 2676 1436 2722 Ae-

347 2744 657 2807 gyptiorum
702 2742 952 2794 doctrina
993 2742 1050 2792 in
1085 2744 1333 2793 Excursu
1366 2741 1437 2792 ad

348 2812 402 2861 h.
441 2811 476 2862 l.
516 2813 649 2878 ipsis
685 2812 942 2862 Oreuzeri
988 2811 1170 2862 verbis
1209 2811 1435 2877 protuli-

350 2895 486 2931 mus.
560 2881 717 2944 Quod
747 2882 818 2931 ad
851 2880 1058 2947 reliqua
1083 2883 1302 2946 attinet,
1342 2896 1435 2945 po-

347 2951 492 3001 tiora
524 2950 629 3001 huc
652 2951 1069 3001 transferamus.
1142 2950 1434 3017 Progredi-

350 3025 440 3069 tur
474 3018 566 3070 ille
595 3036 624 3069 e
658 3020 779 3071 loco
819 3021 1024 3083 Servii,
1063 3021 1154 3086 qui
1189 3019 1282 3086 (ad
1315 3020 1433 3071 Vir.

349 3087 446 3154 gil.
484 3091 619 3140 Aen.
670 3091 778 3152 111,
814 3091 905 3156 68)
953 3091 1096 3139 inter
1141 3090 1255 3140 alia
1300 3090 1434 3140 haec

349 3173 562 3225 quoque
583 3160 852 3224 disputat:
890 3160 1192 3225 Aegyptios
1211 3160 1436 3210 condita

351 3228 555 3278 diutius
591 3244 872 3280 reservare
905 3229 1203 3291 cadavera,
1239 3236 1300 3278 ut
1321 3230 1434 3279 ani-

352 3312 440 3346 ma
473 3298 643 3350 multo
678 3305 917 3364 tempore
948 3297 1204 3364 perduret
1229 3303 1284 3348 et
1319 3315 1437 3348 cor-

350 3366 469 3432 pori
508 3368 582 3417 sit
617 3368 881 3431 obnoxia,
917 3383 1018 3417 nec
1049 3368 1158 3418 cito
1196 3367 1266 3417 ad
1296 3369 1433 3418 alios

350 3441 618 3487 transeat.
659 3437 951 3502 Subiungit
976 3437 1061 3488 Cr.
1107 3437 1435 3487 Tertulliani

348 3505 528 3555 locum
574 3504 640 3555 de
687 3507 870 3555 anima
912 3521 1035 3570 cap.
1087 3505 1171 3557 33.
1223 3523 1277 3571 p.
1330 3504 1435 3556 288

351 3589 464 3640 seq.
505 3574 687 3640 ibique
731 3575 864 3625 haec
902 3575 1195 3640 praecipue
1238 3575 1432 3626 verba:

355 3680 389 3708 ,‚
409 3681 421 3694 .
448 3679 460 3693 .
487 3680 501 3693 .
531 3644 675 3709 quod
711 3648 767 3694 et
789 3644 1093 3695 Mercurius
1132 3645 1436 3710 Aegyptius

351 3713 534 3777 novit,
573 3714 758 3764 dicens
799 3715 1036 3765 animam
1071 3713 1371 3779 digressam
1404 3729 1438 3764 a

354 3798 580 3848 corpore
638 3799 749 3833 non
811 3783 1026 3835 refundi
1088 3784 1144 3832 in
1202 3784 1437 3834 animam

351 3854 609 3917 universi,
643 3854 738 3904 sed
762 3868 982 3904 manere
1003 3854 1436 3916 determinatam,

352 3923 436 3972 uti
468 3923 764 3986 rationem,
810 3923 1015 3989 inquit,
1062 3924 1208 3989 patri
1246 3924 1440 3974 reddat

354 4006 565 4055 eorum,
603 4008 743 4056 quae
790 3993 847 4042 in
882 4008 1106 4057 corpore
1144 3994 1435 4057 gesserit.“

353 4060 514 4110 Unde
549 4060 859 4123 edocemur,
909 4062 1210 4126 Aegyptios
1257 4063 1440 4113 condi-

355 4129 467 4178 isse
502 4129 799 4193 cadavera,
846 4130 1100 4195 quoniam
1138 4133 1440 4182 determina-

359 4206 459 4249 tam
504 4196 763 4248 volebant
819 4213 1133 4263 permanere
1182 4201 1438 4252 animam.

356 4268 437 4318 Ac
494 4268 690 4317 statuit
736 4269 821 4320 Cr.
878 4266 1075 4332 duplex
1133 4270 1439 4335 antiquitus

358 4338 576 4387 omnino
623 4338 682 4385 in
737 4338 988 4402 Aegypto
1041 4338 1211 4389 fnisse
1269 4353 1440 4403 genus

357 4406 659 4469 hominum3
705 4407 933 4457 alterum
977 4406 1322 4458 sacerdotum
1357 4406 1439 4457 id-

1532 742 1640 793 que
1682 726 1888 777 cultum
1934 733 1991 777 et
2038 726 2336 788 eruditum,
2391 725 2623 774 alterum

1532 797 1909 862 pastoritium,
1966 796 2130 860 idque
2180 794 2315 844 rude
2361 801 2418 844 et
2450 796 2624 844 incul-

1532 873 1666 930 tum,
1691 865 2010 932 vulgaribus
2032 864 2509 929 superstitionibus
2535 864 2626 913 de·

1534 936 1737 998 ditum,
1774 935 1919 1001 quod
1954 935 2081 984 inde
2114 950 2221 984 nou
2252 935 2492 1000 potuerit
2512 949 2621 983 non

1534 1006 1772 1056 animum
1796 1006 2087 1054 humanum
2113 1018 2337 1068 corpore
2366 1003 2622 1068 quodam-

1540 1075 1702 1125 modo
1748 1077 2118 1139 mancipatum
2164 1074 2479 1124 existimare
2526 1073 2623 1122 ob-

1537 1146 1891 1210 noxiumque,
1940 1145 2023 1194 ita
2062 1148 2151 1205 ut,
2199 1144 2247 1193 si
2282 1158 2391 1193 non
2425 1158 2622 1207 usque-

1537 1229 1754 1280 quaque
1802 1214 2039 1264 animam
2089 1214 2313 1264 interire
2347 1212 2621 1262 existima-

1537 1290 1622 1333 ret
1663 1299 1888 1348 corpore
1937 1283 2150 1347 dilapso
2206 1288 2263 1333 et
2308 1282 2367 1332 in
2411 1282 2620 1331 cineres

1535 1353 1830 1414 dissoluto,
1880 1368 2078 1418 vagam
2135 1358 2315 1403 tamen
2353 1366 2418 1401 ac
2454 1366 2622 1416 prope

1534 1423 1740 1473 nullam
1771 1423 2060 1486 imaginem
2090 1423 2473 1485 notionemque
2507 1421 2624 1470 ani-

1537 1508 1658 1542 mae
1685 1508 1719 1542 a
1752 1506 1977 1555 corpore
2012 1493 2293 1541 seiunctae
2324 1495 2379 1541 et
2403 1489 2472 1540 ab
2506 1492 2622 1541 eius

1535 1562 1761 1612 s‘ervitio
1796 1561 2002 1611 liberae
2037 1562 2142 1610 sibi
2178 1561 2475 1612 informare
2498 1575 2623 1624 pos·

1533 1636 1636 1681 set.
1708 1632 1863 1681 Haec
1886 1632 1934 1680 si
1970 1637 2315 1696 reputentur,
2352 1630 2623 1694 simulque

1533 1701 1668 1750 illud
1723 1704 2002 1763 teneatur,
2070 1700 2384 1751 sacerdotes
2440 1701 2621 1764 Aegy-

1532 1771 1679 1835 ptios
1715 1770 1935 1819 novisse
1976 1774 2212 1820 naturae
2254 1771 2366 1819 vim
2402 1769 2619 1834 penitus

1533 1838 1758 1889 vitalem
1794 1854 2073 1904 nunquam
2113 1840 2440 1889 exstinctam
2473 1843 2528 1887 et
2564 1839 2621 1888 in

1533 1908 1804 1959 infinitum
1827 1923 2115 1972 perennem
2130 1946 2143 1971 ,
2182 1913 2348 1974 atque
2370 1923 2489 1958 eam
2513 1908 2620 1958 sibi

1534 1977 1863 2028 sententiam
1915 1977 2343 2043 παλιγγενεσίας
2396 1978 2621 2029 notione

1532 2049 1887 2109 informasse,
1962 2049 2080 2098 veri
2138 2048 2315 2097 simile
2366 2048 2493 2098 inde
2557 2047 2622 2097 fit

1535 2118 1831 2181 Oreuzer0,
1878 2117 2277 2183 Aegyptiorum
2305 2117 2620 2167 sacerdotes

1532 2202 1843 2238 reservasse
1874 2186 1980 2236 sibi
2000 2184 2426 2251 παλιγγενεσίας
2451 2187 2622 2236 subti-

1530 2258 1725 2307 liorem
1761 2261 1926 2322 atque
1961 2257 2311 2307 eruditiorem
2346 2256 2619 2322 quandam

1535 2328 1860 2390 doctrinam,
1889 2342 2030 2391 quae
2043 2327 2114 2377 ad
2131 2327 2367 2378 Graecos
2382 2325 2620 2391 philoso-

1536 2397 1671 2463 phos
1709 2402 1835 2461 post
1882 2398 2249 2461 permanavit;
2302 2412 2422 2446 cum
2463 2395 2621 2461 plebe

1535 2471 1716 2516 autem
1734 2468 2165 2517 communicasse
2176 2466 2434 2531 placitum
2446 2471 2623 2515 trans-

1537 2537 1880 2601 migrationis
1917 2537 2227 2591 animarum
2264 2536 2382 2585 sive
2428 2548 2622 2598 μετεν-

1538 2599 1935 2669 σωματοόσεως.
2006 2607 2168 2655 Hanc
2214 2619 2342 2654 vero
2384 2602 2623 2667 discipli·

1537 2690 1663 2724 nam
1701 2675 1924 2723 mixtam
1951 2678 2412 2738 temperatamque
2440 2677 2625 2736 pasto-

1539 2744 1669 2793 ritia
1728 2744 2110 2808 superstitione
2170 2746 2225 2791 et
2291 2741 2622 2792 sacerdotali

1538 2813 1843 2864 eruditione
1878 2811 2217 2862 Herodotum
2261 2811 2348 2861 hic
2393 2810 2621 2876 prodere

1534 2889 1633 2932 aut
1666 2887 1814 2932 certe
1832 2881 2085 2931 extremis
2120 2881 2276 2929 lineis
2296 2881 2620 2943 describere,

1535 2954 1615 3002 ita
1649 2956 1711 3000 ut
1740 2950 1852 3001 loci
1886 2955 2263 3016 argumentum
2299 2966 2362 3001 eo
2399 2950 2512 3000 fere
2535 2965 2623 2999 rc-

1537 3021 1691 3072 deat:
1746 3021 2004 3082 „Primum
2050 3029 2273 3071 mortuus
2315 3021 2455 3071 homo
2497 3022 2622 3069 rite-

1535 3106 1630 3156 que
1665 3092 1895 3141 conditus
1926 3093 2247 3155 sepultusque
2283 3090 2540 3141 descendit
2570 3090 2624 3138 in

1535 3160 1832 3223 Amenmen,
1873 3159 1924 3209 h.
1966 3176 2014 3211 e.
2042 3163 2094 3210 in
2131 3175 2334 3224 reanum
2370 3160 2524 3211 Isidis
2542 3167 2625 3209 at·-

1537 3247 1632 3296 que
1658 3229 1892 3281 Osiridis.
1939 3231 2151 3293 Deinde,
2186 3230 2491 3280 intereunte
2507 3243 2625 3279 cor-

1535 3316 1667 3365 pore
1718 3298 1994 3364 (nimirum
2024 3308 2106 3349 *eo
2156 3299 2301 3364 quod
2344 3299 2622 3349 conditum

1536 3371 1705 3419 fuerit
1756 3368 2166 3419 medicamentis
2212 3374 2267 3417 et
2312 3368 2416 3417 rite
2471 3369 2624 3416 invo-

1533 3437 1708 3489 lutum
1746 3468 1815 3477 —
1848 3438 2093 3503 adeoque
2137 3438 2391 3487 cadavere
2423 3437 2623 3498 dilapso

1535 3509 1687 3573 inque
1721 3510 1917 3558 eineres
1952 3507 2214 3571 converso)
2261 3507 2468 3557 eoecedic
2512 3506 2624 3554 ani-

1536 3593 1615 3626 ma
1643 3586 1694 3627 et
1727 3579 1910 3642 miqrat
1934 3592 2038 3641 per
2068 3577 2338 3626 bestiarum
2369 3590 2507 3625 ome
2532 3590 2623 3639 {Je-

1537 3662 1647 3696 nus.
1732 3647 1849 3696 Tum
1896 3649 2167 3698 revertitur
2210 3648 2259 3695 in
2304 3660 2489 3708 corpus
2529 3660 2625 3692 na-

1536 3730 1683 3765 scens
1733 3715 1954 3767 hominis.
2037 3717 2204 3780 Atque
2255 3715 2335 3765 hic
2387 3716 2625 3764 circuitus

1537 3787 1799 3836 universus
1846 3784 2120 3836 absolvitur
2180 3785 2340 3835 tribus
2386 3799 2626 3834 annorum

1538 3854 1810 3906 millibus.“
1882 3855 2036 3905 Haec
2086 3854 2252 3918 igitur
2304 3853 2624 3915 Crcuzerus,

1539 3938 1698 3989 quem
1745 3923 1990 3988 sequitur
2036 3925 2200 3974 etiam
2243 3924 2541 3989 Guigniaut
2584 3921 2624 3972 1.

1537 3992 1579 4043 l.
1614 4008 1741 4058 pag.
1789 3991 1909 4053 883,
1956 3993 2088 4043 licet
2126 3992 2392 4043 Herodoti
2438 3991 2625 4055 verba,

1539 4061 1991 4128 quemadmodum
2055 4077 2220 4126 supra
2282 4061 2629 4127 interpretati

1539 4146 1750 4193 sumus,
1791 4130 1935 4181 haud
1965 4132 2336 4191 consentiant,
2374 4148 2402 4181 e
2434 4131 2628 4197 quibus

1540 4216 1663 4250 mea
1700 4204 1847 4250 certe
1875 4201 2149 4250 sententia
2183 4198 2317 4250 nihil
2345 4201 2494 4250 aliud
2521 4200 2629 4251 col-

1536 4270 1637 4334 ligi
1684 4273 1894 4334 potest,
1944 4269 2053 4319 nisi
2100 4283 2219 4318 eam
2265 4270 2439 4319 fuisse
2481 4274 2629 4319 vete·

1542 4354 1660 4388 rum
1720 4338 2111 4403 Aegyptiorum
2173 4338 2504 4401 doctrinam,
2564 4342 2628 4386 ut

1542 4408 1724 4457 anima
1771 4407 1892 4472 ipso
1934 4406 2121 4457 mortis
2169 4406 2399 4457 articulo
2449 4423 2479 4457 e
2513 4421 2627 4457 cor-
