3109 5092
1283 374 1537 438 OLIO.
1581 377 1635 436 1.
1681 382 1770 440 68.

2543 374 2663 439 153
2745 326 2754 333 ⁰

375 548 674 632 ἐννω’σας
702 547 785 620 τὰ
816 550 1176 640 λεγόμενα,
1216 548 1667 639 συνεβάλλετο
1706 547 1827 620 τὸν
1859 547 2169 638 Ὀρέστεα
2197 548 2366 622 κατὰ
2402 549 2476 623 τὸ
2499 564 2660 623 θεο-

376 655 664 746 πρόπιον
689 660 934 731 τοῦτον
965 653 1139 725 εἶναι
1157 707 1175 738 ,
1218 660 1381 743 τῇδε
1421 653 1996 744 συμβαλλόμενος·
2064 660 2187 725 τοῦ
2223 659 2497 745 χαλκέος
2538 657 2664 728 δύο

375 757 590 849 ὁρέων
644 758 865 849 φύσας
917 756 1076 841 τοῦς
1130 757 1419 849 ἀνέμους
1475 755 1746 849 εῦρισκε
1788 758 2051 845 ἐόντας,
2106 757 2227 830 τὸν
2279 760 2355 830 δὲ
2405 757 2666 850 ἄκμονα

375 867 487 935 καὶ
542 861 667 954 τὴν
726 868 1002 953 σφῦραν
1053 860 1174 933 τόν
1225 891 1298 934 τε
1347 861 1564 935 τύπον
1613 866 1728 933 καὶ
1782 860 1902 933 τὸν
1952 860 2355 951 ἀντίτυπον,
2415 862 2535 935 τὸν
2587 867 2663 937 δὲ

378 966 906 1057 ἐξελαυνόμενον
956 975 1238 1056 σίδηρον
1287 966 1363 1037 τὸ
1404 973 1591 1058 πῆμα
1635 970 1746 1038 ἐπὶ
1786 966 2035 1057 πήματι
2091 964 2443 1058 κείμενον,
2498 968 2666 1040 κατὰ

376 1072 637 1145 τοιόνδε
666 1100 730 1142 τι
775 1070 1088 1158 εἰκάζων,
1136 1066 1225 1153 ὥς
1266 1075 1376 1143 ἐπὶ
1418 1077 1607 1166 κακῷ
1644 1069 2020 1162 ἀνθρώπου
2057 1079 2330 1163 σίδηρος
2370 1068 2661 1164 ἀνεύρη-

376 1207 504 1247 ται.

612 1176 1185 1266 Συμβαλλόμενος
1252 1177 1328 1247 δὲ
1380 1182 1592 1247 ταῦτα
1658 1179 1771 1246 καὶ
1837 1174 2160 1249 άπελκθων
2217 1181 2283 1258 ἐς
2337 1177 2666 1268 Σπάρτην

380 1289 622 1373 ἔφραζε
650 1285 1245 1371 Λακεδαιμονίοισι
1274 1286 1410 1351 πᾶν
1434 1279 1509 1352 τὸ
1536 1287 1827 1371 πρῆγμα.
1900 1285 1971 1349 os
1992 1281 2101 1365 δὲ,
2147 1285 2222 1351 ἐκ
2256 1279 2460 1369 λόγου
2491 1293 2661 1354 πλα-

377 1391 543 1458 στοῦ
583 1388 1044 1466 ἐπενείκαντές
1099 1390 1168 1455 οἰ
1202 1389 1458 1473 αἰτίην,
1517 1388 1821 1468 ἐδίωξαν.
1891 1380 1928 1455 ὅ
1982 1385 2091 1471 δὲ,
2147 1384 2551 1474 ἀπικόμενος
2598 1390 2665 1468 ἐς

390 1492 673 1579 Τεγέην,
717 1491 831 1559 καὶ
858 1489 1131 1579 φράζων
1167 1486 1293 1578 τὴν
1333 1492 1590 1560 ἑωυτοῦ
1631 1485 1994 1579 συμφορὴν
2033 1488 2196 1577 πρὸς
2236 1489 2356 1560 τὸν
2394 1494 2663 1579 χαλκέα,

278 1598 361 1654 34
379 1598 742 1684 ἐμισθοῦτο
771 1591 931 1685 παρ’
963 1591 1091 1665 οῦκ
1130 1593 1514 1676 ἐκδιδόντος
1538 1591 1665 1684 τὴν
1702 1589 1938 1682 αὐλήν.
1997 1592 2217 1688 χρόνῳ
2259 1595 2335 1665 δὲ
2373 1591 2461 1676 ὥς
2505 1592 2661 1666 άνέ-

244 1828 257 1843 .
362 1789 627 1861 Ὀρέστεα
670 1799 1044 1849 accusativum
1107 1798 1305 1849 tertiae
1359 1798 1466 1847 for-

372 1868 546 1918 mavit
582 1867 996 1930 declinationis,
1047 1884 1169 1919 cum
1215 1883 1379 1933 supra
1417 1867 1463 1927 I,

371 1938 441 1990 67
482 1938 794 2003 scripsisset
820 1928 1088 1999 Ὀρέστεω
1123 1939 1179 1988 in
1223 1938 1465 2003 genitivo

371 2009 581 2073 primae
618 2008 1018 2060 declinationis.
1057 2008 1142 2058 De
1163 2024 1270 2073 quo
1293 2008 1467 2058 Hero-

370 2078 487 2129 doti
532 2094 683 2129 more
729 2079 901 2130 multa
947 2079 1195 2140 nomina,
1246 2078 1467 2143 propria

368 2149 690 2213 praesertim
725 2150 781 2198 in
811 2150 882 2211 ῆ“ς
917 2148 1191 2211 exeuntia,
1226 2148 1282 2197 in
1308 2163 1466 2198 accu-

369 2219 550 2269 sativo
597 2217 851 2269 flectendi
897 2217 968 2267 ad
1015 2218 1240 2282 primam
1289 2232 1465 2282 aeque

370 2305 435 2340 ac
484 2288 703 2338 tertiam
760 2286 1180 2339 declinationem
1224 2288 1463 2338 omnium

369 2357 743 2423 copiosissime
794 2357 933 2407 dixit
980 2358 1215 2409 Bredov.
1264 2374 1317 2421 p.
1357 2357 1463 2408 2233

376 2444 401 2477 s
517 2464 530 2477 .

406 2444 903 2561 εκόῐτιννεβοέλλετο
956 2487 1059 2545 τὸν
1098 2486 1357 2554 Ὀρέστεα
1393 2524 1462 2535 --

370 2564 581 2616 τοῦτον
619 2558 786 2629 εἶναι,
824 2562 963 2628 τῇδε
1001 2556 1461 2627 συμβαλλόμεᾈ

372 2636 515 2703 νος]
552 2636 757 2687 Similis
794 2635 1058 2685 orationis
1104 2634 1462 2697 abundantia,

370 2722 512 2771 quae
548 2707 594 2768 1,
630 2706 724 2756 64:
774 2696 882 2768 τὴν
918 2701 1101 2767 νῆσον
1127 2701 1321 2768 Δῆλον
1354 2720 1463 2754 κα-

369 2768 597 2841 θήοας
633 2766 693 2825 ἐκ
720 2772 837 2824 τῶν
860 2773 1095 2839 λογίων·
1133 2767 1465 2838 καθήρας

371 2839 436 2895 δὲ
471 2832 601 2903 ὦδε,
641 2845 761 2905 etl,
788 2847 847 2894 7:
881 2835 1146 2907 ἐνόμιζέ
1179 2839 1239 2892 οἷ
1270 2845 1464 2907 γυναῖ-

369 2931 444 2965 κα
476 2907 690 2965 πολλὸν
707 2911 938 2964 πασέων
961 2912 1291 2975 καλλίστην·
1322 2901 1463 2963 ὥστε

370 2978 635 3035 δὲταῦτα
670 2982 838 3041 νομί
850 2981 1001 3043 ζων.
1038 2977 1460 3045 συμβάλλεσθαι

370 3056 426 3105 in
456 3053 635 3105 medio
661 3055 1002 3119 potissimum
1037 3052 1324 3105 adhibetur
1348 3069 1464 3104 con·

368 3124 589 3176 sectandi
617 3125 859 3185 notione,
887 3123 1121 3188 indeque
1156 3123 1463 3174 discernen-

370 3194 495 3245 dum
530 3194 600 3244 ab
639 3210 729 3255 eo,
768 3208 1003 3254 quocum
1038 3208 1204 3258 saepe
1239 3193 1463 3244 confun-

368 3264 514 3315 ditur
549 3263 649 3327 (cf.
689 3264 734 3325 1,
771 3261 907 3327 63.),
948 3255 1375 3329 συλλαμβάνειν,
1406 3263 1463 3312 in

367 3350 473 3397 quo
508 3335 820 3399 intelligendi
862 3333 1048 3398 potius
1084 3348 1150 3383 ac
1180 3337 1465 3397 percipien-

368 3406 424 3455 di
464 3403 553 3454 vis
599 3404 763 3455 inest.
843 3404 1185 3468 Quamquam
1231 3402 1462 3453 subinde

367 3489 582 3540 quoque
638 3465 975 3539 συμβάλλειν
1037 3471 1254 3523 videtur
1312 3488 1460 3522 esse:

366 3547 574 3609 assequi
613 3559 831 3594 sensum
867 3542 1099 3594 alicuius
1136 3543 1244 3603 rei,
1281 3544 1463 3592 intelli·

362 3630 489 3679 gere
541 3612 776 3680 aliquid,
835 3614 882 3662 si
928 3613 1182 3663 nimirum
1234 3612 1339 3662 hoc
1395 3626 1462 3661 ex

370 3683 623 3748 diligenti
653 3699 831 3735 rernm
880 3684 1024 3733 inter
1072 3698 1133 3732 se
1184 3695 1462 3746 compara-

367 3754 518 3804 tione
549 3758 604 3803 et
648 3751 1087 3804 consideratione
1133 3756 1310 3801 ortum
1347 3750 1461 3800 fue-

367 3823 461 3873 rit.
516 3823 599 3873 De
649 3822 735 3872 his
783 3822 1100 3872 accuratius
1156 3820 1461 3885 disputavit

368 3893 560 3943 Creuz.
615 3892 671 3941 in
727 3891 1053 3943 Commentt.
1105 3889 1348 3941 Herodd.
1401 3905 1456 3954 p.

369 3962 492 4015 303.
542 3962 664 4014 304.
715 3966 827 4012 not.
888 3961 974 4012 Ad
1018 3959 1243 4011 eandem
1297 3962 1461 4010 conie-

367 4032 549 4083 ctandi
562 4032 843 4082 notionem
872 4031 1111 4095 pertinet
1126 4029 1351 4080 verbum
1385 4023 1462 4079 εἰ-

365 4093 573 4163 κάζειν,
628 4116 737 4167 quo
774 4105 831 4151 et
874 4102 993 4164 ipso
1039 4101 1096 4150 in
1137 4115 1288 4165 seqq.
1329 4114 1462 4149 usus

365 4175 455 4221 est
487 4171 823 4224 Herodotus.
861 4172 1116 4221 Formam
1154 4160 1462 4239 συμβαλλό-

363 4253 539 4304 μενος
573 4239 694 4305 (pro
740 4230 1275 4306 συμβαλλεόμενος)
1316 4253 1462 4289 nunc

364 4311 623 4360 revocavi
656 4326 779 4361 cum
807 4313 1038 4361 recentt.
1077 4308 1201 4359 edd.
1237 4307 1462 4359 iubente

364 4383 426 4430 et
463 4379 746 4431 Dindorflo
785 4376 861 4445 (p.
901 4378 1115 4445 XXIII)
1146 4381 1202 4430 et
1222 4377 1457 4429 Bredov.

360 4465 421 4516 p.
460 4447 583 4501 364.
621 4449 802 4515 Atque
831 4449 974 4501 hanc
1013 4450 1191 4514 ipsam
1230 4448 1458 4498 formam

1568 1796 1623 1846 h.
1662 1796 1702 1846 l.
1751 1795 1978 1861 praebet
2027 1796 2307 1847 Mediceus
2355 1796 2496 1847 liber
2542 1814 2665 1848 cum

1570 1865 1694 1917 aliis
1730 1864 2075 1930 quibusdam.

1638 1930 1733 1984 καὶ
1781 1926 1888 1997 τὴν
1947 1933 2220 1999 σφῦραν]
2268 1937 2375 1987 Pro
2435 1926 2664 2001 σφῦραν

1570 2005 1764 2068 scripsi
1803 2002 2067 2066 σφῦραν.
2114 2004 2241 2055 Vid.
2292 2005 2544 2057 Siebelis.
2592 2008 2663 2058 ad

1569 2076 1809 2126 Pausan.
1849 2074 1958 2137 111,
1999 2074 2049 2126 3.
2102 2079 2154 2139 §-
2200 2075 2253 2126 6.
2310 2076 2376 2126 In
2416 2078 2662 2140 proxime

1571 2160 1725 2211 seqq.
1761 2144 1833 2194 ad
1869 2144 2039 2195 verba
2083 2137 2148 2194 τὸ
2202 2143 2366 2210 πῆμα
2415 2139 2507 2197 ἐπὶ
2553 2139 2662 2212 πή-

1566 2230 1696 2280 ματι
1732 2214 1880 2265 conf.
1920 2215 2102 2278 Apitz.
2139 2215 2394 2267 Adversa.
2435 2217 2504 2268 ad
2562 2219 2659 2269 So-

1567 2284 1743 2350 phocl.
1772 2285 2067 2335 Trachinn.
2095 2284 2217 2336 887.
2248 2303 2303 2351 p.
2339 2288 2463 2339 282.
2504 2289 2662 2351 Quod

1568 2370 1696 2405 vero
1718 2355 1947 2405 Bothius
1970 2355 2206 2420 Opusce.
2245 2357 2453 2408 critice.
2489 2373 2544 2422 p.
2575 2359 2657 2409 11.

1570 2426 1655 2476 12.
1691 2425 1748 2475 in
1769 2424 2052 2476 Herodoto
2090 2426 2258 2476 scribi
2291 2425 2410 2477 vult
2443 2420 2545 2477 τὸν
2567 2420 2661 2477 τύ-

1567 2509 1683 2543 πον
1718 2486 1820 2543 τὸν
1852 2485 2167 2545 ἀντίτυπον
2202 2496 2272 2546 ob
2303 2498 2427 2560 ipsa
2455 2498 2662 2549 oraculi

1568 2563 1754 2625 verba,
1791 2564 1976 2614 malim
2015 2565 2262 2631 equidem
2307 2568 2365 2615 in
2412 2567 2657 2632 vulgata,

1570 2649 1710 2699 quae
1748 2649 1885 2684 sana
1927 2635 2059 2685 mihi
2093 2650 2215 2685 esse
2249 2636 2497 2698 videtur,
2537 2638 2661 2687 sub-

1570 2704 1783 2753 sistere.

1640 2763 1698 2821 ἐκ
1748 2763 1922 2835 λόγου
1968 2768 2223 2822 πλαστοῦ
2272 2764 2661 2830 ἐπενείκαντὲς

1568 2835 1630 2892 οῖ
1686 2837 1902 2906 αἰτίην]
1952 2831 2246 2904 ἐπιφέρειν
2302 2837 2496 2893 αἰτίαν
2546 2842 2668 2893 τινί

1565 2911 1743 2963 valet:
1785 2915 1970 2963 crimen
2012 2913 2210 2977 inferre
2254 2916 2429 2973 alicui,
2469 2930 2662 2978 expro-

1567 2983 1751 3041 brare,
1804 2998 2052 3033 accusare
2097 2984 2325 3048 aliquem.
2401 2985 2559 3036 Cous.
2611 2985 2659 3047 1,

1568 3052 1637 3103 26
1674 3056 1728 3103 et
1763 3052 1869 3115 IV,
1908 3053 2024 3104 154.
2096 3053 2187 3103 Cr.
2238 3054 2393 3105 addit
2439 3055 2657 3106 Iacobs.

1567 3124 1623 3172 in
1656 3123 1837 3174 Lectt.
1877 3122 2068 3173 Stobb.
2109 3139 2161 3186 p.
2203 3123 2289 3175 69.
2328 3116 2496 3188 λόγος
2520 3124 2659 3174 πλα-

1569 3185 1702 3249 στὸς
1738 3197 1824 3242 est
1866 3208 2027 3244 causa
2067 3194 2208 3255 ficta.
2276 3195 2434 3256 Quod
2481 3196 2660 3261 sequi-

1565 3268 1681 3312 tur:
1720 3252 1982 3323 ἐδίωξαν,
2030 3261 2197 3328 vulgo
2246 3264 2481 3315 reddunt
2529 3282 2660 3329 „ex-

1563 3335 1678 3384 εἰὶίο
1716 3333 1918 3383 εαπᾶεηι
1953 3332 2308 3392 mulctarunt‚“
2333 3334 2511 3384 minus
2550 3336 2660 3397 opi-

1566 3417 1667 3453 nor
1703 3408 1985 3460 accurate,
2035 3418 2155 3451 cum
2204 3403 2387 3465 potius
2435 3403 2660 3453 redden-

1566 3473 1692 3522 dum
1731 3472 1830 3521 sit:
1869 3473 2053 3521 iudicio
2086 3487 2193 3520 eum
2230 3475 2491 3534 persecuti
2519 3480 2661 3528 eunt,-

1566 3540 1712 3606 quod
1749 3540 1965 3605 quidem
1993 3540 2254 3589 iudicium
2292 3540 2541 3591 exsilium
2578 3557 2660 3591 se·

1567 3614 1753 3660 cutum
1780 3625 1899 3659 esse
1927 3608 2184 3659 credibile
2207 3608 2286 3671 fit,
2312 3611 2441 3674 quia
2463 3610 2659 3661 Liches

1569 3680 1755 3730 statim
1792 3678 2204 3729 Lacedaemone
2243 3681 2476 3731 cessisse
2509 3679 2659 3730 inde-

1567 3764 1672 3814 que
1710 3748 1936 3799 exulans
1967 3749 2206 3813 Tegeam
2253 3749 2473 3802 venisse
2505 3750 2654 3800 vide-

1565 3824 1672 3869 tur.
1736 3817 1844 3870 Sed
1896 3817 1974 3868 nil
2020 3819 2277 3882 impedit,
2326 3836 2433 3885 quo
2479 3821 2657 3870 minus

1567 3888 1732 3939 aliam
1771 3888 1894 3952 quis
1932 3892 2143 3938 statuat
2161 3888 2367 3940 Lichae
2399 3890 2659 3941 mulctam

1565 3957 1830 4008 indictam
1868 3972 2010 4009 esse.

1636 4018 1948 4092 ἐμισθοῦτο
1986 4016 2126 4088 παρ’
2176 4015 2284 4076 οὔκ
2331 4014 2661 4084 ἐκδιδόντος

1563 4089 1672 4162 τὴν
1727 4088 1938 4163 αὐλήν]
1982 4086 2322 4157 ἐμισθοῦτο,
2380 4098 2660 4148 conducere

1564 4167 1798 4231 cupiebat
1838 4174 1891 4218 et
1932 4165 2228 4217 conabatur.
2282 4165 2423 4217 Nam
2466 4167 2660 4231 imper-

1566 4237 1712 4288 fecto
1747 4251 1855 4287 non
1891 4237 2015 4302 ipsa
2050 4236 2228 4297 actio,
2266 4250 2456 4286 verum
2494 4251 2659 4287 cona-

1564 4310 1673 4370 tus,
1710 4305 1987 4367 voluntas,
2026 4305 2338 4356 studiumve
2363 4304 2656 4367 indicatur,

1565 4376 1911 4440 cernitur-que
1955 4377 2072 4426 eius
2126 4389 2260 4425 usus
2318 4375 2660 4438 potissimum

1563 4447 1621 4496 in
1659 4462 1718 4497 re
1749 4445 1990 4497 nondum
2016 4443 2273 4495 absoluta
2291 4457 2356 4494 ac
2390 4443 2655 4509 perfecta.
