3109 5092
484 342 608 406 226

1350 337 1890 399 HERODOTI

486 515 897 606 πεντήκοντα
941 520 1124 597 ἔτεα,
1181 515 1587 601 παρεδέξατο
1629 508 1755 600 τὴν
1799 508 2031 600 ἀρχήν.
2099 508 2640 598 παραδεξάμενος
2689 509 2763 579 δὲ

482 618 608 690 οὐκ
638 618 968 708 ἀπεχρᾶτο
1005 614 1281 706 μούνων
1329 612 1562 705 ἄρχειν
1598 620 1737 683 τῶν
1778 614 2079 703 Μήδων·
2147 610 2317 683 ἀλλὰ
2353 614 2762 701 στρατευσά-

481 751 680 814 μενος
720 724 827 791 ἐπὶ
866 718 1021 800 τούς
1063 723 1325 807 Πέρσας
1373 717 1703 807 πρώτοισί
1731 744 1802 786 τε
1851 716 2144 787 τούτοισι
2188 716 2601 807 ἐπεθήκατο,
2650 718 2764 785 καὶ

484 824 790 916 πρώτους
829 824 1094 913 Μήδων
1129 819 1469 911 ὑπηκόους
1513 823 1801 909 ἐποίησε.
1857 819 2024 909 μετὰ
2063 822 2137 889 δὲ
2167 826 2340 908 ἔχων
2383 817 2509 889 δύο
2553 824 2764 888 ταῦτα

482 935 727 1012 ἔθνεα,
782 930 894 996 καὶ
926 924 1273 1015 ἀμφότερα
1322 922 1599 1012 ἰσχυρὰ,
1651 926 2135 1013 κατεστρέφετο
2166 922 2290 1013 τὴν
2318 920 2582 1011 Ἀσίην,
2638 918 2757 991 ἀπ’

481 1030 692 1102 ἄλλον
750 1027 859 1100 ἐπ’
910 1027 1072 1099 ἄλλο
1130 1026 1256 1097 ἰσὶν
1307 1034 1527 1107 ἔθνος.
1609 1030 1674 1107 ἐς
1721 1022 1760 1096 ὃ
1816 1027 2389 1116 στρατευσάμενος
2449 1029 2557 1096 ἐπὶ
2606 1024 2762 1106 τούς

482 1213 534 1247 κ.
571 1213 619 1247 τ.
651 1196 721 1263 ³..]
759 1199 843 1248 Ex
873 1197 1178 1247 rationibus
1205 1194 1466 1245 Larcheri
1488 1197 1571 1243 at-

482 1283 586 1332 que
631 1261 844 1316 Volneii
901 1267 1004 1316 hoc
1064 1266 1284 1316 Deiocis
1344 1279 1571 1329 regnum

484 1337 634 1386 cadit
670 1336 814 1386 intra
850 1351 1022 1386 annos
1059 1335 1336 1386 709-655
1363 1350 1415 1385 a.
1443 1332 1569 1382 Chr.

481 1421 567 1468 n.‚
613 1420 719 1470 quo
755 1406 874 1469 ipso
913 1419 1055 1455 anno
1087 1406 1382 1455 Phraortes
1426 1402 1571 1467 patri

483 1475 747 1524 successit
782 1475 838 1523 in
876 1490 1062 1538 regne.
1138 1474 1245 1536 Qui
1280 1476 1572 1537 postquam

381 1585 396 1600 ,
481 1543 678 1608 viginti
712 1543 849 1592 duos
897 1558 1069 1593 annos
1113 1558 1339 1608 regnum
1375 1542 1570 1604 tenuit,

481 1612 598 1677 ipse
631 1614 686 1662 in
721 1612 1064 1678 expeditione
1096 1617 1289 1662 contra
1313 1612 1571 1676 Assyrios

481 1688 739 1747 suscepta
774 1682 936 1744 obiit,
984 1690 1047 1732 ut
1090 1682 1254 1747 paulo
1287 1681 1433 1730 infra
1465 1681 1573 1729 He-

480 1751 706 1802 rodotus
753 1757 968 1812 narrat,
1017 1767 1187 1812 anno,
1240 1755 1300 1800 ut
1347 1767 1414 1800 ex
1462 1748 1570 1798 illis

481 1822 861 1887 consequitur,
914 1821 1018 1873 634
1054 1836 1106 1871 a.
1148 1821 1276 1871 Chr.
1312 1836 1366 1869 n.
1441 1819 1572 1883 Ipsa

482 1891 754 1956 expeditio
803 1892 995 1956 opiner
1046 1890 1208 1941 cadet
1257 1891 1312 1939 in
1371 1880 1571 1938 a‘nuum

480 1960 583 2012 635
619 1977 670 2010 a.
709 1960 835 2010 Chr.
873 1976 929 2010 n.
1000 1959 1085 2009 Ab
1119 1959 1204 2010 his
1241 1974 1350 2008 non
1388 1958 1571 2008 admo-

482 2029 609 2079 dum
632 2029 864 2079 discedit
884 2028 1140 2091 Clinton.,
1168 2028 1235 2078 de
1258 2043 1443 2092 regum
1462 2028 1573 2077 Me-

482 2098 670 2148 dorum
705 2097 1056 2162 chronologia
1099 2102 1354 2148 accurate
1390 2097 1572 2161 dispu-

483 2171 607 2218 tans
634 2168 689 2216 in
718 2168 885 2216 tertia
919 2167 1218 2231 appendice
1251 2167 1407 2215 Fast.
1443 2165 1571 2214 1101-

481 2236 588 2286 len.
625 2236 751 2286 Vol.
773 2235 821 2287 I.
859 2251 985 2300 pag.
1013 2236 1116 2286 258
1151 2250 1303 2299 seqq.
1376 2234 1566 2284 Medos

482 2305 551 2354 ab
599 2304 837 2369 Assyriis
885 2305 1151 2355 defecisse
1208 2304 1365 2368 ponit
1423 2319 1567 2353 anno

482 2374 578 2425 711
623 2380 750 2423 ante
787 2372 913 2424 Chr.
952 2390 1040 2434 n.‚
1086 2374 1344 2422 Deiocem
1380 2373 1449 2422 ad
1487 2389 1567 2422 re-

482 2458 645 2508 gnum
681 2449 930 2492 evectum
977 2441 1106 2506 709,
1152 2442 1475 2492 Phraortem
1514 2442 1565 2491 ei

481 2512 860 2563 succedentem
920 2511 1048 2574 056,
1120 2527 1445 2576 caesumque
1508 2512 1566 2561 in

479 2597 664 2647 pugna
691 2581 794 2632 631
824 2598 875 2633 a.
909 2582 1033 2632 Chr.
1066 2598 1119 2631 n.
1195 2581 1282 2631 Cf.
1303 2596 1430 2646 pag.
1469 2582 1565 2630 172

481 2667 631 2717 seqq.
672 2653 774 2702 202
811 2667 923 2716 seq.
974 2656 1028 2701 et
1063 2650 1202 2702 adde
1245 2652 1328 2701 De
1364 2649 1567 2715 Saulcy

480 2721 558 2771 in:
606 2720 769 2771 Mem.
824 2722 890 2772 de
936 2721 1149 2771 l'Acad.
1193 2720 1244 2771 d.
1283 2720 1567 2784 Inscriptt.

479 2790 636 2851 XIX,
694 2792 740 2842 l.
803 2807 855 2856 p.
907 2792 1008 2842 213
1051 2807 1202 2856 seqq.
1281 2789 1566 2854 Hupfeld.,

480 2861 572 2924 qui
622 2861 677 2908 in
735 2861 958 2909 eandem
1015 2875 1126 2909 rem
1174 2874 1384 2909 summa
1440 2875 1572 2910 cura

477 2928 766 2992 inquisivit
800 2928 836 2979 1.
865 2928 902 2978 l.
930 2945 983 2992 p.
1010 2928 1078 2981 36
1110 2944 1261 2992 seqq.
1299 2926 1366 2978 58
1396 2945 1570 2993 seqq„

479 2996 670 3046 Medos
721 2996 838 3046 vult
898 2999 966 3047 ab
1014 2997 1256 3061 Assyriis
1305 2997 1572 3046 defecisse

481 3065 585 3115 714
621 3070 749 3116 ante
775 3066 901 3117 Chr.
937 3082 1012 3128 n.‚
1045 3067 1304 3116 Deiocem
1341 3081 1572 3130 regnan-

478 3138 590 3183 tem
635 3134 787 3199 pouit
833 3136 903 3185 ab
952 3151 1093 3185 anno
1140 3136 1243 3186 708
1288 3150 1460 3199 usque
1502 3135 1571 3185 ad

480 3219 678 3253 annum
714 3205 845 3255 655:
881 3219 987 3269 quo
1025 3204 1144 3269 ipso
1175 3221 1318 3255 anno
1344 3205 1574 3255 Phraor-

477 3277 563 3322 tes
611 3277 831 3324 secutus
877 3278 986 3336 est,
1048 3274 1142 3338 qui
1199 3273 1360 3338 periit
1422 3290 1564 3324 anno

477 3341 599 3395 633.
698 3343 804 3406 Qui
853 3359 1026 3408 nuper
1091 3343 1227 3393 haec
1284 3346 1563 3407 tractavit,

477 3411 712 3463 Ioannes
748 3428 782 3462 a
817 3412 1096 3477 Gumpach
1143 3411 1565 3478 (Zeitrechnung

478 3481 574 3532 der
602 3482 869 3547 Babylon.
908 3488 1013 3533 etc.
1055 3498 1106 3547 p.
1138 3483 1237 3533 140
1269 3499 1421 3547 seqq.
1465 3484 1559 3534 161

477 3551 646 3616 seq.),
691 3553 948 3602 Deioeem
989 3556 1259 3602 mortuum
1296 3568 1416 3603 esse
1454 3558 1565 3602 sta-

474 3621 585 3671 tuit
618 3637 761 3671 anno
800 3621 930 3684 657,
978 3621 1295 3672 Phraortem
1345 3638 1564 3672 caesum

474 3690 531 3739 in
583 3705 769 3754 pugna
827 3691 895 3740 ab
948 3691 1189 3757 Assyriis
1245 3707 1387 3741 anno
1442 3692 1564 3753 035,

476 3759 571 3809 sed
610 3760 798 3810 Medos
849 3760 1062 3810 demum
1118 3776 1260 3811 auno
1308 3761 1413 3812 690
1470 3762 1566 3810 ab-

476 3828 618 3878 iecto
649 3829 994 3893 Assyriorum
1031 3830 1159 3894 iugo
1191 3830 1448 3880 Deiocem
1485 3845 1565 3879 re-

476 3911 597 3960 gem
635 3897 1012 3958 constituisse,
1062 3899 1200 3949 adeo
1236 3904 1297 3949 ut
1333 3900 1562 3949 Deioces

473 3979 583 4013 non
630 3966 1028 4031 quinquaginta
1075 3972 1187 4017 tres
1225 3964 1411 4032 (ΝΓ),
1466 3969 1562 4019 sed

474 4032 704 4094 triginta
752 4038 861 4083 tres
920 4033 1064 4099 (ΛΓ)
1125 4052 1297 4088 annos
1347 4042 1563 4088 tantum

474 4116 735 4164 regnasse
771 4105 1068 4155 censendus
1106 4106 1203 4168 sit,
1267 4108 1429 4171 inque
1465 4123 1562 4157 nu·

475 4185 649 4220 meros
682 4172 1020 4223 Herodoteos
1067 4190 1216 4225 error
1260 4177 1558 4242 irrepserit.

473 4239 738 4305 Equidem
769 4245 830 4290 ut
850 4242 1116 4293 Herodoti
1153 4261 1405 4296 numeros
1442 4261 1559 4295 cor-

471 4309 674 4372 rig-am,
721 4309 918 4361 adduci
961 4327 1068 4362 non
1106 4329 1354 4377 possum,
1403 4329 1556 4379 prae-

1674 1195 1768 1260 qui
1796 1194 1932 1245 haec
1956 1199 2359 1259 tractaverunt,
2400 1194 2481 1244 ita
2504 1194 2617 1245 fere
2640 1210 2763 1244 con-

1673 1265 1969 1315 sentientes
1997 1265 2239 1327 videam,
2281 1269 2341 1315 ut
2369 1264 2461 1313 vix
2491 1265 2652 1315 unius
2686 1263 2762 1313 al-

1673 1334 1915 1384 teriusve
1970 1336 2099 1384 anni
2159 1335 2448 1385 discrimen
2508 1334 2582 1383 sit
2641 1332 2761 1382 reli-

1674 1419 1857 1468 quum.
1895 1435 1967 1443 —-
2021 1405 2307 1455 Caeterum
2362 1405 2657 1454 Hammero
2713 1402 2761 1451 si

1674 1473 1882 1537 credis,
1949 1474 2215 1525 Herodoti
2270 1475 2422 1523 hicce
2468 1473 2761 1523 Phraortcs

1674 1542 1817 1592 idem
1863 1548 1975 1605 est,
2022 1545 2115 1608 qui
2162 1546 2217 1593 in
2253 1543 2596 1594 Zendavesta
2632 1543 2762 1592 dici-

1674 1616 1761 1662 tur
1827 1612 2074 1676 Trnione,
2148 1615 2201 1663 in
2270 1613 2508 1663 carmine
2559 1610 2760 1663 Schah-

1672 1682 1869 1731 nameh
1922 1682 2173 1746 Feridun,
2238 1682 2380 1732 filius
2438 1682 2657 1732 Deiocis
2712 1696 2758 1731 s.

1672 1751 2108 1802 Dschemschidi.
2125 1752 2250 1802 vid.
2264 1754 2440 1801 Wien.
2454 1751 2647 1802 Jahrb.
2660 1751 2758 1801 IX.

1673 1836 1726 1885 p.
1766 1822 1829 1872 13
1867 1836 2018 1885 seqq.
2057 1828 2113 1870 et
2136 1823 2326 1873 LXII.
2364 1838 2418 1886 p.
2457 1821 2545 1871 46.
2609 1820 2759 1871 Idem

1675 1891 1872 1940 statuit
1908 1889 2112 1956 Hoelty
2148 1891 2284 1942 libro
2331 1892 2400 1940 ad
2437 1890 2492 1951 Ι,
2529 1889 2599 1941 96
2645 1890 2760 1939 lau-

1676 1959 1806 2010 dato
1846 1975 1899 2024 p.
1940 1961 2028 2010 60.

1742 2088 2122 2162 ἀπεχρᾶτο]
2147 2097 2239 2148 Sic
2264 2103 2409 2147 certe
2435 2096 2623 2146 iubent
2646 2095 2761 2160 plu-

1672 2182 1758 2215 res
1786 2167 1931 2232 iique
1956 2166 2202 2217 meliores
2229 2166 2371 2217 libri.
2423 2165 2601 2232 Vulgo
2621 2161 2758 2214 ἀπε-

1668 2233 1862 2299 χρῆτο.
1935 2238 2137 2287 Sensua
2171 2242 2281 2286 est:
2327 2250 2464 2299 „nou
2500 2242 2760 2285 contentus

1670 2312 1786 2354 erat
1834 2308 1957 2356 solis
1996 2306 2168 2355 Medis
2213 2306 2525 2368 imperare.“
2597 2303 2757 2355 Conf.

1669 2389 1833 2438 supra
1870 2375 1914 2436 Ι,
1954 2374 2019 2424 37
2055 2381 2109 2424 et
2142 2375 2296 2436 VIII,
2338 2376 2420 2437 14,
2458 2375 2552 2424 ubi
2582 2374 2757 2423 medio

1666 2442 1770 2492 hoc
1806 2444 1972 2494 verbo
2014 2445 2209 2495 Noster
2259 2459 2388 2495 usus
2426 2449 2529 2497 est.
2599 2444 2758 2493 Facit

1667 2510 1773 2562 huc
1794 2513 2145 2565 Grammatic.
2181 2515 2237 2563 iu
2258 2514 2495 2564 Bekkeri
2514 2512 2756 2563 Anecdd.

1669 2582 1716 2632 Ι.
1754 2599 1807 2647 p.
1845 2583 1977 2644 423,
2017 2583 2108 2634 26:
2160 2574 2539 2648 ἀπεχρᾶτο·
2592 2572 2759 2645 Ἡρό-

1669 2649 1839 2709 δοτος
1874 2645 1977 2715 μὲν
2010 2645 2137 2702 ἀντὶ
2174 2650 2279 2702 τοῦ
2308 2645 2507 2717 ἀρκεῖν
2536 2641 2756 2716 ἡγεῖτο·

1671 2719 2039 2786 Θουκυδίδης
2071 2717 2135 2771 δὲ
2168 2712 2578 2786 ἀπεχρῶντο
2629 2711 2757 2769 ἀντὶ

1670 2788 1773 2840 τοῦ
1841 2782 2115 2857 ἀνῄρουν.
2210 2791 2351 2842 Add.
2422 2788 2758 2842 Bachmanni

1671 2860 1914 2911 Anecdd.
1965 2861 2011 2910 1.
2060 2876 2188 2926 pag.
2238 2861 2365 2923 119,
2415 2863 2483 2912 24
2532 2860 2653 2911 coll.
2700 2875 2752 2924 p.

1679 2930 1804 2993 137,
1854 2929 1920 2981 19
1977 2935 2032 2980 et
2072 2930 2184 2980 vid.
2234 2929 2464 2981 Bredov,
2522 2947 2576 2995 p.
2634 2929 2755 2979 380.

1672 2999 2043 3053 Herodooeum
2080 3015 2234 3049 usum
2262 2999 2546 3064 postmodo
2579 3000 2758 3048 imita-

1674 3072 1763 3118 tus
1800 3075 1885 3118 est
1909 3070 2238 3128 PausaniaS,
2278 3069 2343 3119 (le
2377 3085 2484 3134 quo
2512 3067 2620 3118 vid.
2643 3069 2757 3118 Sie-

1675 3136 1783 3188 bel.
1822 3138 1892 3188 ad
1928 3139 2003 3202 ΙΙ,
2041 3142 2090 3189 7.
2127 3142 2175 3201 §-
2222 3141 2269 3189 1.
2690 3151 2705 3164 “

1737 3271 1831 3324 καὶ
1888 3265 2182 3340 ἀμφότερα
2237 3267 2460 3340 ἰσχυρά]
2518 3275 2754 3325 Attende

1666 3345 1774 3393 vim
1838 3345 2140 3409 particulae
2194 3342 2289 3394 καὶ
2344 3343 2752 3405 declarativam,

1668 3413 1734 3462 de
1759 3429 1867 3479 qua
1904 3414 2040 3464 dixit
2066 3416 2320 3480 Hartung
2346 3413 2522 3464 Lehre
2547 3415 2598 3464 d.
2623 3416 2754 3463 Par-

1666 3483 1768 3534 tik.
1813 3484 1858 3534 Ι.
1918 3500 1972 3549 p.
2029 3484 2146 3535 145.
2228 3483 2392 3535 Valet
2450 3485 2589 3533 enim
2637 3483 2750 3532 hic:

1665 3553 1839 3617 idque,
1913 3561 1963 3603 et
2026 3554 2236 3618 quidem.
2333 3553 2524 3638 Neque
2595 3552 2754 3602 aliter

1668 3614 2387 3755 325¹2A55535.5“.²..22²3‚}
2438 3622 2753 3754 Αόῗίὲῗῖοξέ

1668 3761 1853 3825 quitur
1916 3758 2348 3825 κατεστρέφετο,
2405 3761 2571 3827 vulgo
2634 3776 2751 3809 ver·

1668 3833 1815 3879 tunt:
1864 3830 2065 3896 subegit
2106 3828 2373 3896 (Asiam),
2421 3830 2565 3880 haud
2603 3836 2750 3879 recte

1665 3914 1785 3949 mea
1821 3899 2039 3964 quidem
2075 3900 2374 3959 sententia,
2411 3915 2534 3950 cum
2566 3900 2748 3964 potius

1664 3969 1874 4019 valeat:
1907 3970 2139 4034 subiyere
2169 3969 2357 4020 stadici!
2392 3984 2438 4019 s.
2464 3969 2645 4019 voluit:
2682 3967 2748 4018 de

1665 4054 1773 4104 qua
1825 4040 2130 4103 imperfecti
2181 4038 2407 4090 notione
2456 4039 2531 4090 cf.
2584 4053 2751 4102 snpra

1662 4112 1801 4158 nott.
1855 4108 1924 4157 ad
1969 4109 2024 4169 I,
2074 4108 2162 4161 63.
2234 4109 2319 4159 Ad
2367 4099 2422 4165 ἐς
2467 4097 2501 4157 ὃ
2544 4106 2746 4172 (donec)

1662 4179 1735 4229 cf.
1767 4177 1813 4238 Ι,
1851 4177 1937 4227 98.
1993 4177 2057 4227 In
2096 4194 2248 4244 seqq.
2279 4177 2404 4227 dedi
2439 4170 2598 4243 εἶχον
2628 4176 2746 4241 (pro

1663 4238 1845 4311 ἔχον)ι
1896 4246 2040 4311 quod
2077 4262 2241 4298 unum
2272 4263 2460 4298 verum
2497 4263 2619 4298 esse
2654 4261 2747 4310 pa-

1657 4319 1738 4365 tet
1784 4331 1849 4365 ex
1894 4316 1990 4377 iis,
2047 4332 2188 4382 quae
2244 4317 2466 4382 collegit
2510 4315 2742 4367 BredoV.

471 4377 658 4428 sertim
682 4391 803 4430 cum
825 4379 881 4430 in
911 4381 1142 4433 caeteris
1165 4382 1314 4434 viros
1343 4381 1553 4447 doctos,
1655 4397 1712 4449 p.
1749 4382 1851 4435 303
1887 4399 2002 4450 seq.
