3109 5092
1045 341 1542 402 EUTERPE.
1588 342 1675 402 Π.
1716 350 1804 405 52.
1845 351 1934 405 53.
2504 341 2628 403 553

355 545 525 606 μενα
548 513 632 586 τὰ
662 511 1004 603 οὐνόματα
1030 520 1168 587 τῶν
1194 520 1386 587 θεῶν
1407 520 1546 587 τῶν
1578 513 1835 602 ἄλλων,
1864 514 2213 588 Διονύσου
2240 516 2315 586 δὲ
2343 512 2629 608 ὕστερον

358 625 591 713 πολλῷ
621 617 984 689 ἐπύθοντο.
1057 621 1170 689 καὶ
1207 617 1371 709 μετὰ
1400 619 1646 709 χρόνον
1689 618 2273 709 ἐχρηστηριάζοντο
2308 622 2627 710 περὶτῶν

355 720 752 812 οὐνομάτων
778 725 855 792 ἐν
881 723 1192 813 Δωδώνῃ
1210 745 1224 760 ·
1274 721 1348 792 τὸ
1381 721 1510 815 γὰρ
1538 722 1624 813 δὴ
1653 721 1978 813 μαντήϊον
2002 728 2202 793 τοῦτο
2238 723 2624 812 νενόμισται

353 825 794 917 ἀρχαιότατον
817 831 957 896 τῶν
982 829 1058 897 ἐν
1074 823 1348 915 Ἕλλησι
1373 834 1796 918 χρηστηρίων
1825 824 2032 913 εἶναι,
2075 818 2255 897 καὶ
2212 856 2299 916 ην
2322 824 2442 898 τὸν
2466 826 2621 915 χρό-

353 959 477 1001 νον
511 935 753 1001 τοῦτον
787 935 1064 1018 μοῦνον.
1148 931 1293 1000 ἐπεὶ
1333 921 1434 1055 ὦν
1473 928 2063 1057 ἐχρηστηριάζοπο
2090 932 2165 999 ἐν
2201 935 2283 1018 τῇ
2309 928 2620 1020 Δωδώνῃ

353 1039 423 1104 οἰ
441 1033 815 1119 Πελασγοὶ,
856 1039 920 1103 εἰ
943 1030 1312 1104 ἀνέλωνται
1348 1031 1428 1103 τὰ
1453 1032 1792 1121 οὐνόματα
1817 1061 1899 1103 τα
1924 1029 2057 1103 ἀπὸ
2088 1036 2226 1102 τῶν
2254 1032 2622 1125 βαρβάρων

355 1134 639 1228 ἥκοντα,
670 1133 897 1207 ἀνεῖλε
923 1134 999 1208 τὸ
1042 1136 1370 1228 μαντήϊον
1394 1143 1706 1226 χρᾶσθαι.
1779 1133 1910 1207 ἀπὸ
1934 1136 2063 1225 μὲν
2089 1132 2175 1225 δὴ
2214 1135 2457 1207 τούτου
2497 1141 2619 1207 τοῦ

348 1238 594 1331 χρόνον
630 1245 878 1326 ἔθυον,
919 1256 1089 1312 τοῖσι
1116 1236 1442 1330 οὐνόμασι
1469 1246 1611 1311 τῶν
1637 1245 1828 1310 θεῶν
1860 1238 2247 1329 χρεώμενοι.
2320 1238 2502 1329 παρὰ
2540 1240 2616 1311 δὲ

347 1350 723 1432 Πελασγῶν
743 1340 1063 1434 Ἕλληνες
1107 1345 1488 1428 ἐξεδέξαπο
1538 1341 1845 1434 ὕστερον.
1914 1340 2168 1414 Ἔνθεν
2219 1343 2295 1413 δὲ
2348 1346 2611 1432 ἐγένετο
2629 1351 2709 1414 53

348 1452 622 1528 ἕκαστος
659 1451 796 1516 τῶν
822 1455 1044 1532 θεῶν,
1086 1458 1155 1516 εἴ
1182 1475 1255 1517 τε
1287 1444 1351 1516 δ’
1384 1449 1517 1517 αἰεὶ
1558 1439 1732 1537 ἦσαν
1758 1445 2034 1532 πάντες,
2075 1441 2294 1516 ὁκοῖοί
2321 1450 2399 1518 τέ
2434 1475 2614 1528 τινες

346 1551 428 1621 τὰ
453 1556 671 1636 εἴδεα,
699 1547 826 1618 οὐκ
850 1548 1205 1640 ἠπιστέατο
1231 1554 1420 1641 μέχρι
1448 1543 1530 1621 οὗ
1558 1549 1794 1640 πρώην
1818 1577 1890 1619 τε
1919 1552 2031 1621 καὶ
2054 1550 2247 1638 χθὲς,
2277 1546 2366 1631 ὥς
2396 1557 2615 1621 εἰπεῖν

343 1760 499 1826 piens
533 1758 606 1810 ad
635 1758 796 1810 finem
822 1760 1020 1825 capitis
1044 1776 1217 1826 usque
1244 1776 1430 1812 excur-

345 1835 458 1893 rat,
500 1829 788 1894 aliquoties
821 1831 1129 1896 interrupta
1174 1830 1301 1881 aliis
1343 1830 1426 1880 in-

347 1899 588 1950 teriectis
609 1897 846 1963 periodis
863 1938 877 1962 ,
917 1900 1267 1951 anacoluthia
1292 1903 1430 1951 stru-

346 1973 535 2020 cturae
551 1967 811 2019 laborans
825 1973 879 2019 et
891 1969 1264 2021 additamento
1276 1969 1430 2020 verbi

342 2029 636 2089 ἐπύθοντο
702 2037 878 2089 altera
929 2040 1049 2090 vice
1105 2055 1140 2090 a
1186 2040 1428 2090 librariis

344 2107 566 2159 adiecti.
638 2109 792 2170 Quae
826 2114 1007 2160 tamen
1030 2110 1223 2161 merito
1260 2109 1429 2160 edito-

342 2177 492 2228 ribus
528 2178 852 2241 persuadere
897 2178 991 2229 ille
1037 2194 1146 2230 non
1190 2183 1425 2245 poterat.

341 2246 468 2299 vid.
504 2247 738 2298 BredoV.
790 2264 843 2313 p.
895 2248 1014 2300 108.
1103 2247 1190 2299 Ad
1242 2249 1429 2299 subse-

343 2317 566 2383 quentia
600 2318 746 2368 conf.
794 2333 934 2382 quae
982 2317 1052 2367 ad
1089 2319 1166 2380 11,
1204 2318 1274 2370 50
1305 2319 1427 2373 init.

343 2385 603 2448 diximus3
653 2386 721 2436 de
768 2388 1015 2452 Dionyso
1073 2387 1222 2440 conf.
1259 2388 1427 2438 etiam

401 2493 467 2575 εἰ
507 2516 839 2591 ἀνέλωνται]
891 2525 1285 2577 coniunctivae
1336 2526 1427 2577 hic

343 2594 559 2645 minime
594 2594 1000 2659 sollicitandus,
1037 2595 1130 2661 qui
1164 2594 1426 2661 explicari

340 2663 539 2715 debeat
568 2663 860 2715 secundum
887 2680 1004 2715 eam
1033 2664 1321 2728 rationem,
1361 2665 1428 2717 de

342 2748 449 2801 qua
483 2735 786 2784 monuimus
811 2734 883 2784 ad
909 2734 957 2798 Ι,
986 2733 1083 2786 53:
1119 2735 1181 2785 ob
1206 2737 1282 2786 eie
1305 2738 1426 2785 soll-

340 2811 440 2855 (επ.
514 2803 654 2854 Nam
691 2803 1072 2855 coniunctivus
1109 2807 1194 2854 est
1229 2804 1428 2855 delibe-

339 2872 576 2935 rativus,
611 2878 675 2923 ut
706 2876 852 2924 recte
887 2873 1030 2925 vidit
1059 2873 1341 2925 Werferus
1370 2874 1426 2925 in

341 2942 488 2993 Actt.
525 2942 678 3008 pbill.
715 2944 965 2994 Monacc.
1006 2944 1054 2995 1.
1091 2958 1146 3008 p.
1178 2943 1282 2995 233
1308 2958 1422 3009 seq.

340 3043 412 3052 —
435 3011 592 3075 Quod
629 3028 760 3063 vero
795 3013 958 3078 paulo
994 3017 1123 3064 ante
1151 3012 1426 3065 oraculum

338 3080 693 3133 Dodonaeum
718 3084 981 3146 omnium,
1020 3097 1161 3149 quae
1183 3084 1242 3133 in
1260 3084 1427 3135 Grae·

340 3153 429 3205 eia
464 3156 592 3202 sunt
633 3121 1032 3217 (ἀρχαιότατον
1065 3150 1181 3201 τῶν
1216 3142 1276 3201 ἐν
1299 3141 1426 3202 “Ea-

338 3221 466 3285 λησι
527 3220 927 3286 χρηστηρίων),
991 3222 1426 3286 antiquissimum

341 3290 571 3352 dicitur,
619 3289 677 3340 id
715 3289 782 3341 de
819 3305 885 3340 ea
918 3293 1091 3353 terra,
1130 3307 1270 3356 quae
1298 3297 1424 3358 post

339 3359 552 3411 demum
568 3359 829 3411 Graeciae
842 3374 1037 3410 nomen
1051 3362 1281 3426 accepit,
1297 3361 1425 3412 olim

338 3428 589 3494 Pelasgis
638 3432 934 3493 occupata,
983 3428 1423 3494 intelligendum;

339 3498 546 3552 indicat
593 3498 712 3579 ipse
756 3501 949 3548 auctor
982 3498 1058 3561 11,
1097 3499 1192 3551 56:
1238 3497 1424 3550 δοκέει

337 3561 461 3648 ἐμοὶ
494 3560 532 3631 ἡ
569 3559 718 3631 γυνὴ
751 3581 912 3645 αντη
956 3565 1077 3631 τῆς
1124 3565 1253 3617 νῦν
1286 3559 1424 3616 Ελ-

336 3629 576 3698 ideoq,
634 3628 984 3698 πρότερον
1036 3631 1108 3685 δὲ
1131 3634 1423 3718 Α,Πελασ-

336 3705 506 3786 γίης
573 3702 927 3767 καλευμέν
994 3720 1023 3762 ς
1084 3700 1188 3767 τῆς
1249 3697 1426 3784 αὐτῇς

335 3768 565 3838 ταύτης,
602 3771 911 3838 πρηθῆναι
939 3718 1003 3831 ἲς
1021 3766 1418 3836 Θεσπρωτούς.

339 3844 676 3906 Quibuscum
739 3843 885 3894 conf.
935 3842 1204 3895 Niebuhr:
1265 3845 1422 3895 Rom.

337 3911 534 3966 Gesch.
566 3914 614 3965 1.
653 3928 782 3978 pag.
815 3912 904 3964 29.
931 3913 989 3964 31
1033 3912 1162 3963 edit.
1198 3912 1421 3964 secund.

338 3987 395 4034 et
441 3997 580 4048 quae
626 3983 693 4032 de
747 3983 870 4047 ipsa
917 3981 1153 4033 Dodona
1201 3984 1425 4047 eiusque

340 4049 580 4113 oraculo,
603 4049 744 4115 quod
773 4051 1010 4102 omnium
1028 4052 1139 4103 fere
1156 4066 1423 4102 consensu

339 4120 776 4186 antiquissimum
800 4120 1063 4172 Graeciae
1073 4121 1322 4182 habetur,
1346 4121 1426 4172 af-

337 4191 573 4243 feremus
606 4189 679 4240 ad
711 4190 975 4242 Herodot.
1014 4191 1090 4253 H,
1127 4191 1215 4243 55.
1287 4190 1423 4241 Inde

333 4275 444 4311 non
467 4260 661 4309 mirum
677 4258 957 4310 oraculum
979 4261 1156 4325 ipsum
1175 4275 1240 4311 ac
1261 4259 1420 4311 deum

330 4328 445 4379 illic
465 4326 670 4378 cultum
691 4326 879 4378 haberi
897 4329 1260 4394 Pelasgicum,
1283 4330 1423 4379 eius-

333 4412 440 4463 que
449 4396 761 4447 sacerdotes
773 4397 968 4461 Selloe,
987 4397 1276 4449 Dodonam
1288 4413 1420 4449 vero

1527 1761 1705 1826 ipsam
1720 1759 2071 1825 Pelasgorum
2094 1760 2296 1812 sedem.
2329 1761 2453 1812 Vid.
2475 1762 2615 1813 clas·

1531 1831 1702 1881 sicum
1726 1830 1954 1879 Homeri
1986 1829 2164 1880 locum
2198 1830 2286 1880 Ili.
2324 1831 2470 1893 XVI,
2508 1830 2611 1882 233

1531 1916 1685 1964 seqq.
1714 1898 1916 1963 Odyss.
1934 1899 2082 1960 XIV,
2122 1899 2224 1949 327
2249 1914 2419 1965 seqq„
2447 1905 2613 1965 atque

1530 1968 1736 2034 Ephori
1755 1967 1897 2034 apud
1908 1968 2162 2019 Strabon.
2176 1968 2302 2019 VII.
2323 1984 2380 2035 p.
2400 1970 2502 2021 504
2516 1970 2611 2032 (cf.

1530 2037 1737 2104 Ephori
1759 2038 2008 2102 fragmm.
2038 2037 2123 2088 ed.
2151 2038 2330 2090 Marx.
2367 2054 2420 2104 p.
2460 2040 2610 2105 156);

1531 2109 1600 2158 de
1650 2107 1874 2158 Homeri
1931 2107 2068 2158 locis
2122 2106 2370 2174 disputat
2416 2109 2613 2174 Heyne

1529 2179 1760 2229 Excute.
1797 2176 1874 2228 II.
1913 2177 1983 2227 ad
2017 2176 2210 2228 Iliadis
2245 2177 2282 2227 l.
2319 2177 2357 2228 1.
2384 2180 2451 2229 Τ.
2480 2178 2612 2232 vll.

1530 2266 1580 2315 p.
1616 2246 1735 2298 283.
1788 2246 1912 2298 Alia
1939 2246 2094 2297 addit
2120 2247 2179 2298 C.
2206 2248 2273 2298 F.
2302 2248 2611 2300 Hermann:

1531 2317 1748 2370 Griech.
1777 2317 2189 2370 Staatsalterth.
2226 2320 2276 2381 5.
2303 2319 2335 2368 7
2370 2324 2485 2370 not.
2524 2319 2610 2371 17.

1532 2387 1600 2439 18
1637 2387 1723 2439 ed.
1760 2392 1940 2454 quart.

1830 2581 1836 2588 ·
1906 2557 2040 2610 Car.
2077 2558 2235 2611 LIII.

1597 2655 1660 2709 εἴ
1684 2673 1742 2708 τε
1778 2649 1835 2709 δ’
1872 2655 1986 2710 αἰεὶ
2023 2646 2190 2727 ἦσαν]
2224 2656 2337 2712 αἰεὶ
2374 2679 2404 2713 e
2427 2663 2612 2716 Schel-

1525 2728 1776 2780 lershem.
1822 2727 1963 2779 libro
2009 2745 2129 2779 cum
2170 2737 2399 2784 recentt.
2451 2733 2608 2784 editt.

1528 2798 1861 2849 adscivimus
1906 2814 2003 2863 pro
2036 2799 2260 2865 vulgato
2303 2792 2414 2854 ἀεί.
2484 2802 2610 2854 Eltz

1528 2868 1586 2917 in
1624 2868 1851 2929 Quaest.
1887 2867 2177 2921 Herodott.
2212 2871 2405 2923 fascio.
2433 2871 2531 2924 alt.
2554 2889 2609 2937 p.

1526 2938 1632 2990 325
1668 2936 1910 3001 (Iahrbb.
1949 2938 2002 2990 d.
2025 2939 2293 3006 Philolog.
2321 2942 2509 3008 Suppl.
2541 2943 2610 2994 Τ.

1526 3006 1629 3072 ῙΧ)
1673 3006 1816 3059 bunc
1859 3007 2037 3059 locum
2087 3015 2318 3077 tangens
2363 3010 2615 3063 voculam

1527 3070 1611 3140 δὲ,
1654 3093 1793 3143 quae
1814 3092 1849 3128 a
1883 3078 2209 3144 quibusdam
2243 3080 2398 3132 libris
2420 3082 2610 3144 abest,

1528 3146 1626 3198 sed
1643 3162 1678 3198 a
1712 3146 2027 3199 melioribus
2053 3152 2349 3211 retinetur,
2388 3151 2613 3202 retineri

1523 3232 1690 3283 posse
1721 3218 1831 3281 ait,
1869 3218 1915 3268 si
1951 3220 2224 3270 scribatur
2259 3212 2332 3285 δὴ
2368 3215 2498 3272 αἰεί.
2545 3222 2612 3271 In

1527 3302 1635 3352 quo
1671 3302 1756 3337 me
1803 3286 2020 3352 quidem
2068 3291 2458 3340 assentientem
2503 3305 2613 3339 non

1524 3356 1710 3408 habet.
1749 3387 1821 3397 —-
1852 3357 1918 3406 In
1954 3372 2106 3422 seqq.
2144 3374 2213 3407 τα
2256 3355 2413 3408 εἴδεα
2448 3358 2615 3423 signi-

1526 3424 1694 3476 ficant
1716 3426 1971 3490 speciem,
2005 3442 2113 3491 qua
2135 3426 2217 3477 illi
2240 3427 2317 3477 dii
2342 3426 2507 3491 vulgo
2534 3442 2615 3477 re·

1523 3494 1874 3575 praemsentati
1895 3495 2114 3546 fuerint.

1594 3560 1754 3642 μέχρι
1802 3549 1874 3612 οὗ
1925 3555 2130 3628 πρώην
2178 3576 2237 3612 τε
2291 3556 2388 3610 καὶ
2447 3555 2611 3628 χθὲς]

1525 3623 1731 3694 πρώην
1784 3645 1841 3680 τε
1902 3628 1999 3682 καὶ
2054 3625 2194 3697 χθὲς
2253 3631 2613 3695 proverbialis

1524 3701 1757 3762 locutio,
1793 3715 1902 3766 qua
1920 3700 2054 3753 illud
2079 3701 2355 3752 indicatur
2378 3705 2615 3766 tempus,

1525 3770 1672 3836 quod
1706 3769 2012 3834 nuperrime
2043 3768 2446 3836 praeterfluxit,
2493 3785 2613 3834 pro-

1523 3840 1669 3890 xime
1728 3840 2022 3891 antecedit.
2103 3838 2367 3902 Exempla
2424 3855 2455 3888 e
2507 3840 2615 3890 De-

1523 3908 1805 3959 mosthene
1841 3913 1896 3959 et
1929 3909 2164 3975 Iosepho
2200 3909 2427 3974 praebet
2459 3909 2614 3959 Wes-

1524 3978 1786 4043 selingius
1822 3981 1934 4029 tum
1971 3979 2041 4030 ad
2068 3979 2124 4030 h.
2160 3979 2199 4031 l.
2235 3982 2353 4028 tum
2390 3978 2613 4029 adDio-

1526 4048 1644 4099 dor.
1701 4045 1871 4098 Sicul.
1930 4048 2005 4109 11,
2065 4050 2116 4100 5.
2206 4047 2453 4098 Pertinet
2506 4047 2614 4100 huc

1526 4131 1742 4182 quoque
1776 4116 1937 4168 Plato
1984 4119 2067 4168 De
2102 4119 2275 4183 Legg.
2326 4116 2431 4167 111.
2482 4132 2610 4182 pag.

1524 4186 1719 4237 677D.
1757 4186 1919 4236 simili
1952 4187 2008 4237 in
2037 4203 2096 4237 re
2132 4186 2356 4237 eandem
2382 4185 2614 4237 locutio-

1524 4271 1647 4306 nem
1674 4253 1956 4319 adhibens,
1980 4271 2121 4322 quae
2147 4272 2213 4306 ex
2236 4256 2474 4306 Homero
2502 4253 2613 4318 (Ili.

1520 4325 1598 4387 11,
1643 4323 1763 4387 303,
1806 4326 1903 4375 ubi
1949 4326 2022 4377 cf.
2076 4321 2415 4390 interprett.)
2463 4339 2615 4389 repe-

1520 4392 1689 4445 tenda
1735 4394 1971 4446 videtur.
2054 4395 2201 4446 Hmc
2244 4407 2463 4458 quoque
2516 4393 2616 4444 So-
