3109 5092
1142 314 1639 377 EUTERPE.
1687 317 1770 375 Π.
1826 324 1944 379 117.

2564 313 2687 377 683

622 483 923 563 Αἰγυπτίη
944 506 956 518 ·
999 485 1071 568 τῇ
1102 490 1349 546 πλεῖστα
1384 483 1571 566 φέρειο
1593 485 1867 567 ζείδωρος
1910 480 2140 570 ἄρουρα

625 580 948 666 φάρμακα,
987 578 1178 649 πολλὰ
1214 585 1326 668 μὲν
1369 578 1559 648 ἐσθλὰ
1593 588 1952 667 μεμιγμένα,
1999 580 2189 651 πολλὰ
2234 587 2299 650 δὲ
2340 582 2545 672 λυγρά.

412 695 524 762 καὶ
554 691 716 761 τάδε
744 696 939 782 ἕτερα
975 694 1140 784 πρὸς
1178 698 1566 784 Τηλέμαχον
1593 697 1958 777 Μενέλεως
1989 700 2168 783 λέγει
2190 719 2205 733 ·

625 802 915 892 Αἰγύπτῳ
955 802 1017 888 μ’
1069 810 1155 872 ἔτι
1204 812 1381 893 δεῦρο
1426 810 1565 873 θεοὶ
1610 813 1892 891 μεμαῶτα
1934 811 2181 873 νέεσθαι

629 908 835 989 ἔσχον,
881 907 1011 972 ἐπεὶ
1056 905 1131 974 οὔ
1170 930 1318 990 σφιν
1370 914 1538 997 ἔρεξα
1584 913 1892 992 τεληέσσας
1924 909 2275 994 ἑκατόμβας.

406 1017 515 1089 Ἐν
542 1017 837 1088 τούτοισι
872 1035 1043 1088 τοῖσι
1086 1027 1274 1091 ἔπεσι
1307 1027 1535 1111 δηλοῖ,
1575 1018 1677 1091 ὅτι
1707 1018 2031 1111 ἠπίστατο
2066 1019 2193 1112 τὴν
2233 1024 2299 1100 ἐς
2331 1031 2684 1108 Αἴγυπτον

330 1121 876 1213 ιῡΊἈλεξοῖνδρου
913 1122 1212 1214 πλάνην·
1258 1120 1569 1214 ὁμουρέει
1601 1123 1729 1215 γὰρ
1773 1120 2067 1214 ἡΣυρίη
2098 1123 2456 1218 Αἰγύπτῳ·
2506 1128 2574 1192 οἱ
2610 1122 2685 1192 δὲ
2729 1133 2737 1141 “

412 1232 758 1312 Φοίνικες,
799 1231 938 1295 τῶν
980 1230 1117 1297 ἐστὶ
1158 1224 1199 1318 ἡ
1242 1226 1516 1313 Σιδών,
1579 1233 1655 1298 ἐν
1701 1234 1782 1318 τῇ
1822 1236 2047 1318 Συρίῃ
2097 1231 2413 1299 οἰκέουσι.
2494 1224 2823 1296 Κατά117

414 1335 625 1399 ταῦτα
654 1330 732 1398 δὲ
756 1326 837 1398 τὰ
868 1335 1053 1417 ἔπεα,
1086 1335 1198 1402 καὶ
1227 1331 1382 1403 τόδε
1403 1331 1477 1403 τὸ
1503 1340 1753 1421 χωρίου
1785 1328 1910 1399 οὐκ
1937 1329 2176 1420 ἥκιστα
2207 1328 2376 1401 ἀλλὰ
2401 1329 2686 1420 μάλιστα

413 1439 611 1522 δηλοῖ
623 1486 641 1518 ,
686 1430 786 1502 ὅτι
817 1431 942 1503 οὐκ
973 1430 1268 1525 Ὁμήρου
1303 1436 1385 1506 τὰ
1419 1435 1699 1523 Κύπρια
1736 1435 1900 1505 ἔπεά
1927 1438 2065 1505 ἐστι
2086 1488 2105 1521 ,
2147 1433 2294 1505 ἀλλ’
2328 1431 2542 1504 ἄλλου
2584 1461 2683 1503 τι·

477 1644 740 1718 ὁμουρέει
777 1644 882 1717 γὰρ
920 1648 956 1717 ἡ
991 1652 1178 1719 Συρίη
1211 1647 1495 1720 Αἰγύπτῳ]

408 1723 594 1788 Syriae
629 1738 822 1774 nomen
868 1725 1014 1789 apud
1048 1725 1385 1776 Herodotum
1419 1724 1497 1774 la-

411 1794 520 1844 tius
555 1796 767 1858 patere,
820 1794 926 1843 iam
962 1809 1127 1859 supra
1164 1795 1233 1845 ad
1270 1797 1316 1857 I,
1350 1795 1400 1845 6.
1428 1796 1496 1844 72

409 1864 739 1913 notavimus.
813 1864 952 1913 Nam
988 1863 1091 1913 hoc
1128 1866 1342 1915 nomine
1386 1879 1497 1913 om-

409 1948 528 1983 nem
567 1948 779 1998 quoque
825 1948 975 1983 oram
1026 1935 1353 1985 maritimam
1389 1937 1495 1984 tra-

409 2007 664 2067 ctumque
701 2002 1041 2053 adiacentem
1091 2003 1218 2055 inde
1254 2005 1324 2055 ab
1361 2003 1496 2054 Asia

409 2072 612 2123 minore
647 2087 818 2137 usque
852 2071 922 2122 ad
955 2073 1262 2138 Aegyptum
1295 2075 1495 2125 Noster

408 2141 799 2206 complectitur.
856 2141 1016 2193 Conf.
1044 2143 1120 2205 ΙΙ,
1154 2144 1241 2196 58.
1268 2145 1397 2206 vn,
1422 2144 1493 2195 89

407 2215 464 2262 et
497 2210 724 2263 Rennel.
763 2211 800 2262 l.
840 2211 876 2262 l.
915 2228 970 2277 p.
1009 2213 1132 2265 486.

749 2384 882 2435 Car.
925 2384 1143 2436 CXVII.

475 2479 636 2536 Κατὰ
662 2485 839 2537 ταῦτα
871 2482 935 2537 δὲ
969 2480 1038 2537 τὰ
1075 2483 1211 2537 ἔπεα
1251 2504 1302 2537 κ.
1334 2505 1381 2538 τ.
1415 2488 1487 2554 L]

404 2557 561 2620 Quod
606 2558 663 2606 in
700 2572 853 2623 seqq.
902 2573 1001 2623 pro
1052 2555 1226 2621 δηλοῖ
1256 2558 1490 2610 Valcke-

403 2627 587 2676 narius
647 2628 884 2678 coniecit
938 2624 1143 2691 δῆλον,
1212 2633 1489 2693 receptum

404 2696 530 2746 dein
575 2711 609 2746 a
655 2696 987 2758 Borheekio,
1036 2697 1224 2747 Reizio
1268 2703 1324 2748 et
1357 2698 1490 2748 Din-

403 2765 601 2827 dorfio,
643 2781 706 2817 eo
742 2768 960 2817 minime
987 2780 1142 2830 opus,
1174 2765 1332 2817 libris
1359 2768 1490 2819 scri-

403 2838 512 2900 ptis
547 2837 868 2901 praesertim
903 2835 1327 2900 refragantibus,
1366 2852 1489 2887 cum

402 2902 576 2969 δηλοῖ
595 2906 944 2956 intransitive
974 2910 1029 2956 et
1056 2906 1490 2972 impersonaliter

399 2975 567 3026 liceat
586 2977 860 3041 accipere:
905 2983 1144 3040 apparet,
1174 2979 1489 3040 perspicuum

402 3052 503 3110 est,
541 3050 604 3095 ut
640 3045 747 3109 IX,
795 3046 863 3097 68
901 3050 957 3095 et
991 3044 1152 3110 alibi,
1196 3051 1343 3097 recte
1379 3063 1489 3098 mo-

400 3120 562 3166 nente
619 3115 1152 3180 Schweighaeusero.
1251 3117 1486 3168 Gravius

399 3184 534 3236 illud
584 3189 695 3247 est,
748 3185 893 3250 quod
940 3183 1155 3249 χωρίον
1202 3201 1263 3236 eo
1302 3202 1484 3251 sensu,

400 3271 506 3321 quo
541 3253 632 3303 hic
682 3255 746 3303 de
789 3256 899 3304 Ioco
941 3257 1209 3318 scriptor&
1251 3255 1484 3319 dicatur,

398 3324 492 3373 vix
525 3322 674 3387 apud
709 3321 878 3371 ullum
905 3324 1101 3388 prioris
1125 3326 1326 3376 aetatis
1352 3327 1485 3376 scri-

398 3396 606 3458 ptorem
643 3391 876 3441 inveniri
910 3392 1050 3443 idem
1085 3392 1481 3446 Valckenarius

399 3465 599 3510 monet.
674 3460 778 3522 Qui
813 3464 996 3510 autem
1033 3466 1222 3512 contra
1258 3464 1486 3513 afferun-

396 3536 486 3581 tur
532 3529 665 3590 loci,
720 3530 959 3594 Lycurgi
1002 3534 1176 3579 contr.
1207 3533 1482 3583 ,Leocrat.

398 3601 449 3663 ἐ.
490 3599 573 3650 31.
611 3614 666 3663 p.
705 3599 805 3649 152
844 3602 900 3647 et
933 3599 1152 3648 Arriani
1179 3600 1238 3649 in
1273 3600 1479 3666 Exped.

398 3669 567 3730 ALI,
608 3668 690 3729 12,
727 3670 788 3722 2,
825 3683 1007 3719 eorum
1043 3666 1208 3719 aliam
1242 3684 1363 3721 esse
1400 3686 1482 3721 ra-

395 3741 599 3790 tionem
623 3738 894 3789 existimo,
923 3738 1042 3801 Quo
1064 3737 1279 3789 accedit
1302 3740 1484 3820 etiam,

397 3808 541 3874 quod
585 3809 752 3858 verba
790 3808 929 3859 ista:
974 3803 1070 3856 καὶ
1105 3799 1237 3857 τόδε
1282 3801 1345 3857 τὸ
1380 3824 1486 3872 χω-

400 3877 529 3940 ρίον
563 3876 634 3926 ad
678 3877 856 3928 locum
903 3877 1152 3943 superius
1199 3877 1484 3930 laudatum

385 3947 465 3996 'ex
499 3945 701 4008 Iliade,
738 3963 843 4011 quo
872 3951 1216 4011 memoratur,
1251 3947 1484 3998 Alexan-

396 4013 548 4064 drum
574 4030 698 4064 cum
719 4015 935 4066 Helena
966 4031 1064 4081 per
1093 4021 1308 4067 vastum
1336 4033 1483 4068 mare

394 4087 687 4147 vagantem
749 4084 820 4134 ad
875 4084 1130 4135 Sidonem
1188 4086 1482 4150 appulisse,

395 4152 694 4217 pertinent,
735 4153 791 4202 id
829 4152 972 4218 quod
1008 4153 1194 4204 durius
1226 4163 1374 4205 certe
1405 4158 1483 4204 vi-

396 4222 583 4282 detur,
650 4221 886 4287 itemque
944 4238 1054 4272 non
1114 4225 1482 4275 necessarium

393 4295 539 4369 post
551 4291 722 4341 verba
744 4292 1125 4342 antecedentia
1145 4286 1287 4342 κατὰ
1307 4292 1483 4342 ταῦτα

393 4353 459 4412 δὲ
481 4350 550 4409 τὰ
577 4353 731 4417 ἔπεα,
780 4360 1010 4414 Codices
1044 4366 1101 4413 et
1135 4362 1274 4413 haec
1310 4362 1479 4413 verba

1598 1657 1655 1704 et
1683 1652 1893 1720 reliqua
1913 1653 2072 1704 huius
2095 1653 2296 1718 eapitis
2319 1652 2501 1702 omnia
2522 1666 2689 1716 agno-

1598 1728 1781 1785 scunt,
1840 1729 1903 1773 ut
1953 1723 2218 1773 haetenus
2272 1721 2474 1772 nullam
2528 1721 2687 1771 fidem

1598 1798 1802 1842 mereat
1849 1792 2140 1842 Borheckii
2185 1792 2456 1856 suspicio,
2510 1795 2685 1840 totum

1598 1868 1765 1926 caput
1801 1862 2007 1912 CXVII
2045 1862 2286 1927 spurium
2322 1860 2517 1910 videri.
2570 1860 2686 1910 Nec

1596 1932 1893 1997 quidquam
1925 1932 2120 1981 eiicere
2150 1931 2397 1996 equidem
2434 1930 2684 1991 audeam,

1595 2016 1922 2066 quamquam
1968 2001 2100 2050 mihi
2135 2015 2355 2078 quoque
2386 2014 2585 2077 magna
2622 1996 2686 2047 fit

1596 2072 1864 2136 suspicio,
1924 2071 2094 2122 verba
2146 2065 2244 2119 nal
2289 2060 2421 2118 τόδε
2466 2059 2531 2116 τὸ
2576 2083 2684 2133 χω-

1597 2139 1727 2204 ρίον
1766 2141 1840 2191 ad
1875 2141 2174 2205 marginem
2221 2138 2349 2190 olim
2387 2138 2557 2188 fuisse
2591 2138 2685 2189 ad-

1594 2211 1800 2275 scripta
1820 2226 1886 2260 ac
1907 2210 2129 2273 deinde,
2153 2214 2215 2260 ut
2242 2209 2361 2259 fieri
2386 2198 2544 2269 solet]
2570 2213 2685 2259 tex-

1594 2281 1675 2330 tui
1709 2281 1936 2331 inserta.
1990 2280 2127 2331 Inde
2162 2284 2217 2330 et
2251 2280 2388 2329 haec
2423 2277 2594 2329 verba
2629 2283 2683 2330 et

1593 2350 1879 2415 sequentia
1907 2340 2014 2399 οὐκ
2046 2340 2255 2414 ἥκιστα
2289 2339 2428 2397 ἀλλὰ
2444 2338 2683 2412 μαλιστα

1591 2421 1746 2470 uncis
1799 2419 2019 2471 inclusit
2059 2419 2374 2470 Dietschius
2423 2423 2682 2501 *3⁸¹¹qu

1592 2491 1796 2554 spuria.
1828 2490 2059 2539 Locutio
2081 2483 2188 2539 οὐκ
2208 2480 2412 2553 ἥκιστα
2428 2486 2565 2537 αλλα
2578 2502 2681 2551 μα-

1590 2558 1752 2607 λιστα
1785 2559 2061 2609 invenitur
2096 2573 2313 2623 quoque
2351 2556 2427 2618 11,
2455 2556 2543 2617 43,
2580 2573 2681 2606 nec

1592 2629 1710 2677 sine
1747 2628 1980 2693 quadam
2020 2628 2074 2676 vi
2110 2627 2166 2678 h.
2203 2626 2242 2677 l.
2281 2625 2407 2690 poni
2445 2626 2676 2677 videtur.

1590 2697 1756 2748 Redit
1800 2702 1979 2747 autem
2025 2711 2089 2746 eo
2134 2696 2247 2746 fere
2283 2693 2550 2745 Herodoti
2598 2710 2682 2744 ar-

1592 2771 1934 2832 gumentum:
1997 2766 2140 2831 quod
2188 2764 2334 2830 apud
2384 2764 2679 2815 Homerum

1592 2836 1829 2902 vestigia
1863 2851 2103 2886 errorum
2130 2834 2348 2885 Paridis
2395 2834 2679 2886 inveniun-

1593 2910 1682 2956 tur
1706 2904 1866 2971 (quae
1895 2906 2016 2972 ipsa
2042 2905 2177 2955 satis
2203 2903 2486 2955 declarant
2505 2942 2519 2967 ,
2553 2920 2678 2970 poe-

1592 2980 1705 3026 tam
1736 2975 1892 3041 plura
1928 2976 1995 3026 de
2017 2975 2101 3025 his
2136 2974 2476 3040 cognovisse,
2515 2990 2676 3040 quam

1590 3061 1730 3110 quae
1774 3047 1830 3095 in
1866 3047 1987 3112 ipso
2029 3046 2269 3096 carmine
2309 3043 2674 3110 indicaverit),

1591 3115 1718 3167 inde
1757 3115 1943 3182 colligi
1980 3114 2204 3181 poterit,
2250 3116 2545 3166 Homerum
2582 3130 2675 3166 au-

1589 3190 1792 3237 ctorem
1829 3202 1938 3236 non
1974 3201 2093 3236 esse
2131 3186 2426 3236 carminum
2453 3184 2677 3251 Cyprio-

1588 3270 1733 3319 rum,
1789 3257 1982 3322 quibus
2029 3255 2187 3306 Paris
2240 3255 2423 3305 fausto
2480 3255 2675 3305 itinere

1589 3325 1697 3374 iam
1725 3326 1887 3376 tertio
1922 3325 2010 3375 die
2031 3326 2088 3374 in
2121 3325 2353 3390 patriam
2383 3322 2675 3373 revertisse

1588 3394 1925 3446 tradebatur.
1954 3394 2108 3455 Quae
2131 3392 2534 3457 argumentatio
2557 3406 2676 3454 spe-

1587 3463 1788 3513 ciosior
1836 3478 1994 3527 quam
2043 3463 2226 3512 verior
2270 3460 2487 3509 videtur
2530 3460 2675 3509 Hen-

1585 3531 1875 3592 richsenio,
1911 3531 2031 3579 viro
2070 3530 2249 3590 docte,
2288 3529 2566 3580 inComm.
2605 3528 2674 3579 de

1587 3614 1807 3649 carmm.
1822 3600 1985 3665 Cypr.
1998 3600 2179 3652 Havn.
2203 3598 2340 3648 1828
2357 3613 2482 3663 pag.
2499 3600 2528 3647 7
2556 3612 2670 3663 seq.

1585 3668 1849 3733 Equidem
1883 3669 1960 3718 nil
1997 3669 2325 3728 discernam3
2375 3667 2477 3718 hoc
2514 3669 2673 3718 modo

1589 3740 1763 3788 teneri
1786 3738 1967 3801 velim,
1991 3737 2343 3788 Aristotelem
2367 3751 2581 3803 quoque
2607 3752 2673 3787 ex

1588 3806 1807 3858 diversa
1829 3807 2240 3858 Homericorum
2275 3812 2332 3857 et
2354 3806 2672 3871 Cypriorum

1588 3878 1884 3927 carminum
1919 3876 2103 3927 indole
2124 3876 2397 3928 diversum
2432 3880 2674 3928 statuere

1587 3951 1863 3996 auctorem
1919 3946 1987 3997 de
2045 3950 2149 3997 art.
2205 3950 2351 4012 poet.
2412 3960 2532 4011 cap.
2583 3947 2671 3998 23.

1587 4016 1684 4066 Cr.
1724 4016 1796 4067 ad
1838 4020 2211 4080 argumentum
2266 4015 2424 4065 huius
2474 4017 2674 4081 capitis

1590 4085 1826 4135 conferri
1850 4085 1968 4134 vult
1993 4084 2300 4137 Groddeek.
2328 4085 2395 4135 de
2424 4085 2672 4151 hymnor.

1589 4155 1839 4206 Homerr.
1864 4154 2110 4219 reliquiis
2132 4171 2184 4220 p.
2211 4155 2276 4206 41
2305 4160 2360 4205 et
2383 4157 2480 4217 42,
2532 4157 2673 4205 Mat-

1586 4222 1735 4273 thiae
1747 4222 2153 4276 Animadverss.
2166 4224 2238 4275 ad
2251 4225 2433 4290 hymn.
2445 4225 2670 4275 Homer.

1584 4306 1713 4373 pag
1752 4293 1821 4344 68
1834 4307 1972 4374 ,seq

1678 4376 1764 4412 οτι
1783 4350 1889 4411 οὔκ
1902 4352 2154 4428 Ομηρου
2190 4352 2260 4411 τὰ
2279 4351 2515 4425 Κύπρια
2536 4352 2676 4411 ἔπεα
