3109 5092
503 268 627 331 856
1281 262 1828 325 Excusssus
1864 218 1999 325 ‘vn

504 428 982 514 significationem,
1018 457 1180 511 quam
1203 440 1371 493 verbo
1392 442 1577 492 ποιεῖν
1598 437 1859 489 tributam
1884 436 2020 503 vult,
2054 437 2406 506 probandam,
2443 435 2593 489 alios
2616 454 2807 507 quos-

505 532 624 583 dam
653 529 806 580 locos
843 527 1109 597 (Diogen.
1134 526 1323 579 Laert.
1347 524 1592 577 Praefat.
1618 526 1670 587 S.
1696 526 1749 579 3.
1786 521 2057 574 Herodot.
2084 521 2188 588 111,
2216 524 2305 580 38.
2343 521 2609 590 Sophocl.
2638 524 2803 593 apud

505 614 701 667 Athen.
724 610 881 664 XIII.
907 610 1163 680 p.604D.
1187 609 1334 661 xlv,
1357 626 1410 678 p·
1435 611 1538 668 627
1553 608 1623 659 D.
1660 606 1878 658 Platon.
1903 606 2099 673 Lysid.
2125 624 2179 675 p.
2204 612 2307 664 205
2332 605 2397 657 A.
2428 606 2512 658 De
2533 605 2797 677 Republ.

505 698 579 750 11.
607 716 663 768 p.
686 698 793 756 379
815 694 940 762 A.)‚
992 711 1224 764 quorum
1261 700 1437 747 tamen
1475 691 1620 745 ratio
1661 690 1841 743 aliena
1880 690 2101 743 videtur
2142 691 2209 742 ab
2248 706 2313 743 ea
2346 689 2796 758 significatione,

505 798 666 853 quam
697 780 819 849 ipse
855 779 910 831 iu
945 778 1065 831 loco
1103 778 1421 831 Herodoteo
1459 775 1644 830 valere
1685 775 2038 827 existimavit.
2098 774 2283 845 Atque
2314 775 2505 827 afferri
2550 793 2795 846 quoque

499 866 707 938 poterit
745 862 883 916 alter
920 863 1115 915 Nostri
1151 863 1305 915 locus
1338 862 1434 927 IV,
1469 868 1567 921 35:
1612 852 1869 929 (ὕμνον)
1904 854 2005 913 τόν
2038 876 2138 927 σφι
2167 852 2347 928 Ὠλὴν
2383 852 2528 928 ἀνὴρ
2566 856 2797 926 Λύκιος

502 945 626 1006 ἔπο
642 952 794 1018 ιἠσε
811 989 827 1018 ,
867 964 1008 1018 quae
1031 949 1199 1000 verba
1227 947 1308 1000 sic
1331 946 1573 1000 reddidit
1590 945 1898 997 Pausanias
1926 944 2018 1011 IX,
2049 947 2138 1009 27,
2161 952 2228 1004 2:
2258 938 2469 1006 Λύκιος
2495 941 2557 998 δὲ
2577 938 2793 1018 Ὠλὴν,

498 1027 563 1099 ὃς
600 1032 699 1088 καὶ
719 1027 850 1094 τούς
881 1024 1093 1101 ὕμνους
1112 1026 1244 1093 τοὺς
1277 1024 1676 1101 ἀρχαιοτάτους
1706 1023 2041 1098 ἐποίησεν
2063 1020 2413 1099 Ἕλλησιν,
2452 1030 2578 1082 coll.
2622 1032 2792 1097 vm,

499 1128 588 1180 21.
614 1124 665 1185 S.
692 1124 755 1185 3,
805 1117 899 1169 ubi
933 1117 1074 1171 idem
1110 1117 1366 1169 laudatur
1387 1119 1616 1186 Δηλίοις
1649 1106 1863 1182 ὕμνους
1893 1110 1990 1166 καὶ
2024 1107 2225 1175 ἄλλους
2259 1131 2343 1166 πο
2363 1108 2437 1183 ιη’
2448 1132 2574 1176 σας
2596 1115 2703 1169 καὶ
2734 1112 2794 1179 ἐς

499 1201 826 1259 Εἰλειθυιαν
848 1221 901 1255 κ.
932 1220 979 1255 τ.
1003 1205 1052 1255 λ.
1096 1201 1188 1253 Sic
1211 1201 1478 1265 Aristeas,
1516 1200 1613 1269 qui
1636 1193 1899 1260 ἐποποιὸς
1921 1199 2069 1267 apud
2091 1199 2313 1251 Suidam
2344 1206 2592 1268 vocatur,
2629 1203 2791 1270 apud

499 1287 840 1342 Herodotum
864 1285 959 1352 IV,
984 1290 1054 1343 13
1075 1284 1226 1355 (coll.
1259 1290 1339 1341 14.
1366 1286 1460 1351 16)
1485 1284 1689 1336 dicitur
1710 1280 1882 1337 ἔπεα
1900 1288 2102 1352 ποιεῖν,
2137 1283 2371 1335 Alcaeus
2395 1302 2529 1336 vero
2548 1285 2649 1354 (V,
2677 1289 2792 1353 95)

504 1367 563 1427 ἐν
585 1368 733 1440 μέλεϊ
765 1374 968 1423 ποιεῖν.
1036 1369 1098 1420 In
1125 1369 1330 1438 quibus
1361 1368 1495 1421 locis
1523 1369 1747 1421 verbum
1773 1372 1960 1422 ποιεῖν
1994 1385 2101 1420 non
2138 1386 2254 1420 eam
2283 1368 2457 1420 solum
2487 1369 2650 1421 animi
2683 1371 2789 1424 de-
2862 1438 2879 1449 ·

503 1456 675 1509 clarat
719 1453 1066 1520 facultatem,
1127 1469 1268 1522 quae
1327 1454 1394 1504 ad
1431 1459 1709 1522 sormam,
1762 1460 1825 1505 ut
1868 1453 2171 1521 loquimur,
2226 1459 2473 1522 spectat,
2519 1471 2641 1506 cum
2690 1474 2790 1508 res

502 1540 681 1593 animo
722 1542 1016 1610 perceptae
1053 1555 1305 1590 sermone
1349 1537 1521 1606 ligato
1568 1543 1927 1606 exponuntur
1967 1543 2134 1606 atque
2170 1538 2250 1589 ita
2284 1537 2421 1589 artis
2467 1557 2637 1608 opera
2684 1542 2789 1592 ad-

500 1625 672 1678 hibita
703 1630 1074 1691 exornantur,
1119 1623 1216 1674 sed
1249 1622 1317 1674 ad
1353 1623 1633 1676 materiam
1656 1638 1878 1691 quoque
1900 1622 2172 1687 refertur,
2219 1622 2338 1674 sive
2375 1622 2444 1674 ad
2479 1640 2787 1691 argumen-

501 1718 642 1778 tum,
695 1708 842 1778 quod
879 1714 1076 1777 poetae
1108 1707 1290 1777 ipsius
1335 1707 1563 1775 ingenio
1610 1706 1974 1774 excogitatum
2027 1713 2084 1758 et
2116 1706 2171 1758 in
2208 1707 2440 1759 medium
2474 1708 2783 1778 prolatum,

500 1795 730 1864 suisque
763 1793 981 1860 legibus
1018 1799 1074 1844 et
1115 1791 1363 1844 consiliis
1405 1796 1494 1844 est
1531 1792 2002 1843 accommodatum.
2067 1791 2227 1844 Unde
2264 1791 2404 1844 satis
2437 1792 2637 1862 opinor
2680 1812 2787 1864 pa·

498 1880 667 1946 tebit,
723 1876 866 1929 illam
899 1876 1259 1944 Wesselingii
1294 1877 1589 1943 rationem,
1649 1892 1759 1945 qua
1793 1875 1900 1928 vim
1939 1884 1995 1928 et
2033 1882 2359 1945 potestatem
2394 1878 2553 1929 verbi
2588 1885 2785 1933 ποιεῖν

498 1964 554 2015 in
581 1968 773 2015 nostro
810 1962 928 2013 loco
951 1961 1018 2013 ad
1036 1968 1282 2031 sormam
1312 1966 1522 2013 tantum
1558 1961 1890 2028 referamus,
1927 1959 2152 2012 exclusa
2181 1979 2416 2030 prorsus
2453 1961 2628 2015 altera
2660 1963 2783 2032 illa,

499 2063 640 2117 quae
675 2046 745 2098 ad
786 2046 960 2116 ipsam
994 2062 1217 2115 quoque
1251 2047 1532 2102 materiam
1577 2050 1821 2114 spectat,
1870 2046 2094 2114 probari
2130 2063 2239 2097 non
2269 2063 2468 2115 posse,
2520 2050 2782 2116 quamvis

499 2136 773 2200 receptam
798 2147 830 2181 a
850 2130 1147 2198 Larchero,
1182 2129 1607 2197 wyttenbachio
1640 2129 1738 2199 (ad
1760 2128 1979 2181 Platon.
2004 2129 2284 2181 Phaedon.
2313 2148 2367 2199 p.
2387 2135 2508 2197 129,
2538 2133 2632 2184 ubi
2654 2134 2715 2184 b.
2742 2134 2779 2185 l.

503 2217 582 2267 sic
612 2214 768 2267 reddi
804 2214 954 2266 vultt
1001 2214 1098 2280 „hi
1133 2231 1264 2265 vero
1291 2220 1454 2281 sunt,
1500 2213 1597 2283 qui
1617 2213 1841 2265 deorum
1875 2213 2266 2280 generationes
2285 2215 2517 2268 Graecis
2538 2220 2785 2272 carmine

503 2297 954 2369 prodiderunt“),
996 2297 1341 2365 Goettlingio
1375 2299 1472 2367 (ad
1486 2298 1719 2350 Hesiod.
1746 2297 1989 2350 Praefat.
2025 2317 2081 2368 p.
2104 2298 2231 2350 XLI
2266 2298 2353 2351 ed.
2384 2301 2528 2368 sec.)
2565 2302 2782 2370 Negris

499 2388 636 2453 (quo
679 2386 931 2434 monente
954 2376 1014 2435 οἱ
1029 2374 1363 2451 ποιήσαντες
1391 2388 1526 2435 sunt
1552 2378 1612 2435 οἱ
1638 2376 1955 2451 γράψαντες
1986 2379 2064 2444 εἰς
2092 2383 2335 2451 στίχους,
2376 2380 2436 2437 οἷ
2456 2383 2781 2456 στιχοποιή-

497 2471 744 2540 σαντες),
785 2464 927 2518 aliis.
988 2466 1205 2519 Etenim
1241 2467 1344 2519 iam
1381 2466 1586 2519 dudum
1620 2466 1709 2519 vel
1744 2474 1974 2537 propter
2007 2467 2249 2520 dativum
2285 2460 2564 2543 (Ἕλλησι)
2600 2473 2777 2524 verbo

495 2547 828 2622 ποιήσαντες
867 2550 1110 2605 additum
1152 2551 1220 2603 de
1256 2552 1356 2604 hac
1390 2551 1746 2619 Wesselingii
1789 2551 2004 2604 ratione
2041 2552 2317 2605 dubitavit
2354 2554 2590 2607 Wolfius
2632 2555 2774 2608 Pro-

497 2639 640 2706 legg.
677 2637 901 2689 Homer.
941 2656 996 2707 p.
1036 2636 1192 2703 Lrv,
1248 2637 1586 2705 eandemque
1634 2652 1869 2705 prorsus
1916 2636 2237 2706 reprobavit
2269 2644 2541 2707 tamquam
2575 2638 2774 2693 falsam

496 2724 568 2774 G.
613 2722 910 2775 Hermann.
970 2721 1353 2793 (Homerische
1396 2719 1583 2773 Briefe
1629 2738 1685 2789 p.
1732 2726 1797 2779 11
1844 2738 2000 2789 seqq.
2049 2721 2259 2790 Opusc.
2302 2722 2377 2773 11.
2426 2740 2480 2791 p.
2507 2727 2603 2783 171
2644 2726 2771 2777 coll.

495 2807 722 2860 Wiener
742 2806 971 2859 Jahrbb.
996 2805 1142 2858 LIV.
1170 2822 1225 2873 p.
1253 2806 1415 2870 232),
1464 2805 1554 2857 cui
1593 2804 1910 2857 Creuzerus
1946 2805 2333 2875 (Homerische
2358 2806 2546 2859 Briefe
2580 2826 2637 2877 p.
2671 2811 2772 2877 27)

494 2890 865 2960 adstipulatus
890 2896 977 2942 est
993 2931 1006 2957 ,
1045 2890 1281 2957 itemque
1307 2890 1456 2940 Cron
1483 2889 1595 2957 (De
1619 2889 1843 2958 Orpheo
1867 2906 1920 2957 p.
1946 2894 2015 2947 14
2037 2890 2254 2958 seqq.),
2291 2890 2428 2941 alios
2454 2901 2517 2943 ut
2536 2898 2768 2961 taceam,

493 2991 547 3025 v.
577 2991 625 3025 c.
664 2972 932 3023 Matthiae
954 2972 1296 3024 Vermischte
1321 2972 1548 3024 Schrift.
1577 2990 1629 3040 p.
1660 2979 1790 3037 122,
1838 2973 2086 3044 Lennep.
2114 2975 2180 3026 ad
2209 2974 2442 3027 Hesiod.
2473 2975 2768 3045 Theogon.

492 3075 547 3125 p.
575 3055 700 3123 XII,
737 3072 799 3107 ac
832 3055 1128 3125 praecipue
1153 3055 1412 3108 Nitzsch:
1458 3056 1835 3125 Sagenpoesie
1859 3057 1894 3108 d
1942 3058 2219 3111 Griechen
2244 3077 2299 3128 p.
2324 3064 2430 3118 302
2451 3078 2611 3130 seqq.
2663 3068 2773 3121 544

492 3157 670 3209 seqq„
713 3138 1173 3208 Schimmelpfeng
1197 3140 1253 3191 in
1278 3140 1730 3192 commentatione
1766 3141 1835 3193 de
1859 3140 1965 3193 diis
2002 3133 2059 3194 in
2095 3150 2449 3212 conspectum
2490 3145 2631 3197 hom.
2670 3165 2769 3199 ve—

492 3223 775 3278 nientibus
813 3223 960 3292 apud
994 3223 1288 3275 Homerum
1323 3224 1655 3295 (Marburg.
1696 3227 1873 3293 1845)
1910 3244 1965 3295 p.
2000 3231 2054 3285 8.
2141 3228 2338 3297 Itaque
2377 3230 2547 3282 verbo
2578 3237 2771 3286 ποιεῖν

491 3308 591 3361 hoc
633 3310 751 3362 loco
789 3313 982 3361 nostro
1022 3308 1222 3361 nullam
1264 3308 1504 3360 arbitror
1537 3307 1695 3360 aliam
1731 3310 1905 3361 tribui
1938 3329 2105 3380 posse
2145 3311 2607 3379 significationem
2653 3316 2769 3369 nisi

490 3411 636 3459 eam,
683 3411 792 3464 qua
830 3394 1113 3448 Hesiodum
1148 3403 1306 3462 atque
1331 3395 1658 3447 Herodotum
1693 3395 2063 3466 Theogoniam
2103 3398 2322 3452 Graecis
2348 3400 2643 3454 condidisse
2681 3401 2769 3453 di-

487 3496 693 3531 camus.
764 3478 875 3531 Sed
894 3478 1121 3547 gravior
1141 3471 1246 3531 iam
1271 3479 1520 3532 exoritur
1543 3478 1798 3547 quaestio
1818 3519 1833 3547 ,
1881 3496 1992 3550 quo
2021 3481 2144 3533 iure
2172 3489 2229 3534 et
2255 3499 2366 3552 quo
2402 3500 2574 3536 sensu
2613 3490 2767 3537 uter-

487 3582 597 3633 que
640 3568 806 3633 poeta
841 3570 897 3616 et
931 3565 1170 3618 conditor
1201 3569 1258 3616 et
1292 3566 1537 3618 inventor
1567 3563 1924 3632 Theogoniae
1956 3565 2205 3618 Graecae
2239 3566 2349 3619 dici
2377 3566 2588 3637 possit,
2642 3586 2763 3621 cum

487 3654 615 3700 ante
650 3652 944 3717 utrumque
978 3654 1193 3718 poetam
1230 3648 1367 3701 alios
1401 3666 1502 3717 per
1536 3648 1825 3701 Graeciam
1861 3650 2146 3702 exstitisse
2185 3656 2372 3718 vates,
2423 3653 2763 3719 sacerdotes,

485 3732 554 3783 de
576 3732 745 3784 rebus
769 3732 976 3786 divinis
1000 3734 1286 3786 tradentes
1306 3772 1321 3799 ,
1358 3732 1548 3801 negari
1575 3737 1843 3803 nequeat,
1881 3751 2063 3803 neque
2111 3737 2362 3804 profecto
2399 3753 2465 3788 ea
2486 3737 2763 3790 Herodoti

485 3816 764 3868 sententia
797 3834 922 3869 esse
960 3817 1168 3887 possit,
1222 3824 1285 3869 ut
1329 3817 1816 3888 (quemadmodum
1853 3819 2036 3870 sensit
2074 3819 2224 3872 Cron
2266 3838 2322 3889 p.
2363 3821 2469 3887 15)
2519 3822 2763 3875 nondum

483 3899 706 3966 cognita
726 3899 964 3970 indeque
999 3919 1234 3971 prorsus
1264 3919 1408 3955 nova
1439 3901 1771 3954 tradiderint
1801 3902 2075 3975 Homerus
2118 3908 2284 3974 atque
2306 3904 2619 3973 Hesiodus,
2662 3925 2761 3960 ne·

483 3999 592 4052 que
629 3982 924 4052 quidquam
967 3985 1169 4038 Graeci
1205 3985 1437 4039 fabulati
1487 3986 1699 4040 fuerint
1738 3993 1868 4039 ante
1903 3988 2004 4041 hos
2039 3996 2263 4057 poetas,
2318 3988 2416 4058 qui
2453 3989 2563 4059 ipsi
2596 3991 2763 4059 primi

484 4083 692 4121 omnem
715 4067 1054 4119 Graecorum
1090 4070 1157 4122 de
1190 4070 1296 4123 diis
1331 4071 1636 4123 doctrinam
1674 4071 1794 4123 sive
1827 4072 2148 4139 religionem
2186 4072 2554 4140 excogitarint
2585 4081 2759 4144 atque

481 4151 814 4223 repererint.
881 4151 1002 4203 Hoc
1026 4155 1319 4214 cunnbene
1353 4154 1693 4223 intelligeret
1720 4155 1918 4222 Heyne
1952 4156 2037 4227 (in
2077 4157 2461 4209 commentatt.
2499 4158 2756 4212 societat.

480 4237 735 4305 Gotting.
770 4240 928 4297 1779.
960 4234 1082 4289 Vol.
1107 4237 1181 4288 11.
1206 4256 1260 4306 p.
1285 4241 1447 4304 133),
1492 4239 1761 4292 Herodoti
1797 4242 1966 4293 verba
1999 4241 2078 4291 ita
2119 4241 2293 4311 accipi
2329 4241 2539 4309 voluit,
2593 4248 2658 4295 ut
2697 4243 2757 4295 hi

471 4328 668 4391 poetae
708 4320 866 4392 primi
906 4321 1146 4388 fuerint,
1195 4322 1333 4392 „qui
1371 4339 1465 4390 ea,
1522 4340 1664 4393 quae
1698 4325 1897 4393 priscis
1932 4325 2265 4378 carminibus
2303 4333 2401 4378 aut
2432 4327 2755 4380 narratione
