3109 5092
1219 364 1468 427 CLIO.
1514 367 1567 427 1.
1613 375 1703 430 46.
2512 367 2593 429 93

305 553 505 613 θεῖσα
549 536 684 610 ὑπὸ
714 536 954 627 Κύρου
993 543 1114 608 τοῦ
1143 538 1560 628 Καμβύσεω,
1609 542 1722 609 καὶ
1759 536 1841 608 τὰ
1875 544 2016 609 τῶν
2053 544 2378 629 Περσέων
2419 539 2589 630 πρή-

308 673 522 734 γματα
551 636 1006 729 αὐξανιῆιενα,
1050 646 1337 723 πένθεος
1374 644 1499 731 μὲν
1526 641 1827 734 Κροἴσον
1864 640 2212 713 ἀπέπαυσε
2233 665 2247 680 ·
2307 641 2593 732 -ἒνέβησε

313 750 387 818 δὲ
415 746 481 827 ἐς
509 752 875 837 φροντίδα,
922 755 992 814 εἴ
1020 774 1154 825 κως
1181 747 1460 817 δύναιτο
1476 798 1496 833 ,
1536 750 1701 836 πρὶν
1731 746 2063 835 μεγάλους
2090 749 2412 833 γενέσθαι
2439 746 2597 827 τοὺς

311 855 609 941 Πέρσας,
655 856 1063 937 καταλαβεῖν
1102 847 1329 919 αὐτῶν
1357 848 1824 938 αὐξανομένην
1861 847 1987 938 τὴν
2028 850 2342 939 δύναμιν.
2400 849 2597 919 Μετὰ

315 947 413 1024 ὧν
437 951 564 1042 τὴν
592 953 904 1023 διάνοιαν
939 952 1193 1041 ταύτην
1219 949 1461 1023 αὐτίκα
1484 951 1893 1043 ἀπεπειρᾶτο
1919 956 2058 1032 τῶν
2089 960 2435 1042 μαντηΐων
2462 959 2599 1022 τῶν

313 1086 384 1127 τε
439 1056 515 1126 ἐν
550 1051 825 1144 Ἕλλησι
870 1056 981 1125 καὶ
1032 1062 1156 1124 τοῦ
1207 1053 1284 1126 ἐν
1333 1056 1598 1145 Λιβύῃ,
1673 1058 2051 1143 διαπέμψας
2105 1055 2353 1137 ἄλλους
2402 1054 2595 1145 ἄλλῃ,

314 1158 471 1241 τούς
512 1160 641 1247 μὲν
696 1157 763 1239 ἐς
803 1156 1124 1246 Δελφοὺς
1167 1162 1373 1245 ἰέναι,
1427 1158 1585 1240 τοὺς
1635 1159 1711 1228 δὲ
1764 1157 1834 1239 ἐς
1875 1156 2078 1247 ’Ἄβας
2120 1159 2235 1240 τὰς
2277 1162 2597 1245 Φωκέων,

314 1262 469 1344 τούς
512 1263 589 1332 δὲ
633 1259 702 1343 ἐς
731 1260 1118 1350 Δωδώνην·
1168 1267 1238 1331 οἱ
1263 1265 1345 1331 δέ
1364 1290 1542 1344 τινες
1582 1260 1957 1352 ἐπέμποντο
2001 1263 2184 1352 παρά
2209 1291 2281 1333 τε
2313 1261 2593 1353 Ἀμφιά-

316 1423 516 1498 βύσεω,
559 1420 888 1493 Κυαξάρεω,
927 1429 1084 1490 aliis,
1121 1429 1267 1479 haud
1306 1428 1413 1478 dis-

315 1501 480 1566 plicet
523 1498 908 1563 WesselingiO,
968 1498 1221 1564 quodque
1266 1514 1411 1548 nunc

257 1572 265 1579 “
315 1575 593 1634 receptum
617 1575 702 1618 est
723 1567 1051 1618 aDindorfio
1076 1569 1410 1631 etDietsch.,

314 1640 627 1705 refragante
670 1637 902 1689 Bredov.
951 1654 1007 1702 p.
1067 1638 1200 1700 230,
1253 1653 1412 1703 quem

317 1711 472 1775 sequi
511 1710 687 1758 satius
726 1706 873 1760 duxi
913 1708 1001 1758 Ad
1034 1675 1412 1774 argumentum

319 1780 471 1829 conf.
507 1778 555 1840 Ι,
592 1776 661 1829 95
698 1791 818 1841 sqq.
863 1776 964 1828 128
1000 1792 1154 1843 seqq.

361 1845 725 1927 καταλαβεῖν
770 1836 964 1895 αὐτῶν
1011 1843 1413 1911 αὐξανομένην

316 1909 423 1980 τὴν
467 1909 740 1980 δύναμιν]
796 1913 1139 1983 καταλαβεῖν
1187 1915 1327 1966 male
1381 1931 1415 1965 a

318 1985 596 2036 nonnullis
617 1988 887 2035 mutatum
920 1987 979 2036 in
1013 2000 1157 2035 κατα
1175 1982 1209 2052 β
1221 1985 1410 2048 αλεῐν,

318 2055 634 2106 melioribus
689 2053 847 2107 codd.
895 2054 1115 2116 invitis3
1174 2054 1413 2105 καταλα-

320 2122 445 2193 βειν
479 2126 598 2175 iure
634 2128 818 2174 tuetur
842 2125 1242 2191 Wesselingius
1270 2140 1414 2174 coer-

319 2196 468 2245 cendi
500 2198 556 2245 et
599 2195 947 2257 compescendi
988 2197 1215 2245 notione
1262 2192 1414 2259 (quia

319 2262 562 2315 nondum
615 2279 711 2314 rex
770 2265 950 2314 animo
1010 2264 1271 2315 versabat
1316 2262 1414 2328 gli-

322 2338 563 2384 scentem
580 2334 872 2394 Bersarum
902 2334 1205 2398 potentiam
1238 2336 1413 2396 oppri-

320 2419 453 2453 mere
489 2419 557 2453 ac
592 2417 816 2466 prorsus
862 2413 1119 2465 evertere,
1163 2402 1260 2453 sed
1297 2417 1415 2452 eam

320 2473 503 2538 potius
534 2473 773 2522 accisam
810 2480 867 2521 et
887 2474 1180 2523 coercitam
1208 2487 1417 2537 repres-

322 2558 547 2606 samque
588 2542 658 2592 ab
695 2541 819 2591 aliis
857 2542 1293 2607 expeditionibus
1325 2558 1418 2591 vo-

325 2610 517 2678 lebat),
559 2615 704 2661 teste
735 2611 923 2673 Suida,
958 2613 1051 2662 ubi
1095 2617 1206 2662 est:
1258 2607 1416 2661 κατέ-

323 2677 523 2748 λαβεν·
557 2670 844 2747 ἐπέλαβεν,
867 2648 1063 2746 ἐπέσχε
1086 2682 1188 2745 τῆς
1216 2672 1413 2745 ὁρμῆς.

323 2750 465 2801 Add.
504 2749 709 2799 Herod.
760 2750 827 2811 V,
876 2750 964 2801 21.
1013 2750 1137 2801 coll.
1183 2750 1289 2813 ΙΙΙ,
1326 2748 1414 2801 36.

324 2819 739 2881 52.128.V11‚
789 2785 827 2868 9
870 2823 977 2869 etc.
1021 2851 1094 2860 —-
1130 2821 1259 2870 Mox
1275 2788 1419 2867 διά-

323 2903 495 2937 νοιαν
538 2893 749 2938 mutare
795 2902 963 2938 ausus
1019 2904 1130 2938 non
1180 2904 1330 2950 sum,
1384 2902 1418 2937 a

324 2956 599 3008 Bredovio
632 2973 688 3022 p.
732 2958 853 3007 127.
900 2958 989 3008 vel
1025 2959 1213 3007 invitis
1250 2957 1417 3009 omni-

324 3028 428 3077 bus
450 3026 729 3077 codicibus
748 3030 1017 3077 mutatum
1036 3028 1093 3077 in
1117 3025 1413 3090 ὃιανοίηνς

326 3112 430 3146 nec
463 3096 625 3145 aliter
661 3096 973 3147 faciendum
1019 3098 1215 3163 putavi
1246 3097 1291 3159 Ι,
1326 3095 1414 3147 90.

324 3166 401 3227 11,
455 3164 574 3216 162.
631 3164 751 3217 169.
804 3165 902 3230 lx,
949 3168 1036 3230 45,
1093 3167 1188 3217 ubi
1232 3165 1423 3216 eadem

326 3252 435 3286 vox
465 3234 722 3285 occurrit.

395 3295 536 3360 τοὺς
573 3298 637 3354 δὲ
681 3294 738 3360 ἐς
768 3294 963 3370 Ἀβας
1006 3296 1107 3361 τὰς
1154 3300 1424 3368 Φωκέων]

328 3373 534 3424 Urbem
606 3378 869 3423 memorat
939 3374 1146 3424 hancce
1221 3373 1425 3423 Noster

326 3442 484 3502 Vm,
535 3443 623 3492 27.
661 3440 750 3494 33.
799 3442 920 3504 134,
966 3442 1063 3492 ubi
1104 3441 1216 3492 vid.
1263 3442 1427 3493 Clara

330 3511 437 3560 fuit
471 3510 742 3576 Apollinis
778 3511 1026 3573 oracu10‚
1070 3512 1223 3562 cuius
1260 3514 1426 3562 etiam

329 3581 699 3631 Romanorum
739 3586 925 3631 aetate
958 3596 1199 3631 summus
1232 3581 1423 3644 honor,

330 3655 475 3699 teste
503 3650 785 3700 Pausania
818 3651 888 3711 X,
924 3650 1013 3702 35.
1073 3649 1356 3715 Templum
1393 3667 1427 3701 a

332 3719 517 3769 Persis
547 3717 843 3784 spoliatum
873 3734 939 3770 ac
960 3724 1240 3770 vastatum
1264 3720 1426 3784 paulo

332 3792 459 3851 post
478 3792 849 3838 restauratum
869 3788 1041 3839 fuisse
1058 3789 1291 3853 videtur,
1306 3804 1428 3839 cum

334 3857 609 3907 Mardonii
614 3862 819 3925 aetate
847 3856 1025 3909 denuo
1052 3858 1275 3909 oracula
1301 3857 1429 3908 inde

336 3926 644 3977 ederentur.
712 3927 891 3977 Situm
934 3928 1087 3977 urbis
1130 3927 1507 3999 templique

334 3996 540 4059 primus
575 4001 834 4046 accurate
871 3995 1080 4047 definiit
1131 3996 1430 4060 Ge11„in-

336 4065 517 4115 ventis
569 4066 770 4131 quippe
816 4066 988 4116 ruinis
1007 4081 1216 4148 prope
1260 4066 1432 4116 Chae-

338 4148 588 4197 roneam,
636 4135 732 4184 ubi
784 4149 929 4184 nunc
991 4136 1189 4201 exiguo
1249 4136 1429 4199 spatio

340 4203 552 4253 distans
617 4204 774 4254 vicus
832 4204 1108 4254 invenitur
1162 4204 1432 4263 Exclu-cho,

341 4272 433 4336 qui
465 4272 537 4322 ad
572 4272 842 4323 Libadiae
877 4273 1141 4324 ditionem
1174 4273 1432 4339 pertinet.

338 4340 464 4391 vid.
502 4342 684 4392 Kruse
715 4341 909 4393 Hellas
936 4342 1013 4406 11,
1038 4344 1093 4394 2.
1126 4358 1185 4409 p.
1220 4343 1290 4393 74
1314 4356 1431 4408 seq.

342 4408 467 4461 coll.
506 4408 572 4460 O.
620 4409 690 4462 Ο.
735 4409 951 4463 Miiller.
1002 4411 1062 4462 in
1108 4409 1434 4463 Orchomen.

1512 1444 1568 1493 p.
1605 1428 1709 1480 496
1757 1445 1872 1495 seq.
1920 1434 1977 1479 et
2018 1430 2204 1480 Leake
2251 1430 2503 1495 (Travels
2543 1430 2600 1478 in

1512 1496 1785 1548 Northern
1832 1500 2034 1550 Greece
2078 1500 2156 1551 11.
2201 1516 2255 1565 p.
2313 1500 2467 1566 165),
2508 1500 2603 1565 qui

1514 1566 1638 1616 illas
1676 1568 1861 1618 ruinas
1898 1569 2049 1619 urbis
2084 1570 2284 1619 veteris
2322 1570 2600 1620 describit.

1514 1664 1584 1673 —
1618 1637 1703 1686 De
1739 1639 2018 1689 Dodonaeo
2053 1639 2274 1689 oraculo
2312 1641 2457 1689 conf.
2493 1640 2603 1688 He-

1515 1705 1634 1757 rod.
1661 1705 1754 1785 11,
1792 1709 1879 1758 52.
1920 1710 1988 1759 54
2024 1723 2138 1787 seq.
2169 1709 2355 1773 ibique
2389 1712 2531 1759 nott.

1583 1744 1754 1854 παρά
1786 1789 1844 1824 τε
1896 1767 2246 1841 Ἀμφιάρεων
2294 1773 2390 1826 καὶ
2449 1768 2606 1853 παρα

1522 1837 1894 1910 Τροφωνιον]
1952 1847 2037 1896 Ad
2098 1848 2329 1896 formam
2378 1836 2605 1911 Ἀμφιά-

1516 1927 1663 1979 ρεων
1698 1913 1770 1963 cf.
1807 1915 2042 1965 Bredov.
2080 1932 2135 1980 p.
2179 1915 2296 1967 138.
2344 1942 2412 1951 —
2448 1915 2607 1965 Uter-

1516 1998 1622 2048 que
1657 1987 1813 2033 vates
1851 1983 2222 2035 nobilissimus
2261 1999 2326 2035 ac
2353 1990 2480 2051 post
2512 1984 2607 2033 hu·

1515 2067 1678 2101 mana
1724 2053 1847 2102 fata
1891 2054 1948 2102 in
1995 2054 2217 2105 deorum
2263 2061 2479 2106 coetum
2527 2069 2607 2103 re-

1517 2125 1739 2187 ceptus,
1801 2127 2029 2188 uterque
2089 2124 2322 2175 oraculis
2375 2124 2607 2190 insignis

1514 2207 1618 2241 nec
1650 2194 2066 2255 praetermissus
2103 2195 2352 2245 Ciceroni
2391 2195 2458 2245 de
2488 2197 2605 2243 nat.

1516 2260 1694 2311 deorr.
1729 2262 1834 2324 111,
1886 2263 1970 2315 19.
2018 2265 2385 2328 Amphiaraus,
2434 2263 2608 2314 Oiclis

1515 2330 1690 2393 filius,
1746 2332 2077 2397 expeditioni
2137 2340 2330 2385 contra
2388 2334 2608 2384 Thebas

1518 2406 1809 2464 susceptae
1839 2402 2113 2464 interfuit3
2152 2420 2275 2454 mox
2300 2420 2429 2454 vero
2456 2405 2611 2452 iuxta

1519 2469 1779 2534 Oropum,
1799 2472 2066 2522 Boeotiae
2101 2474 2306 2536 urbem,
2342 2488 2452 2523 una
2488 2487 2609 2522 cum

1518 2539 1808 2604 plaustris,
1847 2542 2042 2605 quibus
2095 2541 2425 2604 vehebatur,
2465 2546 2612 2590 terra

1521 2612 1607 2657 est
1632 2607 1880 2659 obrutus.
1928 2612 2011 2660 Ex
2044 2627 2151 2676 quo
2172 2617 2416 2675 tempore
2439 2610 2610 2659 sacris

1523 2676 1721 2727 colitur
1771 2678 1828 2727 in
1877 2679 2108 2745 templo,
2155 2681 2300 2745 quod
2339 2680 2489 2730 urbis
2534 2680 2612 2728 in·

1518 2747 1672 2797 colae
1721 2754 2010 2798 erexerunt
2045 2751 2298 2815 quodque
2334 2753 2614 2799 vetustum

1517 2816 1804 2882 praedicat
1839 2819 2034 2868 Livius
2080 2820 2256 2881 XLV,
2299 2821 2365 2869 27
2416 2817 2615 2883 (filium

1520 2886 1601 2935 illi
1612 2885 1859 2937 additum
1872 2887 2612 2954 appellansAmphilochum),

1521 2957 1855 3022 oraculaque
1895 2957 2009 3008 edit
2042 2973 2139 3023 per
2175 2959 2389 3009 somnia
2429 2958 2614 3008 scisci-

1519 3025 1787 3095 t‘tibus.
1843 3028 2081 3078 Exstant
2126 3028 2349 3079 classici
2380 3029 2522 3079 hanc
2556 3030 2616 3076 in

1522 3110 1635 3145 rem
1671 3097 1981 3147 Pausaniae
2017 3098 2123 3147 loci
2168 3099 2214 3161 I,
2258 3099 2345 3149 34.
2395 3098 2471 3159 II,
2526 3096 2613 3147 13.

1522 3165 1619 3228 VI,
1656 3167 1739 3216 17.
1785 3167 2044 3232 Aeschyli
2089 3167 2146 3219 S.
2195 3183 2242 3218 c.
2298 3167 2471 3218 Theb.
2511 3167 2615 3217 585

1524 3249 1641 3299 seq.
1688 3234 1857 3285 Plura
1900 3237 2093 3287 Davis.
2132 3237 2202 3287 ad
2249 3238 2498 3287 ciceron.
2548 3235 2616 3284 de

1525 3304 1694 3355 divin.
1737 3305 1782 3367 I,
1832 3306 1920 3357 40.
1978 3308 2062 3357 Ex
2106 3306 2388 3357 Herodoto
2436 3304 2617 3355 conse-

1524 3377 1715 3423 rantur
1743 3374 1791 3437 1,
1816 3374 1904 3425 49.
1940 3377 2026 3426 52.
2063 3376 2219 3438 VIII,
2250 3374 2375 3434 134;
2414 3374 2470 3422 in
2502 3374 2619 3437 qui-

1524 3443 1629 3493 bus
1664 3442 1804 3493 locis
1841 3444 1908 3493 de
1941 3460 2049 3494 uno
2073 3449 2286 3493 tantum
2321 3442 2619 3505 eodemque

1527 3512 1844 3576 Amphiarai
1891 3512 2093 3578 templo
2140 3528 2186 3562 s.
2235 3510 2456 3561 oraculo
2493 3510 2619 3559 Oro—

1519 3583 1640 3644 pico
1699 3579 1789 3644 (de
1835 3597 1941 3647 quo
2001 3582 2074 3631 cf.
2111 3581 2304 3630 Meier
2360 3580 2416 3629 in
2468 3577 2616 3629 Hau.

1528 3648 1829 3714 Encyclop.
1883 3650 1986 3712 ΙΠ,
2035 3650 2086 3701 3.
2131 3664 2185 3714 p.
2240 3650 2363 3700 454.
2415 3648 2620 3699 Preller

1528 3735 1582 3784 p.
1636 3719 1736 3770 170
1781 3717 1963 3784 seqq.)
2012 3719 2245 3784 cogitari
2299 3733 2461 3783 posse
2512 3720 2619 3769 exi-

1527 3787 1712 3851 stimo,
1734 3803 1910 3853 neque
1938 3787 2006 3838 de
2041 3804 2104 3839 eo
2124 3788 2443 3854 Amphiarai
2469 3788 2619 3851 fan0‚

1530 3856 1676 3922 quod
1722 3856 1809 3908 vel
1857 3859 1993 3924 ipsis
2046 3859 2249 3909 Thebis
2311 3859 2399 3909 vel
2453 3874 2622 3924 prope

1530 3926 1844 3977 Thebarum
1875 3928 2066 3978 urbem
2101 3929 2275 3978 fuisse
2309 3927 2520 3991 volunt,
2557 3933 2622 3978 ut

1468 3972 1804 4061 placuisse
1840 3997 2001 4048 video
2018 3997 2296 4051 Prellero
2280 4015 2363 4048 ιιι·
2397 3997 2624 4049 Bericht

1534 4064 1588 4115 d.
1632 4065 1945 4117 Verbandll.
1993 4067 2047 4118 d.
2094 4068 2272 4118 siichs.
2320 4067 2619 4118 Gesellsch.

1535 4134 1590 4184 d.
1651 4136 1983 4187 Wissensch.
2046 4138 2199 4188 1852.
2257 4137 2355 4187 IV.
2405 4153 2460 4201 p.
2522 4135 2624 4186 166

1536 4219 1689 4270 seqq.
1771 4206 1879 4256 Sed
1935 4205 2047 4255 vid.
2109 4206 2298 4271 Unger
2349 4207 2621 4256 Paradox.

1536 4273 1747 4324 Thebb.
1785 4290 1839 4340 p.
1883 4274 1986 4326 168
2022 4290 2137 4340 seq.
2175 4277 2280 4325 414
2327 4289 2479 4340 seqq.
2541 4275 2625 4325 Si-

1537 4342 1654 4392 mili
1680 4344 1798 4394 fato
1835 4344 2153 4409 perfunctus
2197 4343 2527 4407 stapham,
2569 4347 2625 4393 et

1536 4412 1660 4477 ipse
1693 4411 1796 4463 sub
1831 4417 2032 4463 terram
2074 4410 2315 4475 delatus,
2363 4417 2490 4475 post
2523 4412 2627 4461 Le·
