3109 5092
1068 340 1571 402 EUTERPE.
1617 343 1702 402 ΙΙ.
1752 351 1870 405 158.
2488 332 2610 397 793

331 510 524 608 ἦκται
555 518 627 588 δὲ
657 515 1047 605 κατύπερθε
1075 511 1307 603 ὀλίγον
1331 515 1747 605 Βουβάστιος
1775 515 2005 596 πόλιος
2041 512 2220 605 παρὰ
2248 513 2612 605 Πάτουμον

331 622 457 713 τὴν
500 620 822 712 Ἀραβίην
862 619 1095 689 πόλιν·
1160 622 1368 710 ἐσέχει
1427 620 1500 690 δὲ
1555 623 1623 700 ἐς
1674 617 1800 708 τὴν
1842 616 2183 710 Ἐρυθρὴν
2234 617 2608 689 θάλασσαν.

335 725 629 816 ὤρυκται
678 727 755 796 δὲ
806 730 1077 814 πρῶτον
1128 724 1253 813 μὲν
1304 730 1427 794 τοῦ
1470 729 1713 793 πεδίου
1752 728 1874 793 τοῦ
1900 729 2285 810 Αἰγυπτίου
2323 719 2404 790 τὰ
2446 721 2612 812 πρὸς

334 942 443 993 qua
479 926 728 977 effectum
766 927 866 989 sit,
913 931 975 977 ut
1011 926 1138 978 aliis
1175 928 1421 993 partibus

336 996 542 1048 canalis
577 995 666 1046 vel
713 999 888 1063 magis
935 998 1021 1048 vel
1059 997 1234 1046 minus
1276 997 1422 1047 latus

335 1065 529 1128 fuerit,
594 1065 852 1131 explicari
898 1081 1059 1131 posse
1109 1071 1293 1117 censet
1343 1068 1424 1118 Le

333 1134 473 1186 Pere
508 1136 547 1186 l.
591 1135 627 1185 1.
667 1151 795 1202 pag.
825 1137 921 1199 60,
977 1137 1080 1187 hoc
1115 1136 1274 1187 modo
1312 1152 1424 1187 cer-

334 1209 449 1255 tum
487 1219 609 1255 esse
647 1206 928 1269 adficiens,
967 1207 1240 1256 minimam
1263 1222 1423 1256 cana-

334 1276 401 1325 lis
426 1274 768 1326 latitudinem
793 1292 912 1326 eam
937 1291 1083 1338 esse,
1124 1292 1285 1341 quam
1310 1277 1423 1326 He-

335 1345 559 1395 rodotus
608 1345 831 1398 indicet.
903 1348 986 1396 De
1020 1361 1125 1411 quo
1170 1345 1422 1411 equidem

336 1415 626 1465 decernere
650 1415 834 1466 nolim.
874 1415 1060 1465 Malim
1088 1415 1160 1466 ad
1186 1416 1421 1466 Heeren.

337 1483 526 1545 (Ideen
566 1483 643 1546 11,
681 1489 732 1535 2.
770 1502 823 1551 p.
859 1485 962 1535 402
990 1483 1134 1551 seq.)
1167 1483 1423 1548 ablegare

331 1554 593 1614 lectores,
630 1555 740 1617 qui,
779 1570 899 1604 cum
921 1555 1204 1605 triremibus
1236 1560 1419 1620 aptum

332 1625 533 1674 Noster
554 1622 749 1673 dixerit
770 1624 1035 1686 canalem,
1056 1624 1284 1675 eundem
1313 1640 1422 1674 non

333 1692 641 1746 commercii
667 1708 837 1743 causa
861 1696 1082 1744 ductum
1115 1694 1287 1756 fuisse
1311 1699 1422 1744 sta-

331 1763 467 1824 tuit,
522 1762 923 1814 sed-bellicum
972 1764 1040 1814 ad
1077 1778 1263 1826 usum,
1316 1779 1421 1829 quo

334 1831 524 1881 melius
561 1847 717 1896 reges
754 1833 991 1898 Aegypti
1027 1837 1203 1884 terras
1244 1833 1423 1898 proxi-

332 1917 448 1950 mas
486 1901 682 1950 ditioni
720 1917 852 1952 suae
895 1902 1134 1953 adiicere
1176 1908 1420 1968 possent.

329 1972 444 2020 Nec
477 1975 699 2034 postera
720 1976 905 2022 aetate
927 1972 1152 2023 multum
1180 1972 1423 2023 valuisse

331 2039 576 2090 canalem
609 2041 679 2090 ad
704 2042 1080 2092 commercium
1105 2058 1422 2109 promoven-

333 2109 458 2159 dum
504 2114 689 2174 putat,
745 2113 1063 2175 praesertim
1102 2128 1224 2163 cum
1268 2113 1422 2162 navi-

331 2179 482 2245 gatio
539 2195 636 2243 per
686 2185 954 2230 extremas
999 2182 1220 2232 Arabici
1265 2183 1416 2231 sinus

331 2253 516 2313 partes
550 2246 707 2299 valde
743 2251 818 2300 sit
854 2250 1094 2301 difficilis
1131 2257 1185 2300 et
1212 2252 1419 2317 pericu-

332 2319 471 2369 losa.

399 2408 568 2486 ἦκται
603 2414 667 2472 δὲ
686 2413 1016 2484 κατύπερθε
1036 2453 1106 2462 -
1123 2416 1281 2485 παρὰ
1303 2415 1423 2472 Πά-

330 2506 545 2554 τουμον
588 2483 693 2555 τὴν
734 2486 993 2557 Ἀραβίην
1027 2483 1217 2558 πόλιν]
1256 2494 1421 2543 Haud

332 2576 466 2624 opus
483 2566 584 2623 est,
597 2566 660 2611 ut
674 2561 922 2626 equidem
944 2562 1140 2622 sentio,
1157 2579 1274 2612 cum
1291 2564 1423 2613 Lar-

332 2630 490 2680 chero
529 2646 728 2693 ponere
762 2635 1022 2694 punctum
1047 2635 1172 2696 post
1200 2623 1419 2698 πόλιος,

331 2704 392 2749 ut
450 2699 659 2778 reliqua
726 2698 830 2749 boc
885 2700 1045 2750 modo
1098 2701 1419 2778 iungantur.

328 2760 486 2829 παρὰ
513 2759 825 2827 Πατουμον
845 2762 951 2848 τὴν
979 2761 1082 2831 Ἀρ.
1112 2763 1282 2818 πόλιν
1307 2762 1420 2819 ἐσέ-

329 2851 412 2901 χει
460 2827 515 2893 ἐς
561 2829 668 2900 τὴν
692 2828 807 2900 ’.Ερ
857 2829 1185 2902 θαλασσαν,
1244 2840 1420 2891 eiecta

331 2906 600 2971 particula
650 2899 714 2954 δὲ
767 2904 913 2970 (post
964 2877 1194 2988 ἐσέχει),
1263 2911 1417 2960 cuius

327 2976 448 3026 loco
486 2991 623 3026 unus
660 2974 799 3025 liber
835 2977 1059 3043 praebet
1083 2970 1175 3042 δή.
1218 2979 1418 3041 Quidni

330 3045 469 3095 enim
523 3045 803 3097 Herodoto
852 3047 1031 3098 dicere
1082 3047 1265 3098 licuit.
1324 3050 1419 3099 du-

328 3119 473 3165 ctum
515 3131 636 3166 esse
672 3115 916 3167 canalem
950 3116 1044 3182 (ex
1067 3117 1214 3183 Nilo)
1256 3118 1417 3183 paulo

328 3200 492 3250 supra
538 3185 808 3236 Bubastin
854 3186 1068 3250 urbem,
1117 3187 1269 3238 iuxta
1317 3190 1419 3239 Pa-

326 3258 565 3316 tumum,
615 3255 852 3305 Arabiae
889 3256 1107 3318 urbem,
1139 3272 1299 3321 quam
1339 3273 1418 3309 sc.

327 3323 512 3372 urbem
575 3325 966 3388 praeterfluat?
1065 3327 1148 3376 De
1199 3328 1423 3378 Bubasti

329 3391 562 3441 diximus
602 3393 669 3442 ad
705 3393 780 3455 11,
815 3393 902 3444 60.

397 3471 553 3541 παρὰ
575 3469 885 3541 Πάτουμον
905 3472 1011 3542 τὴν
1031 3470 1293 3545 Ἀραβίην
1315 3472 1421 3528 πό-

327 3544 439 3611 λιν]
511 3545 744 3595 Arabiae
798 3546 997 3597 dicitur
1049 3548 1210 3608 urbs,
1277 3549 1421 3615 quod

328 3630 512 3668 omnes
562 3615 798 3679 Aegypti
836 3616 997 3666 urbes
1043 3633 1077 3666 a
1122 3617 1248 3667 Nilo
1286 3618 1420 3668 Ara-

324 3686 470 3734 biam
496 3699 689 3734 versus
719 3685 860 3734 sitae
883 3684 987 3736 hoc
1010 3687 1227 3736 nomine
1251 3687 1416 3752 vulgo

324 3753 669 3815 afficiuntur,
709 3760 961 3805 monente
997 3755 1414 3807 Schlichthorst.

323 3823 360 3873 1.
401 3823 440 3875 l.
477 3854 544 3863 —
601 3825 843 3874 Putamus
882 3825 1038 3886 urbs,
1099 3841 1257 3891 quam
1297 3825 1416 3875 lau-

324 3893 419 3942 dat
473 3893 783 3958 Stephanus
839 3894 1206 3958 Byzantinus,
1270 3895 1417 3946 haud

324 3962 543 4030 diversa
592 3978 712 4013 esse
767 3963 985 4014 videtur
1037 3964 1107 4014 ab
1155 3981 1220 4014 ea
1262 3966 1414 4028 urbe,

323 4047 465 4096 quae
499 4033 554 4081 in
593 4033 765 4083 sacris
797 4032 950 4082 libris
979 4038 1205 4084 vocatur
1219 4035 1415 4086 pithom

324 4107 541 4171 (mg-m)
581 4102 851 4165 Exod.1,
896 4103 984 4166 11,
1025 4108 1079 4153 et
1117 4104 1171 4153 in
1203 4104 1415 4155 Graeca

321 4185 573 4234 versione
586 4175 822 4246 Ηραίων
841 4179 1022 4245 πόλις.
1057 4188 1216 4240 Conf.
1231 4191 1414 4254 Heng-

322 4253 603 4318 stenberg:
648 4255 753 4306 Die
787 4256 1002 4307 Biicher
1036 4259 1207 4308 Mosis
1253 4274 1306 4322 p.
1343 4261 1410 4308 47

324 4328 379 4372 et
418 4323 772 4385 Quatremere
807 4326 862 4375 in
894 4325 1058 4376 Mem.
1098 4326 1164 4377 de
1198 4328 1408 4378 l'Acad.

323 4392 416 4444 des
437 4393 719 4460 Inscriptt.
745 4396 893 4447 XIX.
923 4397 989 4448 P.
1014 4397 1061 4448 1.
1087 4413 1141 4461 p.
1167 4397 1287 4462 462,
1315 4398 1410 4464 qui

1525 943 1649 978 cum
1676 924 1954 977 Danvillio
1989 928 2279 977 Patumum
2313 941 2376 977 eo
2408 926 2465 976 in
2490 924 2611 976 loco

1525 997 1697 1047 fuisse
1731 998 1915 1061 ponit,
1955 1011 2059 1061 quo
2082 1011 2226 1046 nnnc
2250 1000 2432 1045 exstat
2457 996 2612 1046 vicus

1525 1067 1744 1117 nomine
1775 1065 2223 1124 Abu-Kescloeid‚
2271 1066 2406 1130 ipsis
2450 1080 2614 1115 cana-

1523 1136 1594 1186 lis
1640 1136 1787 1185 illius
1832 1135 2082 1201 vestigiis
2129 1135 2306 1186 adhuc
2352 1135 2616 1199 supersti-

1525 1206 1694 1256 tibus.
1767 1205 2079 1268 Heroopolin
2117 1219 2226 1254 non
2268 1203 2431 1270 longe
2466 1220 2501 1254 a
2533 1204 2614 1253 la-

1525 1276 1697 1327 cubus
1746 1275 1947 1324 amaris
1993 1274 2062 1323 ad
2108 1272 2350 1325 canalem
2387 1274 2615 1325 Traiani

1524 1361 1682 1412 quem
1698 1343 1899 1394 'dicunt
1922 1344 2083 1394 sitam
2109 1359 2227 1393 esse
2251 1348 2473 1410 constat
2486 1344 2613 1394 Pto-

1521 1416 1851 1466 lemaeorum
1904 1429 1969 1463 ac
2011 1414 2377 1464 Romanorum
2429 1418 2613 1464 aetate

1523 1484 1844 1536 commercio
1889 1483 2198 1544 florentem3
2245 1489 2490 1534 veterum
2535 1484 2614 1534 lo-

1524 1570 1617 1605 cos
1654 1554 1842 1605 attulit
1866 1552 2159 1618 Forbiger:
2196 1553 2418 1604 Handb.
2439 1554 2493 1604 d.
2514 1553 2611 1604 alt.

1524 1625 1723 1688 Geogr.
1744 1624 1820 1674 11.
1848 1640 1900 1688 p.
1926 1622 2055 1682 7843
2089 1627 2146 1672 et
2171 1623 2357 1673 confer
2380 1623 2457 1672 sis
2485 1640 2614 1688 quo-

1522 1710 1629 1758 que
1649 1692 2064 1743 Schlichthorst.
2080 1692 2116 1742 l.
2135 1690 2194 1754 1.,
2221 1692 2492 1744 Mannert.
2514 1692 2551 1743 1.
2571 1692 2611 1741 l.

1524 1780 1579 1828 p.
1624 1763 1933 1813 514—517
1979 1765 2033 1811 et
2082 1762 2331 1825 inprimis
2378 1761 2611 1813 Roziere

1522 1832 1560 1882 l.
1588 1832 1626 1882 l.
1657 1849 1712 1896 p.
1746 1831 1865 1883 135.
1912 1831 2004 1882 147
2041 1845 2191 1896 seqq.
2227 1830 2344 1882 162.
2408 1831 2614 1882 Contra

1522 1901 1862 1965 Champollio
1903 1900 2048 1965 l'Eg.
2085 1915 2214 1951 sous
2253 1901 2293 1952 1.
2329 1901 2492 1952 Phar.
2533 1902 2609 1951 11.

1522 1988 1578 2036 p.
1608 1971 1817 2024 58-62
1854 1972 2141 2020 Patumum
2174 1985 2294 2020 eam
2329 1985 2452 2020 esse
2488 1987 2615 2021 con-

1520 2041 1699 2092 tendit
1729 2040 1933 2100 urbem,
1973 2055 2112 2104 quae
2131 2040 2364 2104 Aegypt.
2396 2041 2614 2092 nomine

1521 2115 1746 2161 vocetur
1800 2110 2011 2172 Timum,
2062 2109 2119 2158 in
2172 2109 2401 2159 introitu
2449 2110 2614 2160 sitam

1522 2179 1816 2241 convallis,
1868 2194 2007 2244 quae
2048 2194 2143 2242 per
2176 2185 2386 2229 montes
2422 2180 2615 2230 Arabi-

1521 2267 1616 2301 cos
1653 2249 1914 2299 orientem
1953 2262 2146 2299 versus
2180 2249 2492 2313 porrigatur
2526 2265 2614 2299 us-

1523 2335 1627 2386 que
1668 2318 1737 2369 ad
1766 2319 1947 2374 sinum
1988 2318 2281 2368 Arabicum
2326 2318 2468 2381 fere,
2516 2320 2613 2370 ubi

1521 2388 1847 2454 Heroopolis
1884 2393 1969 2439 est
2005 2388 2130 2437 sita.
2203 2388 2477 2439 Mannert.
2502 2389 2539 2439 l.
2572 2389 2610 2440 l.

1523 2475 1651 2524 pag.
1701 2459 1804 2509 506
1840 2459 2100 2508 Potumum
2151 2474 2215 2509 eo
2271 2458 2392 2508 loco
2442 2459 2614 2510 fuisse

1522 2529 1670 2591 vult,
1722 2528 1817 2578 ubi
1853 2543 1998 2578 nunc
2034 2527 2250 2592 Belbeys
2296 2528 2369 2577 sit
2405 2534 2615 2578 exstru-

1524 2603 1644 2659 cta,
1683 2597 1790 2647 duo
1829 2596 2081 2646 milliaria
2116 2597 2483 2661 geographica
2506 2614 2614 2648 me-

1521 2668 1712 2717 ridiem
1740 2681 1930 2715 versus
1959 2665 2029 2715 ab
2056 2666 2190 2715 urbe
2210 2666 2456 2716 Bubasti.
2520 2668 2607 2720 Cr.

1520 2736 1816 2800 adscripsit
1848 2735 1917 2785 ad
1939 2733 1992 2784 h.
2014 2733 2083 2784 1.·
2122 2734 2247 2797 „CR
2276 2734 2610 2801 Bibliotheq.

1522 2806 1727 2856 choisie
1759 2809 1889 2856 tom.
1926 2803 2043 2853 XV.
2079 2818 2132 2868 p.
2175 2804 2317 2854 24l.‘

1591 2866 1762 2939 ἐσέχει
1818 2868 1882 2923 δὲ
1922 2887 1974 2921 κ.
2016 2887 2063 2921 τ.
2107 2870 2182 2938 λ.]
2239 2872 2358 2924 scil.
2407 2863 2442 2937 ἡ
2481 2869 2616 2923 ‹nos-

1521 2942 1643 3008 ρυξ.
1683 2943 1766 2994 Ad
1786 2941 2239 3010 significationem
2262 2944 2415 2994 verbi
2439 2935 2613 3009 ἐσέχει

1521 3013 1875 3074 conf.11‚ll
1902 3013 2084 3078 ibique
2121 3016 2263 3064 nott.
2321 3013 2610 3064 Caeterum

1521 3099 1589 3133 ex
1644 3083 1726 3133 his
1763 3083 1952 3134 Nostri
2004 3083 2188 3133 verbis
2248 3084 2387 3134 satis
2438 3089 2610 3149 patet,

1520 3154 1787 3204 Herodoti
1816 3157 1998 3204 aetate
2022 3152 2265 3202 canalem
2282 3155 2472 3219 utique
2495 3170 2614 3218 per-

1521 3223 1725 3274 fectum
1785 3238 1960 3288 neque
2014 3222 2388 3288 imperfectum
2441 3223 2613 3276 fuisse

1522 3307 1556 3344 a
1589 3294 1759 3343 Dario
1797 3292 2066 3342 relictum.

1593 3352 1843 3423 ὦρυκται
1880 3355 1943 3409 δὲ
1978 3358 2209 3420 πρῶτον
2244 3354 2348 3423 μὲν
2376 3389 2439 3397 -
2466 3352 2613 3423 πρὸς

1512 3421 1777 3495 Ἀραβίην
1829 3424 2050 3494 ἔχοντα]
2114 3430 2179 3479 Id
2229 3435 2339 3479 est·
2397 3430 2614 3480 initium

1523 3498 1743 3548 fodendi
1774 3498 1978 3548 factum
2005 3502 2088 3548 est
2114 3498 2182 3547 ab
2216 3514 2283 3548 ea
2308 3499 2611 3563 Aegyptiae

1520 3566 1767 3631 planitiei
1814 3572 1997 3633 parte,
2047 3581 2186 3631 quae
2236 3567 2304 3617 ad
2350 3568 2612 3618 Arabiam

1521 3641 1755 3700 spectat,
1794 3637 1883 3685 cui
1916 3635 2165 3699 planitiei
2203 3652 2436 3701 superne
2470 3636 2531 3699 (i.
2560 3654 2607 3688 e.

1521 3721 1555 3754 a
1581 3705 1826 3767 meridie)
1853 3705 2142 3768 contiguus
2175 3711 2259 3756 est
2295 3721 2478 3769 mons,
2518 3709 2611 3771 qui

1521 3790 1587 3824 ex
1605 3774 1837 3825 adverso
1858 3773 2182 3836 Memphidis
2208 3775 2469 3826 orientem
2492 3792 2612 3827 ver-

1521 3860 1613 3894 sus
1658 3845 1954 3909 porrigitur
1998 3858 2172 3908 usque
2219 3845 2289 3895 ad
2324 3845 2611 3911 Heroopo-

1517 3912 1631 3977 lin‚
1667 3914 1760 3963 ubi
1799 3912 1867 3964 ad
1894 3912 2169 3963 meridiem
2204 3914 2408 3981 (mons)
2443 3916 2612 3967 flecti-

1519 3988 1636 4046 tur,
1683 3982 1858 4033 altera
1901 3987 2059 4047 parte
2103 3983 2279 4034 sinum
2316 3986 2609 4037 Arabicum

1517 4051 1818 4103 includens.
1903 4053 2150 4117 Namque
2205 4055 2411 4106 canalis
2463 4057 2611 4107 haud

1515 4121 1677 4186 longe
1718 4122 1785 4172 ab
1810 4122 1944 4173 urbe
1966 4122 2199 4174 Bubasti
2224 4140 2292 4174 ex
2316 4125 2606 4177 Pelusiaco

1512 4189 1629 4240 Nili
1680 4191 1846 4242 fluvio
1900 4196 2019 4243 erat
2073 4192 2269 4244 ductus
2330 4195 2605 4246 meridiem

1513 4275 1702 4311 versus
1751 4277 1923 4326 usque
1971 4263 2043 4312 ad
2088 4280 2209 4313 eum
2248 4264 2456 4325 locum,
2515 4265 2608 4313 ubi

1514 4334 1724 4380 montes
1763 4331 2078 4393 obstabant,
2118 4348 2152 4382 a
2182 4333 2490 4396 Memphide
2524 4349 2607 4384 re-

1512 4404 1603 4448 cta
1638 4401 1873 4464 porrecti
1918 4416 2093 4465 usque
2139 4403 2212 4452 ad
2245 4401 2600 4467 Heroopolin.
