3109 5092
477 337 599 398 786

1330 333 1877 395 HERODOTI

474 511 734 582 τούτων
771 507 1055 578 ἕκαστόν
1104 510 1263 576 ἐστι.
1343 503 1418 575 τὸ
1448 506 1523 575 δὲ
1553 508 2057 593 καταστέγασμα
2084 510 2200 594 τῆς
2226 501 2513 594 ὀροφῆς,
2552 501 2759 583 ἄλλος

341 616 461 678 156
476 616 804 684 ἐπικέεται
833 619 1025 690 λίθος
1053 618 1224 698 ἔχων
1251 608 1376 698 τὴν
1405 616 1853 698 παρωροφίδα
1880 608 2323 698 τετράπηχυν.
2388 603 2589 677 Οὕτω
2624 608 2756 695 μέν

367 794 372 798 ,
471 747 603 788 νυν
630 712 667 785 ὁ
703 713 862 804 νηὸς
886 720 1021 783 τῶν
1050 719 1368 802 φανερῶν
1384 742 1496 801 μοι
1524 718 1664 782 τῶν
1692 715 1846 802 περὶ
1876 718 2074 782 τοῦτο
2100 710 2174 782 τὰ
2206 710 2357 801 ἱρόν
2385 716 2524 780 ε’στι
2552 720 2752 778 θωυ-

471 820 918 911 μαστότατον,
948 822 1086 886 τῶν
1118 817 1193 886 δὲ
1223 820 1563 905 δευτέρων
1591 821 1792 904 νῆσος
1818 811 1859 904 ἡ
1888 819 2141 904 Χέμμις
2167 817 2580 903 καλευμένη·
2612 819 2755 881 ἔστι

471 989 527 1037 in
566 981 799 1042 ἕκαστος
840 989 1103 1046 mutetur,
1139 978 1211 1033 ut
1253 984 1323 1033 ad
1369 985 1563 1049 τοιχος

471 1061 708 1121 spectet,
759 1055 983 1104 obstant
1025 1069 1156 1104 sane
1191 1052 1318 1102 libri
1327 1053 1560 1134 ascripti,

469 1127 698 1191 ipsaque
735 1125 902 1185 rati0,
953 1137 1120 1188 quae,
1169 1138 1289 1173 cum
1325 1117 1562 1171 ἕκαστον

472 1211 581 1246 non
609 1202 721 1244 tam
750 1194 819 1243 ad
847 1194 1128 1258 parietem,
1164 1208 1324 1256 quam
1355 1191 1425 1241 ad
1445 1191 1564 1241 lon-

473 1264 772 1328 gitudinem
805 1268 861 1312 et
887 1260 1229 1312 altitudinem
1267 1258 1470 1323 (μῆκος
1505 1264 1562 1309 et

473 1330 654 1396 ὕψος,
718 1346 828 1411 quo
881 1332 989 1380 iam
1051 1330 1238 1380 retulit
1288 1330 1562 1394 Schweig-

474 1400 746 1464 haeuser.)
786 1400 902 1450 sive
939 1399 1006 1448 ad
1044 1399 1431 1449 dimensionem
1465 1414 1561 1462 pa-

475 1470 670 1520 rietum
727 1461 1013 1532 (τούτων)
1078 1473 1319 1533 spectet,
1378 1467 1560 1518 latiori

473 1540 640 1603 igitur
673 1552 835 1587 sensu
871 1537 1211 1601 adhibeatur,
1252 1542 1445 1587 neutro
1470 1552 1562 1602 ge-

471 1624 601 1658 nere
646 1604 886 1657 ἓκαστον
930 1607 1038 1656 dici
1088 1607 1263 1667 iubet3
1312 1607 1423 1656 vid.
1463 1607 1560 1656 Ja-

471 1678 621 1728 cobs.
693 1677 776 1726 De
832 1691 1069 1727 mensur.
1115 1677 1380 1726 Herodot.
1428 1691 1555 1740 pag.

471 1749 559 1797 22.
629 1745 810 1811 Atque
858 1746 939 1796 sic
989 1761 1204 1828 quoque
1250 1747 1306 1796 in
1347 1750 1561 1795 antece·

472 1814 752 1866 dentibus:
802 1811 897 1863 καὶ
935 1817 1125 1879 τοιχος
1161 1811 1394 1871 ἕκαστος
1433 1806 1561 1862 τού-

471 1897 620 1934 τοισι
654 1881 794 1946 ἴσος,
834 1883 1051 1934 dativus
1087 1876 1340 1933 τούτοισι
1376 1884 1447 1934 ad
1484 1883 1560 1932 al-

469 1953 721 2003 titudinis
766 1958 823 2002 et
868 1952 1224 2017 longitudinis
1273 1953 1562 2003 dimensio-

471 2038 568 2073 nes
602 2023 865 2086 pertinet,
904 2028 967 2071 ut
1001 2038 1191 2073 sensus
1224 2023 1323 2073 sit:
1373 2023 1560 2086 „quis-

471 2107 577 2157 que
612 2093 791 2156 paries
827 2092 910 2141 his
945 2091 1370 2142 dimensionibus
1417 2090 1558 2155 (alti-

471 2161 678 2211 tudinis
711 2165 765 2210 et
809 2160 1223 2226 longitudinis),
1268 2177 1367 2226 par
1408 2159 1556 2224 (sibi)

473 2231 615 2291 est‚“
653 2231 693 2281 i.
721 2245 768 2279 e.
796 2230 1024 2294 quisque
1061 2230 1240 2294 paries
1285 2231 1340 2279 in
1373 2229 1560 2280 altitu·

471 2299 652 2348 dinem
696 2307 750 2346 et
799 2298 1190 2362 longitudinem
1230 2299 1395 2349 habet
1428 2314 1559 2364 qua-

472 2367 731 2431 draginta
753 2367 985 2431 cubitos,
1011 2369 1103 2433 qui
1127 2373 1365 2433 aequant
1391 2369 1560 2418 ferme

471 2436 761 2500 sexaginta
796 2436 958 2500 pedes
995 2437 1283 2488 Rhenanos
1327 2435 1435 2503 (58,
1470 2438 1556 2489 93¹

470 2505 629 2584 pedd.
669 2506 924 2586 Rhenn..)

538 2566 603 2624 τὸ
639 2570 701 2624 δε
736 2569 1160 2641 καταστέγασμα
1183 2573 1282 2639 τῆς
1317 2567 1559 2642 ὀροφῆς,

468 2634 636 2700 αλλος
659 2635 938 2693 ἐπικέεται
961 2643 1147 2711 λίθος]
1172 2646 1256 2695 De
1283 2651 1561 2697 structura

469 2718 652 2764 monet
704 2714 900 2764 Matth.
957 2715 1048 2765 Gr.
1109 2716 1202 2766 Gr.
1256 2731 1382 2781 pag.
1433 2715 1555 2766 791.

469 2785 595 2834 Dici
629 2783 773 2834 enim
807 2784 911 2834 hoc
919 2800 1064 2868 pro·
1108 2777 1171 2833 τὸ
1208 2779 1270 2833 δὲ
1293 2777 1561 2834 καταστέ-

469 2844 653 2917 γασμα
709 2845 857 2901 ἐστιν
907 2846 1073 2911 αλλος
1124 2850 1293 2910 λίθος
1352 2847 1559 2902 ἐπικεί-

511 2934 658 2977 ενος.

468 2937 509 2987 μ
540 2985 684 3052 ἔχων
729 2981 834 3053 τὴν
870 2985 1255 3053 παρωροφίδα
1285 2981 1560 3053 τετράπη-

471 3055 596 3135 xvv]
639 3054 976 3138 παρωροφὶς
1023 3058 1232 3108 Polluci
1265 3058 1321 3122 I,
1372 3061 1434 3108 81
1474 3065 1561 3110 est

471 3117 535 3173 τὸ
571 3118 778 3188 μεταξὺ
811 3125 915 3175 τοῦ
940 3118 1164 3190 ὀρόφου
1187 3124 1283 3175 καὶ
1309 3123 1414 3176 τοῦ
1441 3122 1556 3177 στέ·

470 3208 625 3258 γους.
698 3194 1092 3275 Wesselingius
1155 3197 1283 3247 inde
1333 3199 1559 3275 exponit

463 3266 843 3326 prominentiam
890 3264 993 3313 τοῦ
1036 3258 1558 3348 uoetoeotsyoe'opoctog

469 3333 587 3384 sive
626 3333 768 3399 quod
804 3326 961 3399 παρὰ
994 3326 1097 3383 τὸν
1128 3325 1353 3400 ὄροφον
1386 3339 1556 3400 porri-

468 3403 718 3469 gebatur.
794 3405 966 3467 Quem
1018 3410 1235 3454 secutus
1284 3404 1555 3470 Schweig-

467 3473 762 3524 haeuserus
799 3474 855 3523 iu
875 3474 1009 3523 Lex.
1034 3475 1238 3525 Herod.
1271 3490 1315 3525 s.
1348 3491 1400 3524 v.
1437 3476 1555 3525 red-

468 3543 550 3592 dit
594 3559 736 3594 oram
780 3548 901 3595 teeti
943 3559 987 3596 Β.
1037 3559 1145 3594 eam
1189 3547 1309 3595 teeti
1337 3552 1552 3607 partem,

469 3627 598 3675 quae
641 3622 856 3676 praeter·
899 3629 1083 3662 murum
1123 3617 1384 3676 prominet.
1455 3614 1558 3663 Le-

467 3687 663 3732 tronne
718 3680 1076 3746 (Rechercbes
1125 3698 1263 3746 pour
1295 3683 1468 3733 servir
1523 3683 1558 3731 a

466 3749 735 3801 l'histoire
783 3752 850 3801 de
893 3752 1037 3816 l'Eg.
1090 3767 1212 3818 pag.
1252 3753 1341 3815 80)
1388 3753 1556 3802 inter—

468 3825 744 3884 pretatur:
806 3819 900 3884 „la
949 3821 1204 3886 cor-niobe,
1260 3822 1353 3887 qui
1418 3821 1553 3871 dans

466 3888 869 3940 l'arcbitecture
893 3887 1237 3955 egyptienne,
1265 3892 1556 3955 comprend

465 3957 521 4007 la
559 3957 768 4022 par-tide
798 3957 985 4023 places
1022 3960 1309 4011 au-dessus
1344 3960 1415 4010 du
1439 3966 1556 4011 tore

468 4026 536 4076 de
574 4027 936 4078 l'architrave.
1011 4029 1158 4078 C’est
1203 4046 1266 4080 ce
1312 4034 1399 4095 qu'
1439 4028 1549 4080 He-

470 4096 658 4146 rodote
695 4097 947 4162 exprime,
979 4113 1046 4147 en
1082 4098 1299 4162 parlant
1335 4100 1407 4149 du
1443 4116 1552 4150 mo-

468 4165 678 4216 nolithe
715 4166 780 4215 de
813 4167 985 4228 Buto,
1034 4165 1166 4216 dont
1207 4167 1261 4217 la
1300 4170 1552 4219 cornicbe

470 4235 622 4285 avait
659 4241 849 4300 quatre
879 4231 1112 4285 coudees
1135 4236 1454 4301 delectamur,
1498 4243 1552 4288 et

468 4320 577 4356 non
615 4321 712 4370 pas
751 4305 817 4355 dc
850 4307 1038 4366 saillis,
1091 4321 1295 4356 comme
1331 4306 1554 4358 l’enten·

468 4374 597 4426 dent
655 4375 732 4425 les
795 4375 1137 4426 traducteurs
1193 4373 1551 4437 d'Herodot03

1664 984 1742 1034 les
1776 989 1967 1049 quatre
2006 981 2238 1033 coudees
2276 987 2401 1031 sont
2429 980 2480 1030 le
2521 978 2759 1029 dixieme

1663 1053 1730 1104 de
1766 1053 1820 1103 la
1856 1053 2088 1103 hauteur
2122 1052 2194 1102 du
2228 1050 2555 1110 monolithe3
2605 1059 2666 1099 or
2698 1047 2760 1098 la

1661 1123 1889 1174 cornia-lte
1930 1122 2066 1173 daus
2114 1122 2192 1172 les
2239 1126 2581 1171 monuments
2625 1116 2760 1183 egy-

1662 1194 1839 1257 ptiens
1897 1196 1980 1241 est
2026 1191 2080 1241 la
2120 1189 2403 1241 neuvieme
2451 1204 2522 1238 ou
2566 1188 2622 1237 la
2674 1188 2757 1236 di-

1663 1260 1839 1312 xieme
1862 1262 2037 1326 partie
2067 1260 2136 1311 de
2160 1261 2216 1310 la
2253 1262 2484 1310 hauteur
2519 1256 2755 1308 totalef‘

1664 1333 1836 1394 Quam
1868 1327 2267 1395 παρωροφίδα,
2303 1329 2600 1388 coronidem,
2637 1327 2691 1376 h.
2716 1326 2757 1376 1.

1660 1401 1861 1451 Noster
1929 1399 2097 1462 dixit,
2166 1395 2533 1463 στεγαστρίδα
2588 1401 2757 1446 vocat

1662 1472 1908 1535 inscript.
1933 1470 2145 1520 Graeca
2174 1470 2231 1518 in
2253 1469 2415 1532 Corp.
2450 1467 2627 1516 -Inscr.
2655 1466 2755 1516 Gr.

1661 1540 1855 1590 T.111.
1878 1555 1959 1590 nr.
1986 1540 2143 1602 4712,
2170 1539 2264 1589 ubi
2292 1537 2436 1587 conf.
2458 1538 2513 1587 J.
2548 1537 2753 1586 Franz.

2030 1711 2160 1761 Cir.
2201 1711 2392 1761 CLVI.

1730 1811 1843 1861 τῶν
1894 1805 1955 1861 δὲ
2004 1809 2306 1878 δευτέρων]
2365 1813 2517 1862 Haec
2563 1811 2754 1874 verba,

1662 1897 1798 1933 sana
1837 1882 1997 1932 modo
2038 1883 2178 1944 sint,
2232 1882 2312 1931 nil
2361 1880 2508 1931 aliud
2548 1880 2755 1946 signifi-

1662 1967 1788 2001 care
1823 1956 2051 2016 possunt
2085 1952 2219 2000 nisi:
2269 1953 2451 2015 „inter
2481 1965 2576 2013 ea,
2610 1965 2755 2015 quae

1662 2022 1807 2070 circa
1854 2021 1956 2070 hoc
2004 2021 2263 2085 templum
2321 2021 2753 2085 conspiciuntur,

1660 2092 1879 2141 secundo
1923 2093 2030 2140 loco
2083 2091 2335 2154 ponenda
2388 2095 2474 2140 est
2524 2094 2580 2139 et
2628 2089 2757 2154 ipsa

1663 2159 2021 2209 admiratione
2091 2159 2258 2224 digna
2327 2159 2538 2221 insula,
2612 2173 2754 2223 quae

1662 2229 1931 2279 Chemmis
1971 2234 2217 2279 vocatur.
2224 2230 2257 2255 ‘²
2329 2230 2414 2278 De
2451 2228 2627 2278 forma
2656 2243 2755 2277 vo-

1662 2299 1742 2348 cis
1780 2291 1994 2362 Χέμμις
2027 2298 2275 2364 disputat
2309 2298 2533 2348 Lobeck
2553 2298 2756 2348 Patho-

1660 2367 1771 2433 log.
1808 2369 2002 2418 Graec.
2042 2383 2203 2418 serm.
2236 2383 2293 2432 p.
2334 2368 2450 2418 159.

1733 2434 1908 2499 νῆσος
1932 2428 1966 2500 ἡ
1984 2431 2201 2500 Χέμμις
2223 2430 2554 2502 καλευμένη]
2580 2437 2753 2487 cleem-

1660 2507 1735 2556 bis
1782 2506 1983 2556 dicitur
2025 2508 2307 2556 Hecataeo
2354 2507 2597 2567 Milesio,
2655 2505 2754 2570 qui

1663 2576 1861 2625 similia
1908 2576 1975 2626 de
2019 2575 2124 2626 hac
2165 2575 2346 2626 insula
2389 2577 2446 2626 in
2482 2575 2756 2640 periegesi

1661 2659 1762 2694 sua
1802 2645 2129 2709 tradiderat,
2177 2645 2440 2695 laudante
2487 2644 2749 2709 stephan.

1660 2716 1894 2778 Byzant.
1935 2731 1978 2766 s.
2021 2730 2072 2764 v.
2146 2715 2232 2765 De
2266 2715 2455 2765 insulis
2491 2714 2754 2764 fluitanti-

1660 2784 1760 2832 bus
1782 2784 2018 2849 Aegypti
2036 2789 2228 2833 auctor
2247 2799 2459 2849 quoque
2478 2789 2563 2834 est
2575 2784 2754 2833 Theo-

1660 2852 1914 2917 phrastus
1937 2853 2081 2904 Hist.
2118 2853 2300 2903 Plant.
2337 2853 2433 2916 IV,
2475 2852 2569 2914 133
2609 2852 2751 2902 alias

1660 2921 1786 2971 aliis
1823 2923 1878 2972 in
1913 2922 2048 2972 locis
2083 2929 2509 2973 commemorant
2542 2924 2754 2972 Seneca

1662 2992 1888 3053 Quaest.
1918 2996 2058 3041 natt.
2082 2991 2186 3054 111,
2217 2993 2301 3042 25.
2339 2990 2551 3042 Plinius
2576 2993 2647 3040 H.
2679 2992 2748 3041 N.

1661 3060 1747 3122 11,
1779 3059 1866 3112 95.
1940 3062 2021 3111 Ac
2056 3075 2231 3123 nemo,
2271 3062 2392 3126 qui,
2432 3075 2571 3126 quae
2602 3061 2751 3110 dein-

1659 3144 1787 3194 ceps
1826 3131 1892 3180 de
1925 3130 2029 3180 hac
2065 3130 2247 3180 insula
2278 3134 2596 3190 narrantur,
2632 3144 2752 3193 per-

1657 3198 1884 3263 legerit,
1939 3215 2049 3249 non
2097 3199 2341 3248 meminit
2376 3198 2500 3249 Deli
2536 3198 2749 3247 insulae

1656 3270 1900 3319 natantis
1944 3269 2001 3317 in
2045 3283 2219 3327 mare,
2270 3268 2363 3318 sed
2412 3268 2628 3317 stabilis
2665 3267 2747 3316 fa-

1656 3343 1814 3400 ctae,
1863 3353 1985 3388 cum
2021 3338 2239 3387 Latona
2285 3337 2391 3388 huc
2426 3337 2748 3402 confugiens

1655 3408 1958 3470 Apollinem
2036 3407 2311 3456 edidisset.
2404 3408 2557 3468 Quae
2627 3408 2750 3471 ipsa

1658 3477 1989 3527 Graecorum
2019 3482 2322 3526 commenta
2347 3475 2417 3525 ad
2437 3477 2746 3541 Aegyptum

1655 3561 1756 3596 nos
1816 3551 2105 3606 revocant,
2180 3551 2242 3595 ut
2293 3546 2468 3595 omnis
2517 3546 2629 3596 fere
2679 3543 2747 3594 de

1656 3614 1908 3680 Apolline
1967 3616 2235 3666 doctrina.
2325 3616 2409 3664 De
2452 3614 2598 3665 Delo
2653 3629 2747 3663 na-

1656 3690 1811 3735 tante
1842 3685 1984 3734 cnnf.
2009 3684 2298 3749 Spanbem.
2333 3684 2401 3733 ad
2427 3683 2744 3734 Callimach.

1655 3754 1707 3804 h.
1750 3755 1805 3803 in
1840 3754 1962 3804 Del.
2003 3753 2091 3804 36.
2141 3754 2243 3804 273
2281 3759 2335 3803 et
2373 3753 2432 3803 C.
2475 3751 2540 3802 Ο.
2578 3753 2749 3803 Muel-

1654 3823 1761 3873 ler:
1792 3824 1896 3873 Die
1922 3824 2097 3872 Dorer
2134 3823 2179 3877 1.
2220 3838 2271 3886 p.
2295 3823 2414 3886 311,
2455 3824 2548 3888 qui
2591 3823 2746 3872 fabu-

1651 3891 1742 3942 lae
1780 3893 2041 3958 originem
2079 3893 2147 3942 ad
2175 3893 2480 3942 recentiora
2501 3898 2747 3957 tempora

1657 3977 1919 4012 revocans
1954 3963 2220 4012 incertum
2260 3966 2315 4011 et
2351 3961 2601 4012 mobilem
2637 3967 2749 4011 sta-

1653 4037 1767 4081 tum
1828 4030 2096 4081 declarari
2152 4030 2295 4092 vult,
2357 4033 2450 4096 qni
2504 4031 2746 4081 ordinem

1656 4101 1742 4150 dei
1778 4102 2088 4164 praesentia
2113 4101 2338 4151 allatum
2363 4102 2744 4166 praecesserit.

1656 4170 1763 4221 Sed
1801 4172 2102 4236 Aegyptiae
2138 4170 2356 4220 fabulae
2386 4170 2531 4221 haud
2567 4185 2748 4221 recor-

1657 4240 1817 4289 datus
1854 4247 1937 4291 est
1973 4241 2056 4289 vir
2096 4240 2474 4299 doctissimus,
2525 4255 2589 4290 ex
2637 4254 2746 4303 qua

1658 4310 1868 4358 Graeca
1902 4309 2058 4358 nobis
2084 4309 2381 4374 repetenda
2416 4310 2632 4358 videtur
2654 4308 2743 4358 vel

1657 4379 1725 4427 ob
1746 4378 2007 4443 reliquam
2027 4379 2422 4444 Aegyptiorum
2441 4379 2745 4429 doctrinam
