3109 5092
985 350 1117 412 AD
1164 352 1366 414 HER
1385 352 1511 416 OD
1531 353 1676 415 OT.
1717 354 1802 429 11,
1848 361 1970 416 124.
2488 350 2612 412 877

593 522 646 572 J.
679 523 736 577 S.
777 524 1042 595 Per-ring,
1086 525 1219 578 with
1253 525 1509 579 sketchcs
1538 527 1705 580 taken
1742 545 1811 579 on
1854 527 1947 579 the
1980 532 2110 596 spot
2139 527 2211 594 by
2242 528 2308 582 E.
2342 530 2614 582 Andr-ewa.

596 605 830 659 London
866 611 1004 666 1838
1033 611 1096 662 ff.
1131 610 1275 663 Fol..
1310 611 1395 662 ΙΙΙ
1422 611 1620 664 Partes
1635 609 1694 679 ⁴¹)

423 692 476 745 J.
512 691 752 745 Bunsen:
795 694 1117 762 Aegyptens
1149 693 1319 748 Stelle
1362 696 1418 748 in
1447 696 1548 749 der
1577 696 2045 764 Weltgeschichte
2076 702 2181 748 etc.
2212 696 2288 747 ΙΙ.
2326 714 2381 765 p.
2417 700 2517 754 140
2545 699 2608 750 ff.

593 780 698 836 146
715 778 777 829 ff.
810 779 993 836 aia-ff.
1027 778 1295 850 (Egypt‘s
1327 779 1488 833 Place
1517 780 1573 833 in
1609 780 1891 835 universal
1919 781 2153 847 history.
2194 780 2316 832 Vol.
2336 781 2411 832 11.
2444 799 2499 850 p.
2519 787 2610 840 95.

596 865 701 919 138
732 881 889 932 seqq.
936 866 1036 921 147
1067 880 1225 933 seqq.
1287 863 1579 935 Appendix
1622 884 1677 936 p.
1710 871 1816 926 633
1845 884 2035 937 seqq.:
2075 864 2363 934 Perring's
2408 864 2607 919 Manu-

598 947 790 1017 script,
830 947 1330 1002 communications
1364 967 1433 1001 on
1464 951 1555 1003 the
1589 957 2021 1003 measurements
2053 951 2116 1002 of
2154 950 2248 1003 the
2277 951 2606 1020 pyramids).

427 1030 493 1082 G.
530 1031 776 1102 Pau-they.-
804 1031 904 1084 das
934 1032 1146 1085 Nilthal
1174 1035 1639 1104 (Wanderungen
1668 1035 1732 1088 P.
1756 1036 1842 1103 ΙΙ)
1874 1035 2061 1089 Berlin
2094 1040 2250 1095 1840.
2283 1039 2426 1105 p.98
2448 1054 2606 1106 seqq.

422 1115 763 1187 Russegger:
795 1116 964 1169 Reise
1000 1123 1106 1170 etc.
1137 1118 1182 1184 1,
1219 1124 1268 1187 l,
1299 1138 1356 1189 p.
1389 1126 1495 1179 140
1523 1138 1682 1191 seqq.

425 1201 669 1270 tapnim:
723 1201 914 1254 Briefe
962 1218 1064 1254 aus
1105 1202 1399 1272 Aegypten
1443 1222 1499 1274 p.
1545 1212 1619 1266 23
1664 1224 1820 1276 seqq.
1879 1224 1943 1259 ac
1990 1206 2288 1276 praecipue
2334 1206 2390 1259 in
2440 1224 2609 1275 opere

590 1286 1066 1357 splendidissimo=
1103 1287 1435 1342 Denkmiiler
1465 1306 1568 1342 aus
1601 1290 1892 1360 Aegypton
1928 1307 1981 1343 u.
2015 1290 2374 1360 Aethiopien3
2405 1292 2463 1343 in
2497 1307 2608 1361 quo

594 1389 702 1424 non
749 1370 925 1424 solum
983 1388 1192 1424 omnem
1231 1374 1575 1442 pyramidum
1630 1376 1910 1443 regionem
1968 1381 2222 1428 accurate
2264 1374 2607 1444 delineatam,

593 1456 858 1525 ipsasque
887 1457 1231 1526 pyramides,
1278 1458 1470 1527 quales
1503 1476 1653 1511 nunc
1695 1459 1976 1527 existunt,
2029 1460 2267 1529 imagine
2312 1478 2608 1530 expressas

593 1542 694 1612 (cf.
728 1540 964 1593 Abtheil.
1002 1541 1046 1593 Ι.
1079 1543 1191 1593 tab.
1231 1549 1299 1601 15
1329 1561 1486 1613 seqq.
1535 1549 1593 1596 et
1640 1544 1938 1614 praecipue
1981 1546 2094 1597 tab.
2127 1549 2214 1612 19,
2258 1546 2314 1598 in
2350 1563 2461 1615 qua
2490 1552 2608 1598 tres

590 1625 900 1694 pyramides
943 1624 1154 1693 insigni
1198 1634 1316 1679 arte
1356 1636 1805 1696 repraesentatas
1838 1630 2140 1697 cernimus)
2184 1629 2464 1697 exhibuit,
2513 1647 2608 1682 ve-

591 1726 709 1761 rum
755 1709 1006 1777 singulas
1045 1710 1206 1764 etiam
1250 1713 1590 1780 pyramidum
1630 1720 1851 1782 partes,
1904 1731 2145 1767 cameras
2191 1715 2606 1781 subterraneas,

588 1794 694 1846 alia
736 1796 838 1866 (cs.
886 1793 1122 1848 Abtheil.
1155 1796 1230 1847 ΙΙ.
1274 1798 1385 1849 tab.
1415 1802 1451 1856 8
1491 1798 1681 1867 seqq.)
1726 1797 1957 1866 adiecit,
2002 1817 2144 1869 quae
2190 1798 2260 1850 ad
2299 1805 2609 1851 accuratam

591 1885 905 1932 structurae
949 1886 1004 1931 et
1041 1897 1417 1933 mensurarum
1449 1881 1820 1949 cognitionem
1860 1882 2020 1937 valde
2055 1883 2389 1945 inserviunt.
2460 1883 2608 1937 Idem

586 1965 827 2034 Lepsius
868 1963 1028 2016 etiam
1071 1964 1448 2019 consulendus
1476 1967 1533 2018 in
1571 1968 2054 2035 commentatione,
2101 1984 2243 2039 quae
2286 1968 2501 2023 inserta
2527 1967 2607 2019 le-

587 2049 739 2117 gitur
784 2049 870 2100 in:
922 2042 1379 2101 Monatsbericht.
1430 2051 1484 2102 d.
1516 2051 1727 2109 Berlin.
1776 2053 1944 2105 Acad.
1979 2058 2136 2113 1843.
2190 2072 2246 2122 p.
2279 2056 2381 2113 177
2413 2071 2607 2124 seqq.e

595 2134 780 2186 Ueber
810 2133 916 2185 den
947 2134 1065 2186 Bau
1101 2134 1199 2186 der
1227 2132 1579 2201 Pyramiden.

419 2221 489 2272 H.
522 2221 794 2290 Brugnola.-
825 2218 1244 2271 Reiseberichte
1274 2236 1377 2271 aus
1407 2220 1699 2290 Aegypten
1737 2221 1954 2290 (Berlin
1996 2221 2161 2287 1855)
2192 2240 2246 2291 p.
2277 2227 2348 2281 35
2377 2240 2536 2292 seqq.

426 2304 620 2359 Yates:
653 2303 774 2356 The
795 2303 1018 2356 modern
1045 2303 1259 2371 history
1286 2305 1350 2355 of
1367 2305 1579 2375 Egypt.
1611 2305 1998 2375 (Lond.1843)
2018 2305 2137 2359 Vol.
2157 2308 2230 2359 ΙΙ.
2256 2325 2312 2377 p.
2329 2313 2434 2365 252
2445 2325 2603 2379 seqq.

585 2393 692 2448 308
719 2407 877 2459 seqq.

420 2476 622 2528 Brunet
648 2478 714 2528 dc
744 2475 918 2527 Presle
940 2471 1028 2524 in:
1070 2471 1373 2542 Encyclop.
1408 2473 1477 2525 de
1502 2492 1647 2541 gens
1667 2475 1741 2527 du
1769 2477 1982 2530 monde.
2016 2476 2086 2529 T.
2102 2474 2220 2529 XX.
2245 2482 2597 2546 p.268seqq.

429 2561 684 2630 Scheffelc
713 2559 802 2610 int
843 2556 1020 2624 Pauly
1050 2555 1617 2627 Realencyclopaedie
1653 2568 1758 2612 etc.
1793 2561 1887 2627 Vl,
1921 2568 1969 2619 1.
2008 2580 2062 2630 p.
2094 2566 2196 2619 291
2231 2577 2388 2629 seqq.

425 2644 661 2700 Trusen:
691 2644 892 2711 Sitten‚
922 2641 1252 2694 Gebriiuche
1281 2659 1334 2695 u.
1366 2643 1719 2695 Krankbeitt.
1753 2644 1808 2696 d.
1845 2644 1990 2697 alten
2023 2645 2308 2698 Hebraeer
2338 2643 2601 2715 (Breslau

593 2728 757 2795 1853)
786 2747 840 2797 p.
874 2733 940 2785 51
971 2744 1128 2796 seqq.

423 2815 692 2868 Wheeler:
734 2811 1073 2880 Geography
1108 2812 1172 2862 of
1194 2810 1463 2863 Herodot.
1498 2813 1761 2884 (London
1797 2814 1961 2880 1855)
1992 2832 2047 2883 p.
2078 2820 2186 2875 390
2215 2832 2372 2885 seqq.

501 2915 589 2967 Ex
636 2914 721 2967 his
762 2914 1009 2967 virorum
1048 2913 1331 2964 doctorum
1372 2911 1529 2966 libris
1578 2914 1847 2985 quidquid
1889 2916 1958 2968 ad
1998 2917 2269 2970 Herodoti
2313 2919 2483 2970 verba
2525 2918 2600 2987 11,

322 3005 437 3062 124
464 3017 622 3070 seqq.
668 3004 817 3052 recte
861 2997 1223 3066 intelligenda
1269 3004 1324 3049 et
1370 2996 1694 3068 explicanda
1732 3001 2039 3069 redundat,
2083 3002 2140 3054 id
2183 3002 2422 3071 singulis
2465 3002 2601 3056 locis

328 3084 647 3139 attulimus:
680 3101 859 3154 neque
890 3083 1030 3136 enim
1063 3098 1386 3152 quemquam
1417 3084 1613 3150 sugere
1644 3092 1869 3165 potest,
1894 3086 2236 3139 Herodotum
2265 3088 2321 3141 in
2358 3089 2457 3141 hac
2481 3094 2603 3141 tota

328 3171 400 3223 de
438 3169 814 3240 pyramidibus
861 3167 1189 3240 quaestione
1228 3166 1543 3236 primarium
1588 3170 1936 3241 antiquitatis
1983 3179 2259 3225 auctorem
2290 3178 2600 3243 testemque

329 3254 656 3323 locupletem
695 3255 887 3307 merito
929 3253 1139 3306 haberi.
1212 3252 1275 3304 In
1330 3252 1490 3305 cuius
1540 3256 1894 3308 enarratione
1951 3274 2094 3327 quae
2148 3257 2217 3308 ad
2258 3258 2599 3327 pyramidum
2686 3248 2693 3255 ’

330 3344 666 3391 structuram
703 3344 759 3390 et
787 3341 1009 3391 formam
1050 3353 1361 3407 operaeque
1389 3337 1446 3389 in
1479 3340 1834 3393 exstruendis
1863 3341 2242 3408 pyramidibus
2281 3348 2599 3393 consumtae

329 3421 598 3474 rationem
628 3422 939 3491 pertinent,
981 3438 1045 3473 ea
1076 3421 1176 3472 hoc
1205 3420 1324 3471 loco
1354 3422 1866 3489 praetermittimus,
1912 3440 2029 3475 cum
2059 3425 2114 3475 in
2148 3423 2598 3477 adnotationibus

331 3504 471 3557 satis
500 3510 736 3557 tractata
770 3504 912 3571 sint,
956 3509 1218 3573 quantum
1254 3502 1309 3554 id
1346 3504 1565 3572 quidem
1598 3505 1666 3556 ad
1696 3506 1916 3573 singula
1945 3506 2217 3559 Herodoti
2248 3508 2417 3560 verba
2447 3515 2599 3561 recte

330 3587 689 3657 intelligenda
718 3588 988 3658 pertinet:
1019 3588 1087 3643 de
1112 3585 1363 3653 consilio,
1397 3604 1506 3656 quo
1538 3594 1852 3641 exstructae
1876 3591 2085 3659 fuerint
2108 3591 2415 3660 pyramides
2447 3592 2599 3644 aliis-

331 3690 440 3744 que
471 3689 589 3726 cum
639 3693 704 3727 eo
736 3671 1045 3725 coniunctis
1076 3672 1244 3725 rebus
1275 3670 1363 3722 hic
1395 3671 1588 3740 paucis
1618 3689 1719 3741 pro
1749 3674 1926 3726 nostri
1974 3676 2158 3745 operis
2189 3676 2404 3728 ratione
2431 3694 2597 3746 expo-

329 3758 586 3811 nendum.
661 3760 819 3813 Licet
864 3757 1004 3810 enim
1047 3755 1369 3809 Herodotus
1415 3756 1643 3808 disertis
1688 3758 1877 3811 verbis
1915 3759 2008 3811 vix
2049 3760 2440 3827 declaraverit,
2486 3778 2597 3831 quo

331 3842 597 3911 consilio,
645 3860 805 3914 quem
837 3843 894 3895 in
929 3844 1088 3895 finem
1120 3857 1392 3909 usumque
1426 3841 1737 3910 pyramides
1768 3843 1997 3895 eductae
2026 3846 2254 3911 fuerint,
2294 3851 2474 3898 tamen
2508 3845 2595 3899 vel

327 3945 397 3980 ex
425 3928 530 3999 iis,
579 3945 721 3999 quae
763 3928 884 3998 ipse
929 3926 1002 3995 II,
1038 3930 1139 3986 124
1175 3924 1243 3976 de
1272 3925 1514 3994 Cheopis
1558 3926 1813 3994 sepulcro
1846 3927 1985 3980 dixit
2015 3935 2073 3981 et
2100 3946 2242 3999 quae
2276 3930 2344 3982 ad
2386 3931 2458 3997 ΙΙ,
2493 3936 2598 3990 134

326 4013 399 4064 de
427 4011 703 4080 Mycerini
749 4012 1091 4081 sarcophago
1126 4010 1183 4062 in
1213 4009 1338 4078 ipsa
1375 4008 1677 4080 pyramidis
1722 4012 1789 4062 ab
1821 4012 1922 4064 hoc
1950 4030 2082 4081 rege
2127 4019 2477 4067 constructae
2508 4033 2607 4067 ca-.

326 4113 478 4149 mera
507 4096 760 4149 interiori
789 4096 1015 4149 invento
1048 4094 1211 4148 allata
1238 4099 1388 4161 sunt,
1419 4093 1807 4149 accedentibus
1839 4095 1961 4149 aliis
1992 4104 2235 4153 veterum
2266 4099 2597 4170 scriptorum

472 4292 527 4356 *)
575 4294 701 4345 Vid.
749 4293 917 4344 Raoul
948 4293 1181 4344 Rochetce
1227 4293 1312 4342 in·
1360 4291 1588 4342 Journal
1624 4292 1719 4343 des
1755 4292 1971 4346 Savans
2008 4295 2163 4348 1841.
2212 4312 2265 4361 p.
2304 4296 2407 4347 223
2441 4311 2597 4360 seqq.

327 4364 552 4499 ἒ84ἒ211).
566 4363 836 4498 :2333qu
876 4363 976 4415 257
993 4378 1146 4428 seqq.
1182 4362 1285 4413 330
1304 4378 1455 4426 seqq.
1493 4363 1595 4413 407
1622 4378 1774 4429 seqq.
1809 4364 2149 4417 Athenaeum
2186 4364 2337 4415 1844.
2375 4380 2456 4414 nr.
2473 4364 2595 4416 854.
