3109 5092
452 325 577 391 206

1322 335 1861 399 HERODOTI

450 518 589 583 τῶν
633 540 704 581 τε
733 518 1131 597 Αἰγυπτίων
1171 516 1392 600 ἔργῳν
1432 514 1543 580 καὶ
1585 517 1723 581 τῶν
1748 517 2230 601 Βαβυλωνίων.
2299 517 2437 580 ἔστι
2480 510 2728 583 αὐτόθι

442 612 811 684 ’Λλυάττεω
854 619 975 683 τοῦ
1003 620 1299 703 Κροίσου
1350 612 1597 704 πατρὸς
1638 621 1847 704 σῆμα,
1902 618 2023 683 τοῦ
2062 609 2104 702 ἡ
2146 615 2385 702 κρηπὶς
2420 620 2551 703 μέν
2588 619 2727 686 ἐστι

450 725 672 787 λίθων
708 716 1051 806 μεγάλων,
1092 713 1166 785 τὸ
1205 717 1278 785 δὲ
1319 715 1482 787 ἄλλο
1522 723 1699 806 σῆμα
1741 722 1927 806 χῶμα
1964 722 2105 804 γῆς.
2178 718 2618 806 ἐξεργάσαντο
2649 722 2730 789 δέ
2745 732 2815 786 48

447 849 566 908 μιν
594 826 666 889 οἰ
699 818 1004 910 ἀγοραῖοι
1051 816 1439 909 ἅνθρωποι,
1492 822 1605 889 καὶ
1645 825 1715 891 οί
1746 818 2220 910 χειρώνακτες,
2267 822 2379 888 καὶ
2422 826 2499 890 αἱ
2533 825 2720 913 ἐνερ-

445 986 687 1050 Alyattis
733 986 983 1052 sepulcro
1029 986 1140 1038 vid.
1185 986 1243 1036 in
1286 987 1547 1038 Excursu.

447 1057 518 1107 ad
553 1057 607 1108 h.
647 1057 684 1106 l.
725 1056 1142 1107 Similitudinem
1170 1056 1330 1106 huius
1355 1056 1535 1121 sepul-

448 1127 526 1175 cri
562 1141 682 1176 cum
719 1127 786 1175 iis
824 1125 1107 1190 sepulcris,
1130 1126 1352 1191 quaein
1381 1126 1537 1176 bore-

448 1196 626 1245 alibus
641 1197 894 1260 Europae
919 1196 1232 1259 regionibus
1253 1196 1536 1245 inveniun-

445 1271 551 1326 tur,
591 1266 806 1315 notavit
860 1267 1038 1317 Kruse
1089 1267 1147 1314 in
1205 1264 1532 1328 Bueschiug.

445 1334 762 1384 Nachricht.
799 1335 896 1395 IV,
930 1336 981 1384 4.
1015 1334 1081 1399 'p.
1128 1334 1248 1384 280.
1298 1334 1384 1383 Ad
1429 1334 1536 1383 for-

445 1419 589 1452 mam
632 1404 792 1453 huius
839 1403 1172 1453 monumenti
1216 1403 1535 1467 sepulcralis

445 1473 708 1532 comeam,
735 1476 797 1522 ut
821 1473 991 1534 aiunt,
1007 1472 1216 1521 attendi
1245 1472 1406 1522 iu‘ssit
1435 1473 1536 1521 Mi-

443 1541 648 1591 nutoli:
677 1541 990 1605 Nachtriige
1025 1556 1093 1591 zu
1130 1557 1177 1591 s.
1208 1542 1370 1592 Reise
1405 1556 1532 1606 pag.

450 1610 549 1660 103
588 1615 732 1672 not„
782 1611 983 1675 quippe
1040 1625 1179 1674 quae
1238 1610 1428 1660 eadem
1475 1611 1532 1659 in

444 1680 806 1731 monumentis
867 1678 1310 1744 septentrionalis
1359 1681 1533 1730 Euro-

443 1765 547 1814 pae
581 1750 883 1814 reperiatur
918 1749 1219 1814 similisque
1262 1754 1413 1800 certe
1458 1749 1532 1798 sit

445 1820 786 1883 pyramidum
839 1819 1074 1881 formae,
1123 1834 1350 1883 quarum
1387 1819 1530 1882 ipsa-

441 1904 560 1938 rum
589 1904 721 1939 usus
760 1889 865 1939 fuit
912 1889 983 1938 ad
1032 1888 1280 1953 sepulcra
1321 1903 1526 1952 regum.

444 1959 550 2008 Sed
587 1957 651 2008 de
689 1959 774 2008 his
818 1958 1185 2023 sepulcrorum
1224 1959 1409 2007 formis
1447 1963 1528 2007 tu·

442 2026 708 2091 mulisque
757 2027 940 2091 plura,
987 2027 1090 2077 hoc
1140 2042 1354 2092 quoque
1409 2025 1528 2076 loco

443 2097 639 2159 accite,
664 2097 848 2160 Zoega
872 2096 940 2146 de
964 2096 1233 2147 Obeliscc.
1257 2112 1385 2161 pag.
1404 2094 1527 2147 338.

511 2229 627 2283 ἔστι
663 2222 879 2282 αὐτόθι
910 2221 1205 2281 Ἀλυάττεω
1228 2230 1334 2282 τοῦ
1355 2230 1530 2297 Κροί-

441 2315 546 2382 σου
595 2292 812 2365 πατρὸς
850 2298 1026 2364 σῆμα,
1057 2298 1192 2350 ,τοῦ
1237 2292 1274 2364 ἡ
1319 2297 1530 2366 κρηπὶς

440 2368 545 2437 μέν
589 2362 704 2420 ἐστι
756 2385 808 2419 κ.
855 2384 902 2418 τ.
957 2367 1029 2433 L]
1099 2370 1300 2419 Vocem
1359 2369 1527 2435 σῆμα,

441 2457 605 2506 quam
669 2441 892 2503 sepulcri
948 2440 1172 2489 notione
1229 2440 1525 2504 accipiunt,

437 2508 1012 2640 ῗέεξιείοῗὲοέἒιξὶέῖῗὴ
1017 2524 1159 2627 udde
1179 2507 1526 2642 Βιῗῖιτοῗιὲῗὲἳ

437 2649 652 2715 proprie
690 2650 904 2713 signum
949 2647 1007 2696 in
1048 2652 1383 2698 mortuorum
1419 2664 1525 2698 me-

439 2721 662 2770 moriam
700 2723 938 2768 erectum
975 2717 1152 2782 iisque
1187 2719 1343 2782 quasi
1379 2718 1525 2768 dica-

436 2794 570 2838 tum.
636 2789 979 2850 Quapropter
1024 2802 1131 2836 non
1185 2792 1328 2850 erat,
1379 2786 1524 2852 quod

437 2859 651 2920 Movers
696 2855 955 2905 Phoeniz.
1004 2855 1050 2904 Ι.
1096 2871 1150 2919 p.
1197 2856 1299 2907 676
1348 2854 1523 2919 sepul-

438 2942 585 2976 crum
617 2939 738 2974 esse
768 2926 1011 2987 negaret.
1088 2924 1244 2985 Quod
1280 2926 1525 2989 sequitur

433 3010 479 3126 i‘
474 2990 645 3112 ⁰⁷33?
659 2992 894 3122 ’1i¹⁶1¹'7⁰‹‘›¹
899 2990 1521 3125 ‘'3235’533335222325

1504 3098 1518 3125 2

434 3148 599 3192 oram,
649 3144 790 3193 quae
834 3128 1058 3178 fluvium
1097 3144 1143 3180 s.
1180 3129 1359 3180 lacum
1411 3131 1520 3180 cin-

435 3202 543 3264 git;
599 3198 696 3249 sed
738 3197 842 3247 hoc
884 3197 1005 3247 loco
1052 3197 1196 3250 basin
1241 3215 1286 3248 s·
1326 3199 1518 3264 funda-

431 3278 636 3320 nientwn
679 3282 796 3317 esse
855 3265 1137 3316 contendit
1184 3267 1443 3318 Thiersch
1488 3284 1517 3318 e

432 3338 677 3404 pluribus
720 3335 842 3386 aliis
889 3335 1024 3385 locis
1061 3335 1272 3400 allatis,
1322 3338 1516 3402 quibus

433 3409 571 3459 adde
607 3420 748 3472 quae
785 3405 842 3454 in
880 3405 1043 3454 Thes.
1083 3405 1244 3469 Ling.
1289 3406 1381 3456 Gr.
1417 3406 1515 3456 IV.

431 3495 485 3543 p.
519 3477 655 3529 1594
687 3473 960 3524 attulitG.
989 3473 1249 3535 Dindorf,
1294 3476 1518 3540 ipseque

431 3546 715 3598 Strabonis
777 3543 1116 3594 Herodotum
1173 3544 1516 3622 respicientis

429 3615 581 3667 locus
613 3614 821 3664 indicat
856 3613 997 3663 XIII
1040 3614 1092 3662 4.
1124 3629 1192 3691 p.
1205 3612 1335 3664 627.
1368 3604 1519 3693 πρὸς

430 3681 492 3735 δὲ
525 3686 649 3740 ταις
675 3674 961 3746 Σάρδεσίν
992 3648 1105 3730 ἐστι
1137 3673 1200 3730 τὸ
1237 3679 1342 3731 τοῦ
1368 3672 1514 3729 'Alv-

425 3767 597 3802 αττου
634 3743 726 3801 ἐπὶ
762 3765 830 3814 ιιρ
874 3747 1045 3830 πίὃος
1089 3740 1318 3830 &ww-⁷123
1353 3764 1515 3828 χωα

427 3818 596 3884 μέγα,
635 3810 853 3883 ἐργασθ
806 3765 916 3869 &zv
954 3833 1031 3874 ως
1067 3831 1246 3883 φησιν
1287 3810 1414 3883 Ηρό
1456 3832 1515 3866 ο-

428 3902 526 3945 we
561 3902 613 3936 κ.
639 3901 685 3934 τ.
776 3917 846 3926 —
881 3884 1042 3950 χῶμα
1055 3885 1133 3936 de
1167 3892 1314 3936 terra
1344 3888 1514 3936 mani-

427 3956 528 4006 bus
575 3953 831 4018 adgesta,
893 3969 1033 4019 quae
1079 3955 1205 4004 inde
1248 3956 1512 4006 tumulum

428 4022 739 4084 constituit,
776 4022 921 4072 idem
948 4022 1227 4072 Thiersch.
1254 4029 1400 4074 recte
1433 4026 1512 4074 in·

424 4093 624 4157 telligit
669 4089 932 4154 affertque
967 4075 1316 4141 Homericum
1364 4090 1513 4157 σῆμα

424 4158 586 4227 χεῦαι
621 4174 688 4208 ex
724 4158 883 4208 Iliad.
921 4159 1129 4221 xxm,
1155 4159 1241 4210 75.
1314 4160 1510 4224 Itaque

425 4229 748 4291 Strabonem
772 4225 819 4275 si
844 4227 1141 4290 sequimur,
1179 4231 1511 4280 monumenti

424 4299 583 4349 basin
626 4291 926 4359 (κρηπιδα)
977 4294 1275 4378 grandibus
1316 4295 1510 4361 lapidi-

424 4368 525 4420 bus
559 4362 873 4417 constitisse
907 4362 1099 4429 bisque
1147 4363 1282 4430 ipsis
1327 4378 1509 4431 super-

1638 991 1905 1037 structum
1956 986 2127 1037 fuisse
2171 985 2436 1037 tumulum
2471 1004 2725 1054 magnum

1637 1061 1784 1105 terra
1846 1061 2166 1122 congestum
2239 1057 2346 1106 erit
2409 1057 2723 1122 dicendum:

1638 1126 1744 1174 nisi
1778 1126 1859 1175 ita
1898 1126 2080 1191 potius
2117 1141 2231 1175 rem
2265 1123 2605 1189 constituae,
2660 1133 2721 1177 ut

1637 1195 1965 1260 superiorem
2005 1193 2197 1244 tumuli
2222 1200 2432 1260 partem
2462 1193 2720 1260 κρηπῖδι,

1635 1265 1672 1314 i.
1715 1280 1763 1314 e.
1804 1264 2089 1330 grandium
2137 1263 2379 1327 lapidum
2415 1280 2567 1315 muro
2604 1269 2723 1315 tan-

1637 1348 1798 1398 quam
1830 1349 2031 1384 corona
2076 1332 2468 1398 (Manet-leram,
2510 1334 2724 1384 Maner-

1637 1402 1972 1469 Einsassunq)
2012 1402 2403 1453 circumdatam
2439 1404 2608 1453 fuisse
2646 1403 2723 1452 di-

1638 1486 1731 1521 cas
1797 1473 1953 1538 eique
2014 1488 2166 1522 muro
2223 1477 2480 1537 tanquam
2533 1471 2723 1523 funda-

1635 1547 1817 1591 mento
1839 1542 2151 1605 impositum
2172 1540 2346 1604 ipsum
2369 1539 2533 1607 σῆμα.
2559 1542 2609 1592 N
2612 1557 2721 1591 am-

1636 1625 1741 1674 que
1778 1611 2092 1661 observavit
2127 1611 2322 1661 Texier
2358 1610 2395 1660 l'.
2432 1611 2498 1672 1.,
2540 1611 2596 1659 in
2634 1627 2722 1660 su-

1634 1678 1852 1743 perficie
1898 1679 2091 1729 tumuli
2136 1679 2314 1730 adhuc
2362 1679 2507 1729 cerni
2559 1681 2721 1730 basin

1633 1749 1906 1813 quandam
1940 1747 2235 1813 grandibus
2280 1748 2553 1813 lapidibus
2594 1765 2720 1799 con-

1633 1821 1898 1882 stantem,
1948 1833 2049 1867 nec
2082 1816 2244 1883 longe
2294 1818 2418 1868 inde
2454 1823 2721 1867 remotum

1633 1886 1814 1937 iacere
1831 1887 2063 1951 lapidem
2085 1886 2420 1949 immensum,
2441 1887 2533 1952 qui
2551 1886 2721 1952 phalli

1633 1956 1864 2006 formam
1882 1961 2280 2020 repraesentet:
2309 1972 2464 2021 quem
2489 1954 2717 2006 eundem

1632 2026 1797 2075 etiam
1844 2025 1983 2076 vidit
2016 2025 2312 2075 Prokesch.
2363 2025 2485 2076 l.·l.
2563 2025 2717 2075 Idem

1632 2111 1847 2160 quoque
1881 2111 1910 2145 e
1954 2095 2315 2144 recentiorum
2344 2094 2715 2160 peregrinato-

1631 2180 1750 2213 rum
1796 2163 2110 2214 narratione
2149 2163 2333 2214 retulit
2363 2164 2581 2214 Curtius
2616 2165 2717 2214 Ar-

1634 2233 1915 2316 chaeolog.
1950 2234 2088 2282 Zeit.
2126 2233 2223 2283 XI.
2266 2250 2318 2299 p.
2360 2234 2479 2286 153.

1705 2296 1766 2351 οἷ
1784 2295 2069 2380 ἀγοραῖοι
2108 2292 2446 2367 ἅνθρωποι,
2505 2298 2601 2351 καὶ
2659 2296 2720 2351 οἷ

1630 2363 2024 2489 χειρώνακτεςέ
2058 2370 2328 2423 Strabol.
2365 2371 2405 2423 l.
2442 2403 2512 2411 —-
2557 2368 2720 2436 χῶμα

1629 2455 1766 2520 μεγα
1781 2431 1998 2506 ἐργασθ
2021 2454 2078 2520 ν,
2095 2429 2173 2498 ὥς
2190 2451 2369 2505 φησιν
2385 2431 2731 2524 ῌρόδοτος,τ

1628 2499 1744 2559 υπὸ
1784 2508 1888 2559 τοῦ
1921 2502 2186 2572 πλήθους
2222 2507 2321 2575 τῆς
2354 2501 2597 2572 πόλεως,
2647 2523 2715 2558 ου

1628 2570 1693 2629 τὸ
1754 2579 2018 2628 πλεῖστον
2074 2573 2242 2642 ἔργον
2299 2571 2365 2627 αἰ
2416 2575 2716 2629 παιδίσκαι

1629 2645 2023 2709 συνετέλεσαν,
2077 2643 2219 2726 λέγει
2256 2638 2314 2696 δ’
2352 2639 2566 2704 ἐκεῖνος
2618 2645 2716 2698 καὶ

1626 2682 2023 2794 πορνεύεσθαι
2052 2709 2264 2774 πάσας·
2322 2732 2470 2773 τινες
2517 2709 2581 2765 δὲ
2617 2713 2715 2767 καὶ

1625 2777 1846 2851 πόρνης
1886 2781 2080 2850 μνῆμα
2109 2781 2333 2864 λέγουσι
2368 2779 2470 2835 τὸν
2506 2800 2712 2866 ταφον.

1625 2856 1691 2905 In
1728 2853 1995 2906 Herodoti
2040 2853 2162 2904 loco
2211 2849 2273 2904 οῐ
2300 2845 2566 2919 ἀγοραῖοι
2612 2844 2711 2904 ἅν-

1625 2922 1856 2989 θρωποι
1879 2924 2267 2986 circumforanei
2294 2929 2421 2974 sunt
2447 2923 2711 3004 homines,

1618 2994 1878 3056 forenses,
1929 3008 2155 3058 quorum
2195 2999 2322 3043 sunt
2356 2987 2543 3057 τέχναι
2580 2984 2712 3057 ἆγο-

1624 3064 1806 3127 ραιοι,
1843 3066 1985 3111 teste
2018 3059 2240 3112 Polluce
2267 3062 2551 3112 Onomast.
2577 3062 2707 3112 VII.

1624 3133 1675 3193 §-
1702 3129 1755 3181 6.
1827 3129 1964 3180 Inde
2002 3131 2160 3180 turba
2196 3131 2428 3181 forensis
2464 3132 2544 3180 ita
2579 3130 2711 3181 dici-

1622 3204 1711 3249 tur
1759 3215 1824 3249 ac
1868 3199 1979 3249 vile
2026 3198 2301 3250 hominum
2343 3215 2548 3280 genus·
2594 3199 2707 3250 vid.

1603 3268 1884 3318 ·Herodot.
1923 3269 1998 3331 11,
2038 3266 2124 3319 35.
2164 3268 2295 3330 141,
2332 3269 2426 3318 ubi
2462 3262 2707 3332 καπηλοι

1623 3343 1679 3387 et
1728 3329 2096 3401 χειρώνακτες
2153 3344 2444 3388 occurrunt
2487 3351 2707 3403 prorsus

1621 3411 1683 3456 ut
1706 3406 1809 3456 hoc
1843 3406 1994 3467 1000,
2032 3407 2272 3471 itemque
2306 3407 2708 3457 substantivum

1617 3470 1956 3540 χειρωναξίη
1979 3442 2054 3538 h,
2090 3475 2206 3525 167.
2266 3476 2551 3526 Pertinent
2572 3474 2709 3525 baec

1616 3542 1886 3594 vocabula
1929 3543 2000 3593 ad
2051 3543 2271 3608 opifices
2325 3560 2526 3610 eosque
2573 3543 2707 3593 infe-

1616 3613 1775 3662 rioris
1834 3611 2188 3674 conditionis,
2250 3614 2342 3678 qui
2413 3612 2706 3664 illiberales

1616 3686 1869 3743 exercent
1924 3685 2069 3731 artes
2113 3680 2551 3747 sellulariasque,
2613 3682 2707 3745 qui

1617 3750 1730 3800 suis
1766 3751 2006 3815 ipsorum
2038 3750 2285 3800 manibus
2323 3767 2459 3815 opus
2494 3747 2707 3800 faciunt

1614 3820 1892 3883 vitamque
1927 3819 2033 3868 sibi
2070 3823 2398 3869 sustentant.
2446 3819 2530 3868 Tu
2556 3819 2702 3871 conf.

1613 3887 1822 3938 Polluc.
1861 3888 2053 3938 Onom.
2092 3888 2148 3950 Ι,
2186 3888 2271 3939 50.
2309 3887 2393 3950 11,
2442 3887 2534 3938 151
2577 3886 2703 3940 coll.

1616 3953 1744 4019 vn,
1771 3958 1821 4007 7.
1894 3956 2053 4021 Apud
2075 3956 2401 4021 Aeschylum
2424 3956 2700 4008 Prometh.

1614 4025 1785 4075 vinct.
1824 4025 1891 4076 45
1935 4025 2122 4076 eodem
2161 4025 2275 4075 fere
2311 4040 2472 4076 sensu
2507 4040 2701 4090 χειρω-

1615 4091 1813 4158 ναξία,
1866 4094 1961 4144 ubi
2009 4093 2166 4160 plura
2212 4094 2489 4160 congessit
2525 4094 2702 4146 Blom-

1614 4161 1759 4214 field.
1798 4163 1855 4212 in
1891 4163 2135 4215 Glossar.
2166 4178 2294 4228 pag.
2331 4165 2399 4215 82
2435 4163 2521 4214 ed.
2546 4164 2698 4229 Lips.

1613 4231 1752 4283 Add.
1795 4231 1987 4282 Grauff
2027 4232 2098 4281 ad
2142 4232 2376 4282 Luciani
2421 4233 2701 4283 Somnium

1610 4315 1738 4368 pag.
1782 4299 1878 4351 188
1913 4305 1969 4350 et
1992 4300 2272 4350 Thiersch.
2301 4300 2338 4349 l.
2366 4300 2403 4351 l.
2440 4315 2567 4366 pag.
2597 4299 2699 4351 402

1611 4382 1764 4434 seqq.
1750 4401 1785 4432 .‚
1822 4367 1917 4434 qui
1946 4358 2084 4425 τοὺς
2106 4361 2492 4434 χειρώνακτας
2527 4369 2698 4435 (opfi-
