3109 5092
1044 311 1542 373 EUTERPE.
1596 312 1850 375 11.182.

2466 307 2583 371 831

320 488 606 576 σμένην,
648 490 848 555 τοῦτο
887 485 964 555 δὲ
999 489 1081 575 τῇ
1121 485 1197 554 ἐν
1221 489 1454 553 Λίνδω
1486 479 1812 572 Ἀθηναίῃ
1851 481 1976 552 δύο
2005 509 2079 552 τε
2106 479 2451 573 ἀγάλματα
2487 488 2589 554 λί-

321 601 489 660 θινα
530 590 643 658 καὶ
684 587 968 678 θωρηκα
1009 594 1238 657 λίνεον
1289 582 1718 676 ἀξιοθέητον,
1772 591 1970 655 τοῦτο
2013 582 2079 654 δ’
2125 588 2193 665 ἐς
2232 587 2471 677 Σάμον
2510 592 2593 678 τῇ

302 689 477 783 ’Ἡρη
511 691 773 773 εἰκόνας
801 694 1058 762 ἑωυτοῦ
1087 695 1406 778 διφασίας
1433 693 1738 774 ξυλίνας,
1768 695 1845 758 αἳ
1866 692 1942 759 ἐν
1964 693 2058 783 τῷ
2093 694 2234 783 νηῷ
2262 696 2359 784 τῷ
2383 717 2588 780 μεγα-

321 805 417 888 λῳ
447 795 723 885 ἱδρύατο
765 801 862 866 ἔτι
902 796 1017 864 καὶ
1051 790 1129 865 τὸ
1155 795 1346 884 μέχρι
1388 796 1548 883 ἐμεῦ
1577 790 1823 863 ὄπισθε
1855 798 1992 863 τῶν
2012 761 2325 882 θυρείῑιιν.Ι
2373 796 2440 874 ἐς
2466 794 2591 882 μέν

323 927 452 969 νυν
477 901 715 988 Σάμον
740 895 1038 988 ἀνέθηκε
1065 895 1233 968 κατὰ
1259 901 1513 986 ξεινίην
1539 895 1664 986 τὴν
1692 899 1947 967 ἑωυτοῦ
1988 924 2061 965 τε
2093 898 2205 965 καὶ
2228 896 2585 987 Πολυκρά-

320 1030 467 1084 τεος
493 1008 617 1073 τοῦ
643 1003 958 1090 Αἰάκεος,
993 1005 1061 1083 ἐς
1103 1002 1179 1071 δὲ
1216 1006 1476 1071 Λίνδον
1512 1004 1759 1090 ξεινίης
1797 1001 1925 1090 μὲν
1963 997 2277 1090 οὐδεμιῆς
2307 1006 2588 1081 εἵνεκεν,

322 1103 422 1175 ὅτι
464 1106 535 1176 δὲ
578 1103 654 1176 τὸ
693 1104 842 1196 ἱρὸν
876 1104 951 1176 τὸ
995 1108 1071 1176 ἐν
1096 1110 1328 1199 Λίνδῳ
1363 1101 1439 1174 τὸ
1484 1110 1601 1194 τῆς
1631 1103 1993 1194 Ἀθηναίης
2021 1107 2282 1192 λέγεται
2314 1102 2430 1185 τὰς
2468 1109 2589 1173 τοῦ

321 1215 605 1279 Δαναοῦ
629 1211 1013 1299 θυγατέρας
1049 1208 1458 1299 ἱδρύσασθαι
1487 1208 1926 1300 προσχούσας,
1955 1205 2063 1278 ὅτε
2089 1206 2591 1299 ἀπεδίδρησκον

246 1358 280 1371 -·
320 1311 478 1394 τούς
504 1312 859 1402 Αἰγύπτου
886 1317 1150 1393 παῖδας.
1204 1316 1415 1382 ταῦτα
1441 1311 1569 1401 μὲν
1596 1309 1892 1400 ἀνέθηκε
1918 1307 2264 1401 ὁἌμασις.
2321 1309 2488 1383 Εἷλε
2517 1312 2592 1381 δὲ

318 1518 514 1565 tuasve
533 1513 894 1566 elaborandas
925 1528 1147 1566 curasse
1172 1511 1404 1578 aliisque

317 1583 537 1634 honoris
572 1586 730 1651 quasi
766 1599 937 1636 causa
972 1582 1225 1634 donasse.
1297 1582 1404 1633 Sed

318 1652 498 1704 iudice
557 1654 800 1706 Boeckh.
858 1653 941 1721 (in
987 1652 1151 1719 Corp.
1203 1652 1404 1703 Inscrr.

318 1723 542 1774 Graeco.
578 1724 624 1787 Ι,
660 1725 712 1777 3.
762 1739 889 1791 pag.
934 1722 1060 1789 872)
1112 1737 1246 1773 cave
1295 1736 1407 1772 cre-

318 1792 417 1843 das
453 1793 510 1843 in
544 1793 761 1858 publico
798 1798 1014 1844 statuas
1049 1792 1262 1858 positas
1288 1806 1407 1841 esse

320 1863 389 1913 ab
423 1864 682 1915 Amaside
718 1863 946 1915 Graecis
978 1863 1035 1912 in
1068 1861 1404 1923 civitatibus,

317 1948 441 1982 cum
477 1931 757 1999 religionis
795 1947 964 1984 eausa
1009 1931 1133 1983 illas
1168 1932 1226 1981 in
1271 1936 1403 1980 tem·

317 2001 409 2066 pla
432 2001 716 2053 dicaverit.
774 2002 915 2054 Add.
938 2001 1116 2053 Raoul
1136 2000 1405 2052 Rochette

322 2068 427 2135 (De
459 2070 516 2121 la
550 2072 764 2136 pinture
799 2072 931 2123 chen
978 2071 1059 2122 les
1090 2071 1259 2123 Grecs
1295 2074 1400 2120 etc.

318 2141 907 2277 33333915201231‘132
929 2146 1101 2261 ‘5122
1117 2140 1404 2275 ’ἳὲἱῖιὲ

319 2279 571 2330 dedicato
630 2281 817 2346 ibique
874 2295 1166 2346 suspens03
1227 2281 1403 2345 ipsam

319 2364 447 2400 vero
484 2349 626 2401 hanc
663 2351 954 2417 imaginem
994 2366 1028 2400 a
1063 2350 1272 2402 Graeco
1319 2364 1403 2400 ar-

317 2419 482 2484 tifice,
506 2419 863 2485 probabiliter
875 2421 1057 2471 Samio
1073 2419 1399 2482 confectam,

317 2490 372 2538 in
408 2488 558 2555 ligno
595 2491 801 2557 pictam
836 2491 1010 2540 fuisse
1058 2489 1212 2539 addit
1251 2489 1402 2539 inde·

317 2574 422 2624 que
458 2559 621 2611 facile
656 2563 821 2611 etiam
855 2560 1121 2625 Cyrenem
1151 2559 1295 2609 mitti
1322 2563 1402 2609 at-

317 2643 420 2693 que
452 2629 509 2679 in
543 2628 736 2695 templi
768 2630 980 2695 pariete
1017 2629 1276 2694 suspendi
1309 2644 1402 2693 po-

315 2698 508 2749 tuisse.
587 2699 669 2750 Ac
726 2700 972 2765 profecto
1027 2699 1233 2763 primus
1290 2698 1402 2747 tale

317 2767 447 2832 quid
495 2768 636 2819 inter
665 2768 967 2835 Aegyptios
1016 2768 1209 2819 fecisse
1255 2766 1402 2818 vide-

317 2843 409 2886 tur
431 2837 672 2888 Amasis:
699 2853 932 2904 namque
950 2838 1283 2903 privatorum
1308 2837 1403 2887 ho-

317 2907 520 2956 minum
551 2907 815 2971 imagines
850 2907 1171 2959 conficiendi
1197 2921 1401 2957 morem

315 2975 603 3041 Aegyptiis
640 2976 734 3028 illa
769 2982 951 3029 aetate
988 2978 1266 3043 cognitum
1288 2991 1398 3026 non

317 3047 518 3110 fuisse,
553 3047 669 3098 iure
705 3047 836 3097 mihi
868 3051 1111 3098 statuere
1144 3046 1400 3097 videntur

316 3117 421 3166 viri
460 3116 625 3166 docti.
698 3118 783 3168 Tu
829 3117 975 3168 conf.
1022 3116 1187 3167 etiam
1223 3116 1399 3166 Minu·

316 3184 445 3236 toli:
491 3186 691 3251 Einige
733 3188 923 3237 Worte
972 3187 1106 3237 iiber
1143 3185 1233 3235 die
1265 3185 1400 3238 Ver-

316 3255 687 3305 schiedenheit
733 3255 828 3306 des
866 3255 1016 3320 Styls
1059 3256 1116 3305 in
1163 3256 1266 3306 den
1301 3256 1404 3306 Ae-

318 3330 498 3475 {5335
520 3322 1399 3458 ξῷῗῖᾎῗωῧῗιῖἱῖναὲᾞέἓῖ

776 3426 846 3434 —
1387 3430 1400 3455 2

318 3462 471 3512 cuius
508 3462 694 3511 statim
729 3462 795 3514 fit
828 3463 1063 3524 mentio,
1111 3464 1255 3513 cons.
1292 3463 1403 3513 He·

317 3531 436 3582 rod.
472 3530 581 3593 111,
619 3532 685 3581 47
715 3538 770 3583 et
804 3530 949 3582 Plin.
972 3532 1044 3582 H.
1072 3532 1141 3582 N.
1169 3531 1318 3595 XIX,
1351 3531 1399 3582 l.

384 3615 454 3666 τῃ
434 3590 534 3649 ἐν
546 3597 739 3668 Λίνδῳ
759 3592 1055 3665 Ἀθηναίῃ]
1075 3598 1238 3650 Haud
1250 3614 1402 3667 prae-

316 3669 546 3720 termitti
565 3650 746 3733 debet,
769 3670 1070 3731 Danaidae,
1108 3684 1247 3735 quae
1264 3669 1404 3719 The-

318 3739 668 3804 smophoria
653 3756 710 3789 m
725 3739 1011 3791 Graeciam
1033 3738 1402 3788 introduxisse

317 3809 563 3861 feruntur
609 3808 709 3874 (11,
761 3809 901 3876 171),
946 3808 1227 3859 Minervae
1272 3823 1403 3875 quo-

317 3893 422 3945 que
470 3895 629 3932 sacra
680 3879 1063 3946 antiquissima
1108 3878 1164 3928 in
1223 3877 1400 3928 Lindo

317 3948 625 3999 instituisse
650 3948 790 4011 dici,
830 3964 895 3999 ex
928 3949 1179 4014 Aegypto
1207 3952 1263 3998 et
1285 3948 1400 4014 qui-

319 4017 438 4067 dem
478 4034 542 4068 ex
575 4018 708 4069 urbe
744 4019 872 4082 Sar,
908 4018 989 4068 uti
1029 4018 1221 4083 opinor
1251 4015 1399 4083 (nam

318 4088 549 4151 insignis
588 4087 723 4138 haec
749 4088 879 4137 urbs
908 4086 1265 4152 religionibus
1299 4088 1400 4137 Isi-

318 4155 594 4207 dis-Neith
628 4173 676 4209 s.
711 4153 1038 4219 Minervae),
1081 4157 1188 4207 huc
1229 4156 1401 4207 allata

320 4230 375 4275 et
412 4225 539 4275 inde
572 4242 667 4291 per
713 4242 922 4277 omnem
960 4227 1247 4278 Graeciam
1281 4242 1401 4292 pro-

316 4300 522 4415 2252?
529 4295 1404 4417 ·...1{⁶?.2?¹¹55522223;⁰ffl33‡13312

321 4434 586 4486 scribunt.
647 4382 783 4488 1{⁷id.
825 4435 1053 4488 Diodor.
1090 4435 1138 4499 1,
1175 4437 1260 4501 58,
1311 4436 1403 4486 ubi

1507 1511 1680 1563 multa
1714 1511 1782 1562 de
1814 1512 1920 1563 hoc
1941 1514 2144 1580 templo
2174 1513 2590 1580 wesselingius.

1507 1581 1616 1633 Sed
1650 1581 1849 1633 Strabo
1890 1583 2040 1636 XIV.
2087 1599 2216 1649 pag.
2262 1584 2364 1635 655
2402 1600 2447 1635 s.
2484 1583 2588 1634 967

1507 1652 1550 1701 C
1594 1651 1933 1703 Herodotum
1966 1654 2239 1719 sequitur,
2271 1668 2432 1718 quem
2463 1668 2594 1703 eun-

1508 1722 1631 1772 dem
1666 1721 2245 1785 conf.11,107.171
2296 1723 2429 1789 ibiq.
2475 1726 2591 1773 not.

1508 1791 1676 1842 Plura
1714 1790 1966 1842 Creuzer.
2016 1792 2074 1842 in
2110 1792 2350 1857 Symbol.
2390 1792 2495 1845 111.
2533 1807 2589 1857 p.

1511 1860 1615 1911 346
1648 1875 1799 1925 seqq.
1839 1860 1922 1911 ed.
1973 1866 2097 1913 tert.
2173 1863 2355 1926 Ipsius
2403 1861 2591 1926 templi

1507 1930 1636 1981 olim
1679 1928 2014 1980 celeberrimi
2057 1947 2233 1996 pauca
2280 1930 2456 1983 adhue
2501 1946 2593 1981 su·

1505 2014 1724 2065 peresse
1768 1999 1964 2051 rudera
2011 2005 2246 2052 testatur
2279 2002 2448 2064 Ross,
2500 2000 2592 2066 qui

1501 2071 1682 2135 ipsum
1713 2068 1923 2133 locum,
1954 2071 2012 2120 in
2049 2086 2156 2136 quo
2186 2070 2347 2120 sedes
2385 2074 2594 2121 exstru-

1507 2146 1599 2190 cta
1650 2138 1784 2202 fnit,
1837 2145 2095 2190 accurate
2151 2140 2442 2206 descripsit
2485 2141 2592 2205 pri·

1505 2223 1737 2274 musque
1784 2210 2168 2275 inscriptiones
2214 2211 2478 2276 quasdam
2514 2209 2592 2260 ibi

1506 2283 1751 2345 repertas
1788 2280 2041 2344 protulit3
2077 2279 2191 2332 vid.
2218 2280 2412 2331 Rhein.
2444 2282 2587 2330 Mus.

1503 2350 1575 2401 Ν.
1618 2349 1684 2399 F.
1725 2348 1826 2401 IV.
1862 2364 1915 2415 p.
1958 2349 2057 2402 163
2105 2366 2254 2415 seqq.
2320 2350 2593 2401 Archaeo-

1501 2419 1611 2484 log.
1650 2417 1789 2470 Zeit.
1831 2418 1983 2472 1851.
2026 2418 2179 2483 (lx.)
2211 2435 2295 2469 nr.
2336 2423 2423 2471 25.
2459 2435 2588 2485 pag.

1502 2489 1603 2540 281
1644 2503 1816 2554 seqq„
1870 2490 2068 2540 Reisen
2103 2489 2242 2539 nach
2280 2490 2425 2551 Kos,
2474 2491 2589 2539 Ha-

1499 2557 1787 2621 licarnaso,
1813 2557 2035 2609 Rhodus
2064 2563 2172 2609 etc.
2203 2573 2329 2624 pag.
2352 2561 2418 2608 12
2437 2574 2587 2624 seqq

1504 2658 1574 2668 --
1629 2626 1712 2677 Ad
1774 2596 2003 2679 ’formam
2070 2627 2587 2693 plusquamperfecti

1503 2688 1742 2761 ἱδρύατο
1786 2696 1934 2748 conf.
1995 2697 2230 2749 Bredov.
2277 2712 2405 2762 pag.
2462 2697 2583 2760 328,

1503 2782 1627 2817 eum
1700 2782 1772 2818 uo
1809 2765 1998 2817 eodem
2026 2782 2154 2832 pag.
2185 2766 2279 2817 111
2305 2782 2428 2816 mox
2458 2767 2587 2817 scri-

1501 2835 1589 2954 psi
1622 2780 1722 2902 ⁶²21
1726 2851 1780 2900 ρι
1814 2852 1912 2915 pro
1945 2829 2155 2902 μέχρις.
2227 2836 2314 2887 Ad
2346 2851 2499 2902 seqq.
2531 2826 2587 2893 ἐς

1500 2901 1570 2970 μέ
1573 2920 1605 2953 ν
1641 2920 1749 2956 νυν
1784 2897 1986 2970 Σάμον
2022 2921 2073 2955 κ.
2113 2921 2163 2958 τ.
2198 2904 2246 2956 λ.
2270 2907 2416 2958 conf.
2441 2906 2586 2956 infra

1502 2974 1612 3038 ΙΙΙ,
1660 2976 1747 3028 40.
1783 3001 1849 3012 -
1899 2975 1985 3028 Ad
2028 2968 2390 3042 προσχούσας
2437 2976 2582 3028 conf.

1498 3048 1614 3096 not.
1655 3044 1725 3096 ad
1763 3045 1808 3110 Ι,
1845 3048 1899 3098 2.

1485 3155 1499 3166 .
1572 3108 1706 3165 Eue
1726 3083 1808 3164 δὲ
1826 3105 2089 3182 Κύπρον]
2117 3114 2203 3167 Ad
2226 3131 2336 3167 rem
2362 3116 2434 3169 cf.
2457 3117 2588 3168 Dio·

1505 3184 1621 3237 dor.
1667 3185 1714 3249 1,
1760 3184 1858 3236 68:
1907 3184 2322 3265 κατεστρέψατο
2375 3181 2439 3236 δὲ
2490 3181 2587 3236 καὶ

1503 3247 1608 3313 τὰς
1630 3222 1714 3304 ἐν
1705 3245 1923 3333 Κύπρῳ
1938 3246 2134 3312 πόλεις
2152 3251 2247 3305 καὶ
2269 3247 2450 3306 πολλα
2470 3255 2586 3306 τῶν

1502 3320 1676 3405 ῐερῶν
1701 3302 2012 3388 ἐκόσμησεν
2033 3314 2408 3388 ἀναθήμασιν
2430 3316 2587 3384 ἄξιο-

1499 3385 1712 3457 λόγοις.
1785 3393 1944 3473 Quod
1980 3407 2109 3443 vero
2141 3393 2457 3444 Herodotus
2492 3393 2589 3444 ad-

1505 3463 1615 3512 dit:
1651 3459 1878 3525 πρῶτος
1907 3452 2271 3525 ἀνθρώπων,
2306 3461 2361 3511 id
2389 3477 2456 3511 ex
2483 3463 2588 3513 Ae-

1503 3532 1815 3597 gyptiorum
1848 3529 2190 3581 sacerdotum
2227 3546 2346 3593 ore,
2383 3532 2474 3597 qui
2504 3536 2586 3582 ta-

1501 3598 1580 3650 lia
1623 3600 1908 3663 iactarint,
1960 3601 2182 3650 fluxisse
2223 3605 2384 3665 putat
2416 3600 2586 3653 Dabl-

1505 3684 1689 3720 mann.
1717 3636 1920 3720 Herod.
1953 3685 2079 3735 pag.
2122 3670 2223 3721 152
2251 3684 2424 3736 seqq„
2462 3686 2585 3722 cum

1503 3738 1674 3788 multo
1708 3742 1838 3789 ante
1871 3738 1978 3788 iam
2010 3739 2191 3805 Tyriis
2218 3739 2583 3792 Phoenicibus

1503 3807 1684 3858 insula
1730 3807 1895 3859 fuerit
1942 3809 2191 3873 subdita,
2249 3825 2386 3876 quos
2434 3811 2581 3877 ipsos

1500 3877 1718 3928 Amasis
1754 3878 1979 3929 eiecisse
1999 3876 2273 3944 putandus
2309 3879 2401 3932 sit.
2450 3880 2585 3931 Dio-

1502 3946 1665 3997 dorus
1704 3946 1837 3997 nihil
1884 3947 1952 3998 de
2000 3948 2362 4000 Phoenicibus
2395 3949 2581 4013 tradit,

1500 4032 1637 4082 quos
1688 4032 1797 4067 una
1856 4033 1979 4068 cum
2025 4019 2239 4084 Cypriis
2299 4020 2369 4070 ab
2418 4021 2584 4086 Aprie

1500 4102 1687 4152 pugna
1712 4085 1900 4137 navali
1928 4088 2104 4140 victos
2131 4104 2249 4139 esse
2275 4094 2438 4141 antea
2464 4106 2585 4141 nar·

1503 4162 1748 4207 raverat:
1797 4157 1934 4208 adeo
1979 4163 2043 4209 ut
2089 4158 2178 4209 vel
2223 4160 2325 4209 hac
2368 4176 2428 4211 re
2465 4175 2584 4225 pro-

1501 4227 1621 4276 bari
1640 4226 1908 4291 videatur,
1945 4233 2230 4295 utramque
2253 4235 2468 4294 gentem
2490 4229 2583 4279 illa

1503 4301 1688 4347 aetate
1723 4297 1962 4348 iunctam
1985 4299 2184 4349 fuisse:
2221 4299 2329 4348 nisi
2355 4299 2583 4365 Cyprios

1506 4366 1688 4432 Tyriis
1724 4382 1769 4417 s.
1806 4367 2172 4419 Phoenicibus
2202 4366 2387 4434 aliquo
2424 4366 2583 4418 modo

1505 4436 1752 4487 subditos
1788 4441 1884 4490 aut
1908 4437 2116 4489 tributo
2152 4437 2413 4489 obnoxios
2442 4438 2586 4488 dixe·
