<?xml version="1.0" encoding="UTF-8"?>
<!DOCTYPE html PUBLIC "-//W3C//DTD XHTML 1.0 Transitional//EN"
    "http://www.w3.org/TR/xhtml1/DTD/xhtml1-transitional.dtd">
<html xmlns="http://www.w3.org/1999/xhtml" xml:lang="en" lang="en">
 <head>
  <title>
</title>
<meta http-equiv="Content-Type" content="text/html;charset=utf-8" />
  <meta name='ocr-system' content='tesseract 3.04.00' />
  <meta name='ocr-capabilities' content='ocr_page ocr_carea ocr_par ocr_line ocrx_word'/>
</head>
<body>
  <div class='ocr_page' id='page_1' title='image "./herodotihalicar02unkngoog_0546.png"; bbox 0 0 3109 5092; ppageno 0'>
   <div class='ocr_carea' id='block_1_1' title="bbox 576 336 702 399">
    <p class='ocr_par' dir='ltr' id='par_1_1' title="bbox 576 336 702 399">
     <span class='ocr_line' id='line_1_1' title="bbox 576 336 702 399; baseline -0.016 0"><span class='ocrx_word' id='word_1_1' title='bbox 576 336 702 399; x_wconf 84' lang='lat'><strong>526</strong></span> 
     </span>
    </p>
   </div>
   <div class='ocr_carea' id='block_1_2' title="bbox 1449 337 1981 400">
    <p class='ocr_par' dir='ltr' id='par_1_2' title="bbox 1449 337 1981 400">
     <span class='ocr_line' id='line_1_2' title="bbox 1449 337 1981 400; baseline 0.002 -2"><span class='ocrx_word' id='word_1_2' title='bbox 1449 337 1981 400; x_wconf 83' lang='lat' dir='ltr'>HERODOTI</span> 
     </span>
    </p>
   </div>
   <div class='ocr_carea' id='block_1_3' title="bbox 572 508 2868 1220">
    <p class='ocr_par' dir='ltr' id='par_1_3' title="bbox 572 508 2861 1220">
     <span class='ocr_line' id='line_1_3' title="bbox 575 508 2855 602; baseline 0 -21"><span class='ocrx_word' id='word_1_3' title='bbox 575 532 699 599; x_wconf 87' lang='grc' dir='ltr'><strong>σφι</strong></span> <span class='ocrx_word' id='word_1_4' title='bbox 733 508 862 602; x_wconf 85' lang='grc' dir='ltr'><strong>τὴν</strong></span> <span class='ocrx_word' id='word_1_5' title='bbox 894 514 1290 598; x_wconf 78' lang='grc' dir='ltr'><strong><em>ἐπωνυμίην</em></strong></span> <span class='ocrx_word' id='word_1_6' title='bbox 1326 510 1729 601; x_wconf 71' lang='grc' dir='ltr'><strong><em>ἐποιήσαντο</em></strong></span> <span class='ocrx_word' id='word_1_7' title='bbox 1746 533 1761 549; x_wconf 90' lang='grc'><em>·</em></span> <span class='ocrx_word' id='word_1_8' title='bbox 1810 509 2060 601; x_wconf 83' lang='grc' dir='ltr'><strong><em>’Λμοῦν</em></strong></span> <span class='ocrx_word' id='word_1_9' title='bbox 2084 508 2215 601; x_wconf 71' lang='grc' dir='ltr'><strong>γὰρ</strong></span> <span class='ocrx_word' id='word_1_10' title='bbox 2244 509 2611 598; x_wconf 63' lang='grc' dir='ltr'><strong><em>Αἰγύπτιοι</em></strong></span> <span class='ocrx_word' id='word_1_11' title='bbox 2652 510 2855 582; x_wconf 71' lang='grc' dir='ltr'><strong><em>καλέ-</em></strong></span> 
     </span>
     <span class='ocr_line' id='line_1_4' title="bbox 575 610 2868 704; baseline 0 -20"><span class='ocrx_word' id='word_1_12' title='bbox 575 633 729 684; x_wconf 82' lang='grc' dir='ltr'><strong><em>ουσι</em></strong></span> <span class='ocrx_word' id='word_1_13' title='bbox 768 611 889 685; x_wconf 79' lang='grc' dir='ltr'><strong>τὸν</strong></span> <span class='ocrx_word' id='word_1_14' title='bbox 929 621 1087 683; x_wconf 89' lang='grc' dir='ltr'><strong>Δία.</strong></span> <span class='ocrx_word' id='word_1_15' title='bbox 1146 610 1304 693; x_wconf 69' lang='grc' dir='ltr'><strong><em>τοὺς</em></strong></span> <span class='ocrx_word' id='word_1_16' title='bbox 1356 613 1430 683; x_wconf 74' lang='grc' dir='ltr'><strong>δὲ</strong></span> <span class='ocrx_word' id='word_1_17' title='bbox 1467 611 1701 704; x_wconf 73' lang='grc' dir='ltr'><strong><em>κριοὺς</em></strong></span> <span class='ocrx_word' id='word_1_18' title='bbox 1733 612 1817 684; x_wconf 79' lang='grc' dir='ltr'><strong>οὐ</strong></span> <span class='ocrx_word' id='word_1_19' title='bbox 1852 614 2107 685; x_wconf 72' lang='grc' dir='ltr'><strong><em>θύουσι</em></strong></span> <span class='ocrx_word' id='word_1_20' title='bbox 2146 622 2464 703; x_wconf 71' lang='grc' dir='ltr'><strong><em>Θηβαῖοι,</em></strong></span> <span class='ocrx_word' id='word_1_21' title='bbox 2508 612 2663 684; x_wconf 70' lang='grc' dir='ltr'><strong>ἀλλ’</strong></span> <span class='ocrx_word' id='word_1_22' title='bbox 2723 619 2868 684; x_wconf 71' lang='grc' dir='ltr'><strong><em>εἰσί</em></strong></span> 
     </span>
     <span class='ocr_line' id='line_1_5' title="bbox 575 713 2860 842; baseline 0 -57"><span class='ocrx_word' id='word_1_23' title='bbox 575 737 697 804; x_wconf 85' lang='grc' dir='ltr'><strong>σφι</strong></span> <span class='ocrx_word' id='word_1_24' title='bbox 741 720 873 808; x_wconf 71' lang='lat' dir='ltr'><strong>[pol</strong></span> <span class='ocrx_word' id='word_1_25' title='bbox 915 715 1030 787; x_wconf 78' lang='grc' dir='ltr'><strong>διὰ</strong></span> <span class='ocrx_word' id='word_1_26' title='bbox 1063 721 1281 788; x_wconf 85' lang='grc' dir='ltr'><strong><em>τοῦτο.</em></strong></span> <span class='ocrx_word' id='word_1_27' title='bbox 1346 722 1463 806; x_wconf 81' lang='grc' dir='ltr'><strong>μιῇ</strong></span> <span class='ocrx_word' id='word_1_28' title='bbox 1493 718 1570 787; x_wconf 72' lang='grc' dir='ltr'><strong>δὲ</strong></span> <span class='ocrx_word' id='word_1_29' title='bbox 1607 715 1821 808; x_wconf 78' lang='grc' dir='ltr'><strong><em>ἡμέρῃ</em></strong></span> <span class='ocrx_word' id='word_1_30' title='bbox 1863 724 1988 788; x_wconf 80' lang='grc' dir='ltr'><strong><em>τοῦ</em></strong></span> <span class='ocrx_word' id='word_1_31' title='bbox 2019 721 2374 805; x_wconf 76' lang='grc' dir='ltr'><strong><em>ἐνιαυτοῦ,</em></strong></span> <span class='ocrx_word' id='word_1_32' title='bbox 2411 713 2561 786; x_wconf 65' lang='grc' dir='ltr'><strong>ἐν’</strong></span> <span class='ocrx_word' id='word_1_33' title='bbox 2530 723 2724 842; x_wconf 81' lang='grc' dir='ltr'><strong><em>ορτῇ</em></strong></span> <span class='ocrx_word' id='word_1_34' title='bbox 2732 723 2860 788; x_wconf 85' lang='grc' dir='ltr'><strong><em>τοῦ</em></strong></span> 
     </span>
     <span class='ocr_line' id='line_1_6' title="bbox 573 816 2861 912; baseline 0.001 -24"><span class='ocrx_word' id='word_1_35' title='bbox 573 816 778 906; x_wconf 79' lang='grc' dir='ltr'><strong><em>Διὸς,</em></strong></span> <span class='ocrx_word' id='word_1_36' title='bbox 819 816 1013 909; x_wconf 83' lang='grc' dir='ltr'><strong><em>κριὸν</em></strong></span> <span class='ocrx_word' id='word_1_37' title='bbox 1047 822 1170 889; x_wconf 79' lang='grc' dir='ltr'><strong><em>ἕνα</em></strong></span> <span class='ocrx_word' id='word_1_38' title='bbox 1212 819 1711 905; x_wconf 79' lang='grc' dir='ltr'><strong><em>κατακόψαντες</em></strong></span> <span class='ocrx_word' id='word_1_39' title='bbox 1736 824 1849 890; x_wconf 79' lang='grc' dir='ltr'><strong>καὶ</strong></span> <span class='ocrx_word' id='word_1_40' title='bbox 1875 818 2385 912; x_wconf 75' lang='grc' dir='ltr'><strong><em>ἀποδείραντες,</em></strong></span> <span class='ocrx_word' id='word_1_41' title='bbox 2430 818 2599 889; x_wconf 79' lang='grc' dir='ltr'><strong><em>κατὰ</em></strong></span> <span class='ocrx_word' id='word_1_42' title='bbox 2636 818 2861 890; x_wconf 63' lang='lat' dir='ltr'><strong>voivre</strong></span> 
     </span>
     <span class='ocr_line' id='line_1_7' title="bbox 575 913 2853 1013; baseline 0 -22"><span class='ocrx_word' id='word_1_43' title='bbox 575 922 894 994; x_wconf 75' lang='grc' dir='ltr'><strong><em>ἐνδύουσι</em></strong></span> <span class='ocrx_word' id='word_1_44' title='bbox 932 918 1248 1011; x_wconf 78' lang='grc' dir='ltr'><strong><em>τωγαλμα</em></strong></span> <span class='ocrx_word' id='word_1_45' title='bbox 1301 929 1424 992; x_wconf 84' lang='grc' dir='ltr'><strong><em>τοῦ</em></strong></span> <span class='ocrx_word' id='word_1_46' title='bbox 1463 922 1665 1012; x_wconf 83' lang='grc' dir='ltr'><strong><em>Διὸς,</em></strong></span> <span class='ocrx_word' id='word_1_47' title='bbox 1720 927 1831 993; x_wconf 82' lang='grc' dir='ltr'><strong>καὶ</strong></span> <span class='ocrx_word' id='word_1_48' title='bbox 1874 931 2105 994; x_wconf 80' lang='grc' dir='ltr'><strong><em>ἔπειτα</em></strong></span> <span class='ocrx_word' id='word_1_49' title='bbox 2143 913 2308 994; x_wconf 81' lang='grc' dir='ltr'><strong><em>αλλο</em></strong></span> <span class='ocrx_word' id='word_1_50' title='bbox 2355 922 2621 1013; x_wconf 80' lang='grc' dir='ltr'><strong><em>ἄγαλμα</em></strong></span> <span class='ocrx_word' id='word_1_51' title='bbox 2648 919 2853 1013; x_wconf 82' lang='grc' dir='ltr'><strong><em>Ἡρα-</em></strong></span> 
     </span>
     <span class='ocr_line' id='line_1_8' title="bbox 573 1024 2851 1118; baseline 0 -24"><span class='ocrx_word' id='word_1_52' title='bbox 573 1024 765 1107; x_wconf 78' lang='grc' dir='ltr'><strong><em>κλέος</em></strong></span> <span class='ocrx_word' id='word_1_53' title='bbox 809 1025 1222 1115; x_wconf 78' lang='grc' dir='ltr'><strong><em>προσάγουσι</em></strong></span> <span class='ocrx_word' id='word_1_54' title='bbox 1255 1024 1420 1116; x_wconf 81' lang='grc' dir='ltr'><strong><em>πρὸς</em></strong></span> <span class='ocrx_word' id='word_1_55' title='bbox 1463 1024 1649 1098; x_wconf 80' lang='grc' dir='ltr'><strong>αὐτό.</strong></span> <span class='ocrx_word' id='word_1_56' title='bbox 1723 1033 1933 1096; x_wconf 86' lang='grc' dir='ltr'><strong><em>ταῦτα</em></strong></span> <span class='ocrx_word' id='word_1_57' title='bbox 1986 1028 2062 1097; x_wconf 76' lang='grc' dir='ltr'><strong>δὲ</strong></span> <span class='ocrx_word' id='word_1_58' title='bbox 2108 1027 2511 1118; x_wconf 72' lang='grc' dir='ltr'><strong><em>ποιήσαντες</em></strong></span> <span class='ocrx_word' id='word_1_59' title='bbox 2561 1026 2851 1096; x_wconf 79' lang='grc' dir='ltr'><strong><em>τύπτον-</em></strong></span> 
     </span>
     <span class='ocr_line' id='line_1_9' title="bbox 572 1126 2861 1220; baseline 0.001 -23"><span class='ocrx_word' id='word_1_60' title='bbox 572 1157 679 1199; x_wconf 89' lang='grc' dir='ltr'><strong>ται</strong></span> <span class='ocrx_word' id='word_1_61' title='bbox 733 1135 803 1199; x_wconf 81' lang='grc' dir='ltr'><strong>οἰ</strong></span> <span class='ocrx_word' id='word_1_62' title='bbox 852 1131 1006 1218; x_wconf 83' lang='grc' dir='ltr'><strong><em>περὶ</em></strong></span> <span class='ocrx_word' id='word_1_63' title='bbox 1046 1126 1165 1198; x_wconf 81' lang='grc' dir='ltr'><strong>τὸν</strong></span> <span class='ocrx_word' id='word_1_64' title='bbox 1219 1127 1367 1217; x_wconf 78' lang='grc' dir='ltr'><strong><em>ἱρὸν</em></strong></span> <span class='ocrx_word' id='word_1_65' title='bbox 1404 1126 1695 1211; x_wconf 75' lang='grc' dir='ltr'><strong><em>ἅπαντες</em></strong></span> <span class='ocrx_word' id='word_1_66' title='bbox 1732 1128 1852 1200; x_wconf 86' lang='grc' dir='ltr'><strong>τὸν</strong></span> <span class='ocrx_word' id='word_1_67' title='bbox 1902 1129 2129 1220; x_wconf 82' lang='grc' dir='ltr'><strong><em>κριὸν,</em></strong></span> <span class='ocrx_word' id='word_1_68' title='bbox 2185 1132 2299 1201; x_wconf 83' lang='grc' dir='ltr'><strong>καὶ</strong></span> <span class='ocrx_word' id='word_1_69' title='bbox 2353 1137 2581 1199; x_wconf 78' lang='grc' dir='ltr'><strong><em>ἔπειτα</em></strong></span> <span class='ocrx_word' id='word_1_70' title='bbox 2622 1134 2699 1199; x_wconf 76' lang='grc' dir='ltr'><strong><em>ἐν</em></strong></span> <span class='ocrx_word' id='word_1_71' title='bbox 2742 1134 2861 1219; x_wconf 76' lang='grc' dir='ltr'><strong>ἱρῇ</strong></span> 
     </span>
    </p>
   </div>
   <div class='ocr_carea' id='block_1_4' title="bbox 574 1229 1377 1323">
    <p class='ocr_par' dir='ltr' id='par_1_4' title="bbox 574 1229 1377 1323">
     <span class='ocr_line' id='line_1_10' title="bbox 574 1229 1377 1323; baseline -0.002 -21"><span class='ocrx_word' id='word_1_72' title='bbox 574 1232 755 1323; x_wconf 78' lang='grc' dir='ltr'><strong><em>θήκῃ</em></strong></span> <span class='ocrx_word' id='word_1_73' title='bbox 781 1231 1120 1302; x_wconf 76' lang='grc' dir='ltr'><strong><em>θάπτουσι</em></strong></span> <span class='ocrx_word' id='word_1_74' title='bbox 1150 1229 1377 1302; x_wconf 82' lang='grc' dir='ltr'><strong><em>αὐτόν.</em></strong></span> 
     </span>
    </p>
   </div>
   <div class='ocr_carea' id='block_1_5' title="bbox 545 1395 1660 4436">
    <p class='ocr_par' dir='ltr' id='par_1_5' title="bbox 545 1395 1660 4436">
     <span class='ocr_line' id='line_1_11' title="bbox 577 1395 1660 1464; baseline 0.001 -15"><span class='ocrx_word' id='word_1_75' title='bbox 577 1400 696 1451; x_wconf 89' lang='grc'><strong>142.</strong></span> <span class='ocrx_word' id='word_1_76' title='bbox 769 1399 1031 1450; x_wconf 79' lang='lat' dir='ltr'><strong>Dativum</strong></span> <span class='ocrx_word' id='word_1_77' title='bbox 1075 1395 1247 1464; x_wconf 82' lang='grc' dir='ltr'><strong><em>φωνῇ</em></strong></span> <span class='ocrx_word' id='word_1_78' title='bbox 1290 1398 1503 1451; x_wconf 86' lang='lat' dir='ltr'><strong>addidit</strong></span> <span class='ocrx_word' id='word_1_79' title='bbox 1545 1400 1660 1450; x_wconf 84' lang='lat' dir='ltr'><strong>No-</strong></span> 
     </span>
     <span class='ocr_line' id='line_1_12' title="bbox 574 1468 1659 1531; baseline 0.001 -13"><span class='ocrx_word' id='word_1_80' title='bbox 574 1469 840 1531; x_wconf 80' lang='lat' dir='ltr'><strong>sterIV,</strong></span> <span class='ocrx_word' id='word_1_81' title='bbox 891 1469 988 1519; x_wconf 89' lang='lat'><strong>117</strong></span> <span class='ocrx_word' id='word_1_82' title='bbox 1040 1468 1164 1519; x_wconf 85' lang='lat' dir='ltr'><strong>coll.</strong></span> <span class='ocrx_word' id='word_1_83' title='bbox 1203 1468 1293 1531; x_wconf 90' lang='lat'><strong>11,</strong></span> <span class='ocrx_word' id='word_1_84' title='bbox 1330 1470 1416 1521; x_wconf 93' lang='grc'><strong>50.</strong></span> <span class='ocrx_word' id='word_1_85' title='bbox 1456 1470 1659 1519; x_wconf 90' lang='lat' dir='ltr'><strong>—Ad</strong></span> 
     </span>
     <span class='ocr_line' id='line_1_13' title="bbox 573 1505 1456 1619; baseline 0.003 -33"><span class='ocrx_word' id='word_1_86' title='bbox 573 1505 866 1619; x_wconf 69' lang='grc' dir='ltr'><strong><em>ἐπωνυμίη</em></strong></span> <span class='ocrx_word' id='word_1_87' title='bbox 904 1538 1049 1589; x_wconf 81' lang='lat' dir='ltr'><strong>cons.</strong></span> <span class='ocrx_word' id='word_1_88' title='bbox 1087 1538 1133 1600; x_wconf 92' lang='lat'><strong>1,</strong></span> <span class='ocrx_word' id='word_1_89' title='bbox 1171 1538 1369 1602; x_wconf 82' lang='lat'><strong>14.11,</strong></span> <span class='ocrx_word' id='word_1_90' title='bbox 1403 1541 1456 1589; x_wconf 89' lang='grc'><strong>4.</strong></span> 
     </span>
     <span class='ocr_line' id='line_1_14' title="bbox 614 1575 1659 1692; baseline 0.001 -37.03"><span class='ocrx_word' id='word_1_91' title='bbox 614 1598 839 1686; x_wconf 83' lang='grc' dir='ltr'><strong>Ἀμοῦν</strong></span> <span class='ocrx_word' id='word_1_92' title='bbox 893 1623 998 1672; x_wconf 75' lang='grc' dir='ltr'><strong>γαρ</strong></span> <span class='ocrx_word' id='word_1_93' title='bbox 1039 1575 1339 1692; x_wconf 73' lang='grc' dir='ltr'><strong><em>Αἰγύπτιοι</em></strong></span> <span class='ocrx_word' id='word_1_94' title='bbox 1395 1605 1659 1657; x_wconf 67' lang='grc' dir='ltr'><strong><em>καλέουσι</em></strong></span> 
     </span>
     <span class='ocr_line' id='line_1_15' title="bbox 571 1668 1658 1758; baseline 0 -32"><span class='ocrx_word' id='word_1_95' title='bbox 571 1668 675 1726; x_wconf 83' lang='grc' dir='ltr'><strong>τὸν</strong></span> <span class='ocrx_word' id='word_1_96' title='bbox 698 1675 829 1743; x_wconf 86' lang='grc' dir='ltr'><strong><em>Δία]</em></strong></span> <span class='ocrx_word' id='word_1_97' title='bbox 866 1676 1045 1742; x_wconf 87' lang='lat' dir='ltr'><strong>Vulgo</strong></span> <span class='ocrx_word' id='word_1_98' title='bbox 1076 1671 1333 1758; x_wconf 79' lang='grc' dir='ltr'><strong><em>Ἀμμοῦν,</em></strong></span> <span class='ocrx_word' id='word_1_99' title='bbox 1368 1676 1510 1743; x_wconf 88' lang='lat' dir='ltr'><strong>quod</strong></span> <span class='ocrx_word' id='word_1_100' title='bbox 1535 1694 1658 1728; x_wconf 90' lang='lat' dir='ltr'><strong>cum</strong></span> 
     </span>
     <span class='ocr_line' id='line_1_16' title="bbox 573 1738 1659 1810; baseline 0.001 -13"><span class='ocrx_word' id='word_1_101' title='bbox 573 1747 753 1798; x_wconf 85' lang='lat' dir='ltr'><strong>Gaisf.</strong></span> <span class='ocrx_word' id='word_1_102' title='bbox 777 1748 1105 1797; x_wconf 73' lang='lat' dir='ltr'><strong>mutavimus</strong></span> <span class='ocrx_word' id='word_1_103' title='bbox 1131 1746 1188 1795; x_wconf 91' lang='lat' dir='ltr'><strong>in</strong></span> <span class='ocrx_word' id='word_1_104' title='bbox 1217 1738 1436 1810; x_wconf 74' lang='grc' dir='ltr'><strong><em>Ἀμοῦν,</em></strong></span> <span class='ocrx_word' id='word_1_105' title='bbox 1472 1752 1659 1798; x_wconf 85' lang='lat' dir='ltr'><strong>aucto·</strong></span> 
     </span>
     <span class='ocr_line' id='line_1_17' title="bbox 571 1814 1659 1882; baseline 0.001 -17"><span class='ocrx_word' id='word_1_106' title='bbox 571 1817 739 1867; x_wconf 87' lang='lat' dir='ltr'><strong>ritate</strong></span> <span class='ocrx_word' id='word_1_107' title='bbox 772 1817 897 1867; x_wconf 81' lang='lat' dir='ltr'><strong>libri</strong></span> <span class='ocrx_word' id='word_1_108' title='bbox 933 1814 1477 1868; x_wconf 86' lang='lat' dir='ltr'><strong>Schellershemiaui’</strong></span> <span class='ocrx_word' id='word_1_109' title='bbox 1462 1817 1659 1882; x_wconf 74' lang='lat' dir='ltr'><strong>ipsius-</strong></span> 
     </span>
     <span class='ocr_line' id='line_1_18' title="bbox 570 1885 1656 1951; baseline -0.001 -15"><span class='ocrx_word' id='word_1_110' title='bbox 570 1901 677 1951; x_wconf 89' lang='lat' dir='ltr'><strong>que</strong></span> <span class='ocrx_word' id='word_1_111' title='bbox 709 1886 988 1937; x_wconf 76' lang='lat' dir='ltr'><strong>Euatathii</strong></span> <span class='ocrx_word' id='word_1_112' title='bbox 1023 1885 1094 1936; x_wconf 90' lang='lat' dir='ltr'><strong>ad</strong></span> <span class='ocrx_word' id='word_1_113' title='bbox 1124 1886 1289 1937; x_wconf 86' lang='lat' dir='ltr'><strong>Dion.</strong></span> <span class='ocrx_word' id='word_1_114' title='bbox 1319 1886 1532 1951; x_wconf 89' lang='lat' dir='ltr'><strong>Perieg.</strong></span> <span class='ocrx_word' id='word_1_115' title='bbox 1572 1901 1656 1935; x_wconf 81' lang='lat' dir='ltr'><strong>vs.</strong></span> 
     </span>
     <span class='ocr_line' id='line_1_19' title="bbox 569 1955 1659 2020; baseline -0.002 -13.998"><span class='ocrx_word' id='word_1_116' title='bbox 569 1955 694 2007; x_wconf 91' lang='grc'><strong>211.</strong></span> <span class='ocrx_word' id='word_1_117' title='bbox 715 1982 785 1993; x_wconf 92' lang='grc'>-</span> <span class='ocrx_word' id='word_1_118' title='bbox 805 1957 960 2020; x_wconf 82' lang='lat' dir='ltr'><strong>„Nec</strong></span> <span class='ocrx_word' id='word_1_119' title='bbox 984 1955 1146 2006; x_wconf 84' lang='lat' dir='ltr'><strong>aliter</strong></span> <span class='ocrx_word' id='word_1_120' title='bbox 1169 1956 1659 2007; x_wconf 84' lang='lat' dir='ltr'><strong>cod.Paris.1am·</strong></span> 
     </span>
     <span class='ocr_line' id='line_1_20' title="bbox 570 2023 1655 2092; baseline 0 -17"><span class='ocrx_word' id='word_1_121' title='bbox 570 2023 736 2076; x_wconf 88' lang='lat' dir='ltr'><strong>blichi</strong></span> <span class='ocrx_word' id='word_1_122' title='bbox 766 2026 832 2077; x_wconf 90' lang='lat' dir='ltr'><strong>de</strong></span> <span class='ocrx_word' id='word_1_123' title='bbox 858 2025 1270 2091; x_wconf 79' lang='lat' dir='ltr'><strong>Myster.V111‚</strong></span> <span class='ocrx_word' id='word_1_124' title='bbox 1296 2025 1329 2077; x_wconf 84' lang='lat'><strong>3</strong></span> <span class='ocrx_word' id='word_1_125' title='bbox 1358 2025 1488 2092; x_wconf 91' lang='lat' dir='ltr'><strong>ibiq.</strong></span> <span class='ocrx_word' id='word_1_126' title='bbox 1532 2023 1655 2077; x_wconf 84' lang='lat' dir='ltr'><strong>Gal.</strong></span> 
     </span>
     <span class='ocr_line' id='line_1_21' title="bbox 569 2094 1658 2160; baseline -0.001 -14"><span class='ocrx_word' id='word_1_127' title='bbox 569 2109 622 2158; x_wconf 97' lang='grc' dir='ltr'><strong>Ρ.</strong></span> <span class='ocrx_word' id='word_1_128' title='bbox 649 2094 770 2146; x_wconf 80' lang='grc'><strong>302.</strong></span> <span class='ocrx_word' id='word_1_129' title='bbox 844 2097 1023 2160; x_wconf 80' lang='lat' dir='ltr'>Atque</span> <span class='ocrx_word' id='word_1_130' title='bbox 1047 2095 1187 2144; x_wconf 86' lang='lat' dir='ltr'><strong>hanc</strong></span> <span class='ocrx_word' id='word_1_131' title='bbox 1210 2096 1536 2159; x_wconf 74' lang='lat' dir='ltr'><strong>scripturam</strong></span> <span class='ocrx_word' id='word_1_132' title='bbox 1568 2110 1658 2145; x_wconf 82' lang='lat' dir='ltr'><strong>ve-</strong></span> 
     </span>
     <span class='ocr_line' id='line_1_22' title="bbox 571 2163 1655 2229; baseline 0.005 -18"><span class='ocrx_word' id='word_1_133' title='bbox 571 2178 686 2213; x_wconf 81' lang='lat' dir='ltr'><strong>ram</strong></span> <span class='ocrx_word' id='word_1_134' title='bbox 723 2164 1041 2228; x_wconf 74' lang='lat' dir='ltr'><strong>pronuntiat</strong></span> <span class='ocrx_word' id='word_1_135' title='bbox 1074 2163 1359 2215; x_wconf 84' lang='lat' dir='ltr'><strong>Iablonski</strong></span> <span class='ocrx_word' id='word_1_136' title='bbox 1395 2165 1474 2228; x_wconf 89' lang='lat'><strong>11,</strong></span> <span class='ocrx_word' id='word_1_137' title='bbox 1507 2167 1560 2216; x_wconf 85' lang='lat'><strong>2.</strong></span> <span class='ocrx_word' id='word_1_138' title='bbox 1601 2180 1655 2229; x_wconf 88' lang='lat' dir='ltr'><strong>p.</strong></span> 
     </span>
     <span class='ocr_line' id='line_1_23' title="bbox 573 2233 1657 2299; baseline 0.002 -17"><span class='ocrx_word' id='word_1_139' title='bbox 573 2233 673 2283; x_wconf 75' lang='lat'><strong>100</strong></span> <span class='ocrx_word' id='word_1_140' title='bbox 707 2248 823 2299; x_wconf 82' lang='lat' dir='ltr'><strong>seq.</strong></span> <span class='ocrx_word' id='word_1_141' title='bbox 864 2234 1009 2283; x_wconf 90' lang='lat' dir='ltr'><strong>etin</strong></span> <span class='ocrx_word' id='word_1_142' title='bbox 1045 2234 1212 2284; x_wconf 84' lang='lat' dir='ltr'><strong>Voce.</strong></span> <span class='ocrx_word' id='word_1_143' title='bbox 1238 2235 1472 2298; x_wconf 82' lang='lat' dir='ltr'><strong>Aegypt.</strong></span> <span class='ocrx_word' id='word_1_144' title='bbox 1507 2250 1562 2299; x_wconf 89' lang='lat' dir='ltr'><strong>p.</strong></span> <span class='ocrx_word' id='word_1_145' title='bbox 1588 2233 1657 2286; x_wconf 87' lang='lat'><strong>30</strong></span> 
     </span>
     <span class='ocr_line' id='line_1_24' title="bbox 568 2303 1657 2368; baseline 0.001 -16"><span class='ocrx_word' id='word_1_146' title='bbox 568 2317 683 2368; x_wconf 79' lang='lat' dir='ltr'><strong>seq.</strong></span> <span class='ocrx_word' id='word_1_147' title='bbox 743 2304 989 2354; x_wconf 79' lang='lat' dir='ltr'><strong>Eandem</strong></span> <span class='ocrx_word' id='word_1_148' title='bbox 1016 2305 1260 2352; x_wconf 81' lang='lat' dir='ltr'><strong>servavit</strong></span> <span class='ocrx_word' id='word_1_149' title='bbox 1283 2304 1563 2355; x_wconf 77' lang='lat' dir='ltr'><strong>Plutarch.</strong></span> <span class='ocrx_word' id='word_1_150' title='bbox 1589 2303 1657 2353; x_wconf 89' lang='lat' dir='ltr'><strong>de</strong></span> 
     </span>
     <span class='ocr_line' id='line_1_25' title="bbox 570 2372 1653 2438; baseline -0.001 -15"><span class='ocrx_word' id='word_1_151' title='bbox 570 2372 705 2423; x_wconf 85' lang='lat' dir='ltr'><strong>Isid.</strong></span> <span class='ocrx_word' id='word_1_152' title='bbox 745 2376 801 2422; x_wconf 88' lang='lat' dir='ltr'><strong>et</strong></span> <span class='ocrx_word' id='word_1_153' title='bbox 845 2372 1049 2423; x_wconf 89' lang='lat' dir='ltr'><strong>Osirid.</strong></span> <span class='ocrx_word' id='word_1_154' title='bbox 1098 2387 1221 2437; x_wconf 84' lang='lat' dir='ltr'><strong>cap.</strong></span> <span class='ocrx_word' id='word_1_155' title='bbox 1260 2373 1312 2422; x_wconf 83' lang='lat'><strong>9.</strong></span> <span class='ocrx_word' id='word_1_156' title='bbox 1361 2388 1417 2438; x_wconf 90' lang='grc' dir='ltr'><strong>Ρ.</strong></span> <span class='ocrx_word' id='word_1_157' title='bbox 1454 2373 1555 2425; x_wconf 81' lang='grc'><strong>354</strong></span> <span class='ocrx_word' id='word_1_158' title='bbox 1591 2372 1653 2422; x_wconf 88' lang='lat' dir='ltr'><strong>C.</strong></span> 
     </span>
     <span class='ocr_line' id='line_1_26' title="bbox 571 2436 1654 2507; baseline 0.001 -16"><span class='ocrx_word' id='word_1_159' title='bbox 571 2440 685 2507; x_wconf 91' lang='lat' dir='ltr'><strong>[ubi</strong></span> <span class='ocrx_word' id='word_1_160' title='bbox 718 2441 861 2492; x_wconf 90' lang='lat' dir='ltr'><strong>inter</strong></span> <span class='ocrx_word' id='word_1_161' title='bbox 885 2442 995 2492; x_wconf 89' lang='lat' dir='ltr'><strong>alia</strong></span> <span class='ocrx_word' id='word_1_162' title='bbox 1017 2442 1177 2492; x_wconf 85' lang='lat' dir='ltr'><strong>haec·</strong></span> <span class='ocrx_word' id='word_1_163' title='bbox 1219 2437 1374 2490; x_wconf 76' lang='grc' dir='ltr'><strong><em>ἴδιον</em></strong></span> <span class='ocrx_word' id='word_1_164' title='bbox 1397 2457 1515 2505; x_wconf 81' lang='grc' dir='ltr'><strong>παρ</strong></span> <span class='ocrx_word' id='word_1_165' title='bbox 1523 2436 1654 2492; x_wconf 86' lang='grc' dir='ltr'><strong><em>’-Αί</em></strong></span> 
     </span>
     <span class='ocr_line' id='line_1_27' title="bbox 567 2500 1655 2590; baseline 0.001 -29"><span class='ocrx_word' id='word_1_166' title='bbox 567 2500 882 2577; x_wconf 59' lang='lat' dir='ltr'><strong>qvantvm*</strong></span> <span class='ocrx_word' id='word_1_167' title='bbox 850 2525 1034 2576; x_wconf 90' lang='grc' dir='ltr'><strong><em>ονομα</em></strong></span> <span class='ocrx_word' id='word_1_168' title='bbox 1050 2508 1154 2560; x_wconf 82' lang='grc' dir='ltr'><strong><em>τοῦ</em></strong></span> <span class='ocrx_word' id='word_1_169' title='bbox 1174 2503 1313 2567; x_wconf 79' lang='grc' dir='ltr'><strong><em>Διὸς</em></strong></span> <span class='ocrx_word' id='word_1_170' title='bbox 1335 2502 1483 2560; x_wconf 75' lang='grc' dir='ltr'><strong><em>εἶναι</em></strong></span> <span class='ocrx_word' id='word_1_171' title='bbox 1510 2509 1655 2590; x_wconf 85' lang='lat' dir='ltr'><strong>(scil.</strong></span> 
     </span>
     <span class='ocr_line' id='line_1_28' title="bbox 569 2568 1655 2662; baseline -0.002 -31"><span class='ocrx_word' id='word_1_172' title='bbox 569 2580 817 2662; x_wconf 81' lang='lat' dir='ltr'><strong>plerique</strong></span> <span class='ocrx_word' id='word_1_173' title='bbox 864 2581 1081 2662; x_wconf 86' lang='lat' dir='ltr'><strong>putant)</strong></span> <span class='ocrx_word' id='word_1_174' title='bbox 1141 2572 1243 2629; x_wconf 83' lang='grc' dir='ltr'><strong>τὸν</strong></span> <span class='ocrx_word' id='word_1_175' title='bbox 1290 2572 1560 2645; x_wconf 77' lang='grc' dir='ltr'><strong><em>Ἀμοῦν,</em></strong></span> <span class='ocrx_word' id='word_1_176' title='bbox 1622 2568 1655 2629; x_wconf 81' lang='grc' dir='ltr'>ὃ</span> 
     </span>
     <span class='ocr_line' id='line_1_29' title="bbox 565 2639 1653 2717; baseline -0.003 -16"><span class='ocrx_word' id='word_1_177' title='bbox 565 2644 921 2717; x_wconf 68' lang='grc' dir='ltr'><strong><em>παράγοντες</em></strong></span> <span class='ocrx_word' id='word_1_178' title='bbox 948 2642 1111 2716; x_wconf 76' lang='grc' dir='ltr'><strong><em>ἡμεῖς</em></strong></span> <span class='ocrx_word' id='word_1_179' title='bbox 1129 2639 1390 2714; x_wconf 75' lang='grc' dir='ltr'><strong><em>Ἀμμωνα</em></strong></span> <span class='ocrx_word' id='word_1_180' title='bbox 1418 2647 1653 2714; x_wconf 73' lang='grc' dir='ltr'><strong><em>λέγομεν</em></strong></span> 
     </span>
     <span class='ocr_line' id='line_1_30' title="bbox 565 2719 1654 2786; baseline 0 -16"><span class='ocrx_word' id='word_1_181' title='bbox 565 2736 618 2771; x_wconf 77' lang='grc' dir='ltr'><strong>ιι.</strong></span> <span class='ocrx_word' id='word_1_182' title='bbox 654 2736 702 2772; x_wconf 88' lang='grc' dir='ltr'><strong>τ.</strong></span> <span class='ocrx_word' id='word_1_183' title='bbox 738 2719 811 2786; x_wconf 73' lang='grc'><strong>1.]</strong></span> <span class='ocrx_word' id='word_1_184' title='bbox 861 2722 996 2772; x_wconf 85' lang='lat' dir='ltr'><strong>duas</strong></span> <span class='ocrx_word' id='word_1_185' title='bbox 1032 2720 1192 2770; x_wconf 81' lang='lat' dir='ltr'><strong>huius</strong></span> <span class='ocrx_word' id='word_1_186' title='bbox 1227 2720 1379 2771; x_wconf 78' lang='lat' dir='ltr'><strong>vocis</strong></span> <span class='ocrx_word' id='word_1_187' title='bbox 1418 2720 1654 2784; x_wconf 84' lang='lat' dir='ltr'><strong>explica-</strong></span> 
     </span>
     <span class='ocr_line' id='line_1_31' title="bbox 565 2788 1651 2855; baseline -0.002 -14"><span class='ocrx_word' id='word_1_188' title='bbox 565 2791 742 2842; x_wconf 86' lang='lat' dir='ltr'><strong>tiones</strong></span> <span class='ocrx_word' id='word_1_189' title='bbox 770 2792 1079 2855; x_wconf 80' lang='lat' dir='ltr'><strong>proferens,</strong></span> <span class='ocrx_word' id='word_1_190' title='bbox 1119 2788 1347 2840; x_wconf 87' lang='lat' dir='ltr'><strong>alteram</strong></span> <span class='ocrx_word' id='word_1_191' title='bbox 1367 2789 1651 2840; x_wconf 81' lang='lat' dir='ltr'><strong>Manetho-</strong></span> 
     </span>
     <span class='ocr_line' id='line_1_32' title="bbox 563 2827 1650 2922; baseline -0.001 -12"><span class='ocrx_word' id='word_1_192' title='bbox 563 2860 677 2922; x_wconf 86' lang='lat' dir='ltr'><strong>nis‚</strong></span> <span class='ocrx_word' id='word_1_193' title='bbox 740 2860 1008 2911; x_wconf 76' lang='lat' dir='ltr'><strong>Hecataei</strong></span> <span class='ocrx_word' id='word_1_194' title='bbox 1051 2827 1347 2909; x_wconf 83' lang='lat' dir='ltr'><strong>Abderitae</strong></span> <span class='ocrx_word' id='word_1_195' title='bbox 1400 2858 1650 2909; x_wconf 87' lang='lat' dir='ltr'><strong>alteram.</strong></span> 
     </span>
     <span class='ocr_line' id='line_1_33' title="bbox 564 2927 1653 2988; baseline 0 -10"><span class='ocrx_word' id='word_1_196' title='bbox 564 2927 688 2978; x_wconf 82' lang='lat' dir='ltr'><strong>Alia</strong></span> <span class='ocrx_word' id='word_1_197' title='bbox 720 2933 1002 2979; x_wconf 88' lang='lat' dir='ltr'><strong>tentarunt</strong></span> <span class='ocrx_word' id='word_1_198' title='bbox 1028 2927 1387 2988; x_wconf 79' lang='lat' dir='ltr'><strong>recentiores3</strong></span> <span class='ocrx_word' id='word_1_199' title='bbox 1425 2928 1537 2978; x_wconf 77' lang='lat' dir='ltr'><strong>vid.</strong></span> <span class='ocrx_word' id='word_1_200' title='bbox 1567 2927 1653 2977; x_wconf 90' lang='lat' dir='ltr'><strong>Ia-</strong></span> 
     </span>
     <span class='ocr_line' id='line_1_34' title="bbox 563 2995 1651 3062; baseline 0.002 -16"><span class='ocrx_word' id='word_1_201' title='bbox 563 2995 786 3047; x_wconf 80' lang='lat' dir='ltr'><strong>blonski</strong></span> <span class='ocrx_word' id='word_1_202' title='bbox 821 2996 856 3048; x_wconf 87' lang='lat' dir='ltr'><strong>l.</strong></span> <span class='ocrx_word' id='word_1_203' title='bbox 887 2997 924 3047; x_wconf 89' lang='grc'><strong>1.</strong></span> <span class='ocrx_word' id='word_1_204' title='bbox 951 2998 1083 3062; x_wconf 87' lang='lat' dir='ltr'><strong>ibiq.</strong></span> <span class='ocrx_word' id='word_1_205' title='bbox 1123 2996 1204 3046; x_wconf 88' lang='lat' dir='ltr'><strong>Te</strong></span> <span class='ocrx_word' id='word_1_206' title='bbox 1239 2997 1445 3048; x_wconf 83' lang='lat' dir='ltr'><strong>Water.</strong></span> <span class='ocrx_word' id='word_1_207' title='bbox 1500 2998 1651 3059; x_wconf 81' lang='lat' dir='ltr'><strong>Quas</strong></span> 
     </span>
     <span class='ocr_line' id='line_1_35' title="bbox 565 3064 1650 3132; baseline 0.004 -19"><span class='ocrx_word' id='word_1_208' title='bbox 565 3064 689 3114; x_wconf 78' lang='lat' dir='ltr'><strong>lites</strong></span> <span class='ocrx_word' id='word_1_209' title='bbox 734 3065 954 3117; x_wconf 76' lang='lat' dir='ltr'><strong>diremit</strong></span> <span class='ocrx_word' id='word_1_210' title='bbox 995 3079 1167 3130; x_wconf 85' lang='lat' dir='ltr'><strong>nuper</strong></span> <span class='ocrx_word' id='word_1_211' title='bbox 1209 3065 1546 3132; x_wconf 86' lang='lat' dir='ltr'><strong>Champollio</strong></span> <span class='ocrx_word' id='word_1_212' title='bbox 1592 3067 1650 3116; x_wconf 86' lang='lat' dir='ltr'><strong>in</strong></span> 
     </span>
     <span class='ocr_line' id='line_1_36' title="bbox 565 3132 1648 3201; baseline 0.001 -17"><span class='ocrx_word' id='word_1_213' title='bbox 565 3134 731 3185; x_wconf 80' lang='lat' dir='ltr'><strong>libro:</strong></span> <span class='ocrx_word' id='word_1_214' title='bbox 776 3134 1032 3201; x_wconf 81' lang='lat' dir='ltr'><strong>l’Egypte</strong></span> <span class='ocrx_word' id='word_1_215' title='bbox 1071 3149 1117 3185; x_wconf 84' lang='lat' dir='ltr'><strong>s.</strong></span> <span class='ocrx_word' id='word_1_216' title='bbox 1153 3132 1233 3184; x_wconf 84' lang='lat' dir='ltr'><strong>les</strong></span> <span class='ocrx_word' id='word_1_217' title='bbox 1270 3136 1431 3187; x_wconf 86' lang='lat' dir='ltr'><strong>Phar.</strong></span> <span class='ocrx_word' id='word_1_218' title='bbox 1471 3137 1519 3198; x_wconf 89' lang='lat'><strong>1,</strong></span> <span class='ocrx_word' id='word_1_219' title='bbox 1544 3136 1648 3186; x_wconf 91' lang='grc'><strong>217</strong></span> 
     </span>
     <span class='ocr_line' id='line_1_37' title="bbox 560 3203 1649 3340; baseline 0.001 -16"><span class='ocrx_word' id='word_1_220' title='bbox 560 3203 1649 3340; x_wconf 34' lang='grc' dir='ltr'><strong><em>ἱῗιῌοέὴβῗὲςῗθΡίἳίσιῗῖἓὲσὲξὲσῃῗὲεέἶ</em></strong></span> 
     </span>
     <span class='ocr_line' id='line_1_38' title="bbox 561 3343 1650 3410; baseline 0.001 -17"><span class='ocrx_word' id='word_1_221' title='bbox 561 3349 677 3409; x_wconf 87' lang='lat' dir='ltr'><strong>tur,</strong></span> <span class='ocrx_word' id='word_1_222' title='bbox 714 3360 834 3395; x_wconf 88' lang='lat' dir='ltr'><strong>eam</strong></span> <span class='ocrx_word' id='word_1_223' title='bbox 874 3343 1213 3410; x_wconf 74' lang='lat' dir='ltr'><strong>significaret</strong></span> <span class='ocrx_word' id='word_1_224' title='bbox 1260 3345 1456 3408; x_wconf 60' lang='lat' dir='ltr'><strong>gloria,</strong></span> <span class='ocrx_word' id='word_1_225' title='bbox 1501 3346 1650 3394; x_wconf 74' lang='lat' dir='ltr'><strong>celsi-</strong></span> 
     </span>
     <span class='ocr_line' id='line_1_39' title="bbox 560 3413 1647 3479; baseline -0.002 -13"><span class='ocrx_word' id='word_1_226' title='bbox 560 3414 705 3479; x_wconf 76' lang='lat' dir='ltr'><strong>tudo,</strong></span> <span class='ocrx_word' id='word_1_227' title='bbox 757 3414 1003 3477; x_wconf 68' lang='lat' dir='ltr'><strong>wbumis,</strong></span> <span class='ocrx_word' id='word_1_228' title='bbox 1058 3428 1285 3479; x_wconf 91' lang='lat' dir='ltr'><strong>eamque</strong></span> <span class='ocrx_word' id='word_1_229' title='bbox 1328 3413 1647 3479; x_wconf 84' lang='lat' dir='ltr'><strong>appellatio-</strong></span> 
     </span>
     <span class='ocr_line' id='line_1_40' title="bbox 557 3483 1648 3548; baseline 0 -14"><span class='ocrx_word' id='word_1_230' title='bbox 557 3499 681 3535; x_wconf 86' lang='lat' dir='ltr'><strong>nem</strong></span> <span class='ocrx_word' id='word_1_231' title='bbox 717 3488 864 3536; x_wconf 86' lang='lat' dir='ltr'><strong>recte</strong></span> <span class='ocrx_word' id='word_1_232' title='bbox 890 3484 1083 3534; x_wconf 88' lang='lat' dir='ltr'><strong>cadere</strong></span> <span class='ocrx_word' id='word_1_233' title='bbox 1115 3483 1171 3532; x_wconf 90' lang='lat' dir='ltr'><strong>in</strong></span> <span class='ocrx_word' id='word_1_234' title='bbox 1195 3483 1494 3548; x_wconf 85' lang='lat' dir='ltr'><strong>principem</strong></span> <span class='ocrx_word' id='word_1_235' title='bbox 1520 3483 1648 3534; x_wconf 86' lang='lat' dir='ltr'><strong>deo-</strong></span> 
     </span>
     <span class='ocr_line' id='line_1_41' title="bbox 557 3549 1644 3620; baseline 0 -16"><span class='ocrx_word' id='word_1_236' title='bbox 557 3567 676 3605; x_wconf 75' lang='lat' dir='ltr'><strong>rum</strong></span> <span class='ocrx_word' id='word_1_237' title='bbox 699 3554 935 3620; x_wconf 75' lang='lat' dir='ltr'><strong>Aegypti</strong></span> <span class='ocrx_word' id='word_1_238' title='bbox 961 3554 1218 3605; x_wconf 85' lang='lat' dir='ltr'><strong>omnium.</strong></span> <span class='ocrx_word' id='word_1_239' title='bbox 1262 3549 1488 3617; x_wconf 85' lang='lat' dir='ltr'><strong>[Eadem</strong></span> <span class='ocrx_word' id='word_1_240' title='bbox 1517 3568 1644 3617; x_wconf 89' lang='lat' dir='ltr'><strong>quo-</strong></span> 
     </span>
     <span class='ocr_line' id='line_1_42' title="bbox 557 3622 1643 3689; baseline -0.003 -15"><span class='ocrx_word' id='word_1_241' title='bbox 557 3640 662 3689; x_wconf 87' lang='lat' dir='ltr'><strong>que</strong></span> <span class='ocrx_word' id='word_1_242' title='bbox 712 3624 869 3675; x_wconf 81' lang='lat' dir='ltr'><strong>affert</strong></span> <span class='ocrx_word' id='word_1_243' title='bbox 915 3622 1222 3674; x_wconf 88' lang='lat' dir='ltr'><strong>Uhlemann</strong></span> <span class='ocrx_word' id='word_1_244' title='bbox 1267 3623 1324 3671; x_wconf 90' lang='lat' dir='ltr'><strong>in</strong></span> <span class='ocrx_word' id='word_1_245' title='bbox 1371 3622 1643 3687; x_wconf 71' lang='lat' dir='ltr'><strong>Philolog.</strong></span> 
     </span>
     <span class='ocr_line' id='line_1_43' title="bbox 555 3691 1644 3760; baseline -0.003 -16"><span class='ocrx_word' id='word_1_246' title='bbox 555 3697 792 3760; x_wconf 79' lang='lat' dir='ltr'><strong>Aegypt.</strong></span> <span class='ocrx_word' id='word_1_247' title='bbox 818 3709 874 3758; x_wconf 88' lang='lat' dir='ltr'><strong>p.</strong></span> <span class='ocrx_word' id='word_1_248' title='bbox 902 3691 1008 3759; x_wconf 93' lang='lat'><strong>11.]</strong></span> <span class='ocrx_word' id='word_1_249' title='bbox 1080 3694 1261 3757; x_wconf 83' lang='lat' dir='ltr'><strong>Atque</strong></span> <span class='ocrx_word' id='word_1_250' title='bbox 1294 3691 1644 3743; x_wconf 82' lang='lat' dir='ltr'><strong>Iablonskius</strong></span> 
     </span>
     <span class='ocr_line' id='line_1_44' title="bbox 554 3761 1644 3825; baseline 0 -14"><span class='ocrx_word' id='word_1_251' title='bbox 554 3763 613 3811; x_wconf 88' lang='lat' dir='ltr'><strong>in</strong></span> <span class='ocrx_word' id='word_1_252' title='bbox 651 3762 849 3814; x_wconf 87' lang='lat' dir='ltr'><strong>Panth.</strong></span> <span class='ocrx_word' id='word_1_253' title='bbox 885 3761 975 3825; x_wconf 92' lang='grc' dir='ltr'><strong><em>ΙΙ,</em></strong></span> <span class='ocrx_word' id='word_1_254' title='bbox 1006 3763 1058 3812; x_wconf 88' lang='grc'><strong>2.</strong></span> <span class='ocrx_word' id='word_1_255' title='bbox 1095 3761 1144 3824; x_wconf 68' lang='lat'><strong>§-</strong></span> <span class='ocrx_word' id='word_1_256' title='bbox 1188 3763 1240 3813; x_wconf 84' lang='lat'><strong>5.</strong></span> <span class='ocrx_word' id='word_1_257' title='bbox 1277 3763 1306 3811; x_wconf 89' lang='lat'>7</span> <span class='ocrx_word' id='word_1_258' title='bbox 1353 3761 1518 3811; x_wconf 70' lang='lat' dir='ltr'><strong>Anam·</strong></span> <span class='ocrx_word' id='word_1_259' title='bbox 1554 3777 1644 3811; x_wconf 84' lang='lat' dir='ltr'><strong>ac-</strong></span> 
     </span>
     <span class='ocr_line' id='line_1_45' title="bbox 555 3829 1644 3896; baseline 0.002 -16"><span class='ocrx_word' id='word_1_260' title='bbox 555 3832 762 3896; x_wconf 86' lang='lat' dir='ltr'><strong>cipiens</strong></span> <span class='ocrx_word' id='word_1_261' title='bbox 801 3834 1058 3896; x_wconf 88' lang='lat' dir='ltr'><strong>tauquam</strong></span> <span class='ocrx_word' id='word_1_262' title='bbox 1085 3831 1315 3894; x_wconf 69' lang='lat' dir='ltr'><strong>lucidam,</strong></span> <span class='ocrx_word' id='word_1_263' title='bbox 1348 3829 1494 3882; x_wconf 80' lang='lat' dir='ltr'><strong>hunc</strong></span> <span class='ocrx_word' id='word_1_264' title='bbox 1517 3831 1644 3882; x_wconf 90' lang='lat' dir='ltr'><strong>Am-</strong></span> 
     </span>
     <span class='ocr_line' id='line_1_46' title="bbox 553 3899 1644 3952; baseline 0.001 -4"><span class='ocrx_word' id='word_1_265' title='bbox 553 3914 765 3950; x_wconf 86' lang='lat' dir='ltr'><strong>monem</strong></span> <span class='ocrx_word' id='word_1_266' title='bbox 796 3900 1104 3950; x_wconf 84' lang='lat' dir='ltr'><strong>Thebarum</strong></span> <span class='ocrx_word' id='word_1_267' title='bbox 1139 3899 1275 3950; x_wconf 89' lang='lat' dir='ltr'><strong>dicit</strong></span> <span class='ocrx_word' id='word_1_268' title='bbox 1306 3914 1429 3951; x_wconf 79' lang='lat' dir='ltr'><strong>esse</strong></span> <span class='ocrx_word' id='word_1_269' title='bbox 1451 3900 1644 3952; x_wconf 87' lang='lat' dir='ltr'><strong>introi-</strong></span> 
     </span>
     <span class='ocr_line' id='line_1_47' title="bbox 553 3968 1636 4035; baseline 0.002 -17"><span class='ocrx_word' id='word_1_270' title='bbox 553 3971 669 4018; x_wconf 87' lang='lat' dir='ltr'><strong>tum</strong></span> <span class='ocrx_word' id='word_1_271' title='bbox 706 3968 838 4020; x_wconf 84' lang='lat' dir='ltr'><strong>solis</strong></span> <span class='ocrx_word' id='word_1_272' title='bbox 879 3969 937 4019; x_wconf 88' lang='lat' dir='ltr'><strong>in</strong></span> <span class='ocrx_word' id='word_1_273' title='bbox 981 3970 1199 4035; x_wconf 82' lang='lat' dir='ltr'><strong>signum</strong></span> <span class='ocrx_word' id='word_1_274' title='bbox 1246 3969 1461 4031; x_wconf 83' lang='lat' dir='ltr'><strong>arietis,</strong></span> <span class='ocrx_word' id='word_1_275' title='bbox 1510 3969 1551 4021; x_wconf 90' lang='lat' dir='ltr'><strong>i.</strong></span> <span class='ocrx_word' id='word_1_276' title='bbox 1589 3984 1636 4020; x_wconf 87' lang='lat' dir='ltr'><strong>e.</strong></span> 
     </span>
     <span class='ocr_line' id='line_1_48' title="bbox 550 4036 1639 4102; baseline 0.003 -16"><span class='ocrx_word' id='word_1_277' title='bbox 550 4036 847 4101; x_wconf 84' lang='lat' dir='ltr'><strong>primordia</strong></span> <span class='ocrx_word' id='word_1_278' title='bbox 868 4038 1034 4090; x_wconf 82' lang='lat' dir='ltr'><strong>veris.</strong></span> <span class='ocrx_word' id='word_1_279' title='bbox 1084 4037 1414 4102; x_wconf 91' lang='lat' dir='ltr'><strong>Obloquitur</strong></span> <span class='ocrx_word' id='word_1_280' title='bbox 1435 4039 1639 4089; x_wconf 82' lang='lat' dir='ltr'><strong>lomar-</strong></span> 
     </span>
     <span class='ocr_line' id='line_1_49' title="bbox 551 4105 1636 4174; baseline 0.005 -19"><span class='ocrx_word' id='word_1_281' title='bbox 551 4105 652 4155; x_wconf 85' lang='lat' dir='ltr'><strong>dus</strong></span> <span class='ocrx_word' id='word_1_282' title='bbox 685 4106 744 4155; x_wconf 87' lang='lat' dir='ltr'><strong>in</strong></span> <span class='ocrx_word' id='word_1_283' title='bbox 779 4106 1055 4172; x_wconf 86' lang='lat' dir='ltr'><strong>Descript.</strong></span> <span class='ocrx_word' id='word_1_284' title='bbox 1103 4108 1171 4157; x_wconf 91' lang='lat' dir='ltr'><strong>de</strong></span> <span class='ocrx_word' id='word_1_285' title='bbox 1208 4105 1355 4174; x_wconf 85' lang='lat' dir='ltr'><strong>l&#39;Eg.</strong></span> <span class='ocrx_word' id='word_1_286' title='bbox 1394 4107 1451 4170; x_wconf 93' lang='grc' dir='ltr'><strong>Ι,</strong></span> <span class='ocrx_word' id='word_1_287' title='bbox 1489 4107 1542 4159; x_wconf 82' lang='grc'><strong>3.</strong></span> <span class='ocrx_word' id='word_1_288' title='bbox 1580 4124 1636 4172; x_wconf 90' lang='grc' dir='ltr'><strong>Ρ.</strong></span> 
     </span>
     <span class='ocr_line' id='line_1_50' title="bbox 551 4175 1635 4242; baseline 0.004 -18"><span class='ocrx_word' id='word_1_289' title='bbox 551 4175 618 4225; x_wconf 87' lang='grc'><strong>16</strong></span> <span class='ocrx_word' id='word_1_290' title='bbox 643 4189 755 4240; x_wconf 84' lang='lat' dir='ltr'><strong>seq.</strong></span> <span class='ocrx_word' id='word_1_291' title='bbox 795 4189 1000 4240; x_wconf 82' lang='lat' dir='ltr'><strong>negans</strong></span> <span class='ocrx_word' id='word_1_292' title='bbox 1035 4175 1091 4224; x_wconf 91' lang='lat' dir='ltr'><strong>iu</strong></span> <span class='ocrx_word' id='word_1_293' title='bbox 1128 4176 1299 4227; x_wconf 89' lang='lat' dir='ltr'><strong>ariete</strong></span> <span class='ocrx_word' id='word_1_294' title='bbox 1333 4178 1635 4242; x_wconf 86' lang='lat' dir='ltr'><strong>antiquitus</strong></span> 
     </span>
     <span class='ocr_line' id='line_1_51' title="bbox 548 4243 1635 4309; baseline 0.002 -16"><span class='ocrx_word' id='word_1_295' title='bbox 548 4245 693 4296; x_wconf 80' lang='lat' dir='ltr'><strong>veris</strong></span> <span class='ocrx_word' id='word_1_296' title='bbox 722 4243 880 4294; x_wconf 87' lang='lat' dir='ltr'><strong>initia</strong></span> <span class='ocrx_word' id='word_1_297' title='bbox 908 4258 953 4294; x_wconf 83' lang='lat' dir='ltr'><strong>s.</strong></span> <span class='ocrx_word' id='word_1_298' title='bbox 983 4244 1387 4309; x_wconf 87' lang='lat' dir='ltr'><strong>aequinoctium</strong></span> <span class='ocrx_word' id='word_1_299' title='bbox 1410 4261 1635 4296; x_wconf 84' lang='lat' dir='ltr'><strong>vernum</strong></span> 
     </span>
     <span class='ocr_line' id='line_1_52' title="bbox 549 4313 1636 4378; baseline 0.003 -16"><span class='ocrx_word' id='word_1_300' title='bbox 549 4314 742 4364; x_wconf 79' lang='lat' dir='ltr'><strong>suisse=</strong></span> <span class='ocrx_word' id='word_1_301' title='bbox 781 4313 837 4362; x_wconf 90' lang='lat' dir='ltr'><strong>in</strong></span> <span class='ocrx_word' id='word_1_302' title='bbox 861 4317 1019 4363; x_wconf 87' lang='lat' dir='ltr'><strong>tauro</strong></span> <span class='ocrx_word' id='word_1_303' title='bbox 1044 4313 1227 4378; x_wconf 77' lang='lat' dir='ltr'><strong>potius</strong></span> <span class='ocrx_word' id='word_1_304' title='bbox 1251 4315 1440 4366; x_wconf 75' lang='lat' dir='ltr'><strong>fuisse.</strong></span> <span class='ocrx_word' id='word_1_305' title='bbox 1494 4314 1636 4365; x_wconf 90' lang='lat' dir='ltr'><strong>Con-</strong></span> 
     </span>
     <span class='ocr_line' id='line_1_53' title="bbox 545 4379 1633 4436; baseline 0 -2"><span class='ocrx_word' id='word_1_306' title='bbox 545 4381 751 4434; x_wconf 82' lang='lat' dir='ltr'><strong>tinetur</strong></span> <span class='ocrx_word' id='word_1_307' title='bbox 793 4379 929 4434; x_wconf 82' lang='lat' dir='ltr'><strong>baec</strong></span> <span class='ocrx_word' id='word_1_308' title='bbox 973 4396 1061 4435; x_wconf 75' lang='lat' dir='ltr'><strong>ren</strong></span> <span class='ocrx_word' id='word_1_309' title='bbox 1103 4396 1224 4435; x_wconf 85' lang='lat' dir='ltr'><strong>cum</strong></span> <span class='ocrx_word' id='word_1_310' title='bbox 1257 4384 1512 4436; x_wconf 71' lang='lat' dir='ltr'><strong>universa</strong></span> <span class='ocrx_word' id='word_1_311' title='bbox 1546 4397 1633 4434; x_wconf 83' lang='lat' dir='ltr'><strong>ra·</strong></span> 
     </span>
    </p>
   </div>
   <div class='ocr_carea' id='block_1_6' title="bbox 1735 1397 2857 4450">
    <p class='ocr_par' dir='ltr' id='par_1_6' title="bbox 1753 1397 2857 2647">
     <span class='ocr_line' id='line_1_54' title="bbox 1761 1397 2857 1466; baseline 0.001 -17"><span class='ocrx_word' id='word_1_312' title='bbox 1761 1400 1911 1450; x_wconf 87' lang='lat' dir='ltr'><strong>tione</strong></span> <span class='ocrx_word' id='word_1_313' title='bbox 1960 1397 2446 1466; x_wconf 85' lang='lat' dir='ltr'><strong>Francogallorum</strong></span> <span class='ocrx_word' id='word_1_314' title='bbox 2461 1437 2475 1462; x_wconf 90' lang='lat'>,</span> <span class='ocrx_word' id='word_1_315' title='bbox 2535 1400 2630 1465; x_wconf 90' lang='lat' dir='ltr'><strong>qui</strong></span> <span class='ocrx_word' id='word_1_316' title='bbox 2678 1415 2857 1466; x_wconf 87' lang='lat' dir='ltr'><strong>nuper</strong></span> 
     </span>
     <span class='ocr_line' id='line_1_55' title="bbox 1762 1469 2856 1535; baseline 0 -15"><span class='ocrx_word' id='word_1_317' title='bbox 1762 1470 1830 1520; x_wconf 87' lang='lat' dir='ltr'><strong>de</strong></span> <span class='ocrx_word' id='word_1_318' title='bbox 1870 1469 2126 1520; x_wconf 67' lang='lat' dir='ltr'><strong>zodiaci·</strong></span> <span class='ocrx_word' id='word_1_319' title='bbox 2168 1484 2266 1534; x_wconf 89' lang='lat' dir='ltr'><strong>per</strong></span> <span class='ocrx_word' id='word_1_320' title='bbox 2309 1469 2512 1535; x_wconf 87' lang='lat' dir='ltr'><strong>templa</strong></span> <span class='ocrx_word' id='word_1_321' title='bbox 2554 1471 2856 1535; x_wconf 77' lang='lat' dir='ltr'><strong>Aegyptio-</strong></span> 
     </span>
     <span class='ocr_line' id='line_1_56' title="bbox 1761 1538 2853 1604; baseline -0.002 -14"><span class='ocrx_word' id='word_1_322' title='bbox 1761 1553 1880 1590; x_wconf 87' lang='lat' dir='ltr'><strong>rum</strong></span> <span class='ocrx_word' id='word_1_323' title='bbox 1935 1543 2156 1590; x_wconf 78' lang='lat' dir='ltr'><strong>vetusta</strong></span> <span class='ocrx_word' id='word_1_324' title='bbox 2236 1538 2413 1589; x_wconf 78' lang='lat' dir='ltr'><strong>obviis</strong></span> <span class='ocrx_word' id='word_1_325' title='bbox 2481 1538 2853 1604; x_wconf 78' lang='lat' dir='ltr'><strong>disputarunt,</strong></span> 
     </span>
     <span class='ocr_line' id='line_1_57' title="bbox 1762 1607 2855 1674; baseline 0 -15"><span class='ocrx_word' id='word_1_326' title='bbox 1762 1623 1923 1673; x_wconf 88' lang='lat' dir='ltr'><strong>quam</strong></span> <span class='ocrx_word' id='word_1_327' title='bbox 1957 1624 2059 1674; x_wconf 89' lang='lat' dir='ltr'><strong>ego</strong></span> <span class='ocrx_word' id='word_1_328' title='bbox 2087 1607 2387 1659; x_wconf 88' lang='lat' dir='ltr'><strong>diiudicare</strong></span> <span class='ocrx_word' id='word_1_329' title='bbox 2414 1624 2515 1659; x_wconf 89' lang='lat' dir='ltr'><strong>nec</strong></span> <span class='ocrx_word' id='word_1_330' title='bbox 2546 1608 2692 1672; x_wconf 84' lang='lat' dir='ltr'><strong>volo,</strong></span> <span class='ocrx_word' id='word_1_331' title='bbox 2713 1623 2855 1672; x_wconf 78' lang='lat' dir='ltr'><strong>nec,</strong></span> 
     </span>
     <span class='ocr_line' id='line_1_58' title="bbox 1762 1677 2851 1743; baseline 0.002 -15"><span class='ocrx_word' id='word_1_332' title='bbox 1762 1679 1813 1728; x_wconf 84' lang='lat' dir='ltr'><strong>si</strong></span> <span class='ocrx_word' id='word_1_333' title='bbox 1845 1677 2039 1740; x_wconf 82' lang='lat' dir='ltr'><strong>velim,</strong></span> <span class='ocrx_word' id='word_1_334' title='bbox 2094 1678 2361 1743; x_wconf 84' lang='lat' dir='ltr'><strong>possim.“</strong></span> <span class='ocrx_word' id='word_1_335' title='bbox 2442 1678 2696 1729; x_wconf 80' lang='lat' dir='ltr'><strong>Creuzer.</strong></span> <span class='ocrx_word' id='word_1_336' title='bbox 2737 1677 2773 1729; x_wconf 95' lang='grc'><strong>1.</strong></span> <span class='ocrx_word' id='word_1_337' title='bbox 2811 1678 2851 1731; x_wconf 92' lang='grc'><strong>1.</strong></span> 
     </span>
     <span class='ocr_line' id='line_1_59' title="bbox 1760 1746 2851 1813; baseline 0 -15"><span class='ocrx_word' id='word_1_338' title='bbox 1760 1762 1814 1812; x_wconf 90' lang='grc' dir='ltr'><strong>Ρ.</strong></span> <span class='ocrx_word' id='word_1_339' title='bbox 1852 1747 1965 1800; x_wconf 85' lang='grc'><strong>159.</strong></span> <span class='ocrx_word' id='word_1_340' title='bbox 1997 1748 2117 1799; x_wconf 73' lang='grc'><strong>160.</strong></span> <span class='ocrx_word' id='word_1_341' title='bbox 2193 1747 2260 1797; x_wconf 86' lang='grc' dir='ltr'><strong>Ιιι</strong></span> <span class='ocrx_word' id='word_1_342' title='bbox 2295 1746 2718 1813; x_wconf 79' lang='lat' dir='ltr'><strong>hieroglyphicis</strong></span> <span class='ocrx_word' id='word_1_343' title='bbox 2754 1763 2851 1798; x_wconf 90' lang='lat' dir='ltr'><strong>no·</strong></span> 
     </span>
     <span class='ocr_line' id='line_1_60' title="bbox 1762 1816 2857 1881; baseline -0.001 -15"><span class='ocrx_word' id='word_1_344' title='bbox 1762 1817 1834 1866; x_wconf 85' lang='lat' dir='ltr'><strong>tis</strong></span> <span class='ocrx_word' id='word_1_345' title='bbox 1857 1832 2054 1868; x_wconf 89' lang='lat' dir='ltr'><strong>nomen</strong></span> <span class='ocrx_word' id='word_1_346' title='bbox 2089 1817 2351 1881; x_wconf 82' lang='lat' dir='ltr'><strong>scriptum</strong></span> <span class='ocrx_word' id='word_1_347' title='bbox 2387 1817 2664 1867; x_wconf 84' lang='lat' dir='ltr'><strong>invenitur</strong></span> <span class='ocrx_word' id='word_1_348' title='bbox 2686 1816 2857 1866; x_wconf 69' lang='grc' dir='ltr'><strong>ΛΜΝ</strong></span> 
     </span>
     <span class='ocr_line' id='line_1_61' title="bbox 1762 1886 2854 1952; baseline 0.001 -16"><span class='ocrx_word' id='word_1_349' title='bbox 1762 1887 1797 1936; x_wconf 93' lang='grc'><strong>1.</strong></span> <span class='ocrx_word' id='word_1_350' title='bbox 1825 1902 1872 1937; x_wconf 88' lang='lat' dir='ltr'><strong>e.</strong></span> <span class='ocrx_word' id='word_1_351' title='bbox 1909 1887 2071 1937; x_wconf 65' lang='lat' dir='ltr'><strong>Aaou</strong></span> <span class='ocrx_word' id='word_1_352' title='bbox 2107 1902 2152 1938; x_wconf 84' lang='lat' dir='ltr'><strong>s.</strong></span> <span class='ocrx_word' id='word_1_353' title='bbox 2178 1886 2366 1944; x_wconf 58' lang='lat' dir='ltr'><strong>Anum·</strong></span> <span class='ocrx_word' id='word_1_354' title='bbox 2403 1886 2477 1937; x_wconf 80' lang='lat' dir='ltr'><strong>cf.</strong></span> <span class='ocrx_word' id='word_1_355' title='bbox 2502 1887 2745 1952; x_wconf 71' lang='lat' dir='ltr'><strong>Pau-they</strong></span> <span class='ocrx_word' id='word_1_356' title='bbox 2780 1886 2854 1937; x_wconf 84' lang='lat' dir='ltr'><strong>ad</strong></span> 
     </span>
     <span class='ocr_line' id='line_1_62' title="bbox 1758 1955 2853 2022; baseline -0.001 -16"><span class='ocrx_word' id='word_1_357' title='bbox 1758 1956 2041 2009; x_wconf 83' lang='lat' dir='ltr'><strong>Plutarch.</strong></span> <span class='ocrx_word' id='word_1_358' title='bbox 2089 1956 2127 2007; x_wconf 93' lang='lat' dir='ltr'><strong>l.</strong></span> <span class='ocrx_word' id='word_1_359' title='bbox 2176 1955 2214 2006; x_wconf 88' lang='lat' dir='ltr'><strong>l.</strong></span> <span class='ocrx_word' id='word_1_360' title='bbox 2253 1973 2308 2022; x_wconf 90' lang='lat' dir='ltr'><strong>p.</strong></span> <span class='ocrx_word' id='word_1_361' title='bbox 2356 1957 2474 2008; x_wconf 90' lang='grc'><strong>177.</strong></span> <span class='ocrx_word' id='word_1_362' title='bbox 2547 1956 2705 2018; x_wconf 82' lang='lat' dir='ltr'><strong>Quod</strong></span> <span class='ocrx_word' id='word_1_363' title='bbox 2740 1971 2853 2006; x_wconf 90' lang='lat' dir='ltr'><strong>non</strong></span> 
     </span>
     <span class='ocr_line' id='line_1_63' title="bbox 1761 2024 2851 2091; baseline 0.001 -16"><span class='ocrx_word' id='word_1_364' title='bbox 1761 2029 1876 2075; x_wconf 87' lang='lat' dir='ltr'><strong>tam</strong></span> <span class='ocrx_word' id='word_1_365' title='bbox 1907 2026 2083 2091; x_wconf 78' lang='lat' dir='ltr'><strong>ipsius</strong></span> <span class='ocrx_word' id='word_1_366' title='bbox 2120 2024 2208 2075; x_wconf 90' lang='lat' dir='ltr'><strong>dei</strong></span> <span class='ocrx_word' id='word_1_367' title='bbox 2254 2041 2450 2076; x_wconf 88' lang='lat' dir='ltr'><strong>nomen</strong></span> <span class='ocrx_word' id='word_1_368' title='bbox 2486 2025 2585 2075; x_wconf 84' lang='lat' dir='ltr'><strong>sed</strong></span> <span class='ocrx_word' id='word_1_369' title='bbox 2627 2025 2851 2076; x_wconf 88' lang='lat' dir='ltr'><strong>titulum</strong></span> 
     </span>
     <span class='ocr_line' id='line_1_64' title="bbox 1760 2094 2846 2161; baseline 0 -16"><span class='ocrx_word' id='word_1_370' title='bbox 1760 2095 1945 2159; x_wconf 85' lang='lat' dir='ltr'><strong>potius</strong></span> <span class='ocrx_word' id='word_1_371' title='bbox 1981 2097 2033 2146; x_wconf 91' lang='lat' dir='ltr'><strong>ei</strong></span> <span class='ocrx_word' id='word_1_372' title='bbox 2066 2095 2313 2161; x_wconf 84' lang='lat' dir='ltr'><strong>additum</strong></span> <span class='ocrx_word' id='word_1_373' title='bbox 2349 2094 2436 2146; x_wconf 80' lang='lat' dir='ltr'><strong>vel</strong></span> <span class='ocrx_word' id='word_1_374' title='bbox 2473 2095 2846 2160; x_wconf 86' lang='lat' dir='ltr'><strong>praedicatum</strong></span> 
     </span>
     <span class='ocr_line' id='line_1_65' title="bbox 1759 2163 2849 2217; baseline 0 -2"><span class='ocrx_word' id='word_1_375' title='bbox 1759 2180 1880 2215; x_wconf 81' lang='lat' dir='ltr'><strong>esse</strong></span> <span class='ocrx_word' id='word_1_376' title='bbox 1901 2170 2051 2216; x_wconf 85' lang='lat' dir='ltr'><strong>recte</strong></span> <span class='ocrx_word' id='word_1_377' title='bbox 2070 2165 2213 2215; x_wconf 81' lang='lat' dir='ltr'><strong>vidit</strong></span> <span class='ocrx_word' id='word_1_378' title='bbox 2232 2163 2562 2217; x_wconf 82' lang='lat' dir='ltr'><strong>Wilkinson.</strong></span> <span class='ocrx_word' id='word_1_379' title='bbox 2588 2166 2849 2215; x_wconf 80' lang='lat' dir='ltr'><strong>Manners</strong></span> 
     </span>
     <span class='ocr_line' id='line_1_66' title="bbox 1760 2234 2849 2298; baseline 0 -13"><span class='ocrx_word' id='word_1_380' title='bbox 1760 2240 1865 2286; x_wconf 85' lang='lat' dir='ltr'><strong>etc.</strong></span> <span class='ocrx_word' id='word_1_381' title='bbox 1904 2250 2013 2286; x_wconf 84' lang='lat' dir='ltr'><strong>sec.</strong></span> <span class='ocrx_word' id='word_1_382' title='bbox 2064 2250 2170 2286; x_wconf 77' lang='lat' dir='ltr'><strong>aer.</strong></span> <span class='ocrx_word' id='word_1_383' title='bbox 2214 2235 2264 2286; x_wconf 91' lang='lat'><strong>1.</strong></span> <span class='ocrx_word' id='word_1_384' title='bbox 2308 2248 2362 2298; x_wconf 89' lang='grc' dir='ltr'><strong>Ρ.</strong></span> <span class='ocrx_word' id='word_1_385' title='bbox 2406 2234 2510 2286; x_wconf 88' lang='grc'><strong>249</strong></span> <span class='ocrx_word' id='word_1_386' title='bbox 2555 2234 2627 2284; x_wconf 86' lang='lat' dir='ltr'><strong>ad</strong></span> <span class='ocrx_word' id='word_1_387' title='bbox 2662 2236 2849 2285; x_wconf 81' lang='lat' dir='ltr'><strong>Mane-</strong></span> 
     </span>
     <span class='ocr_line' id='line_1_67' title="bbox 1758 2303 2846 2386; baseline 0.001 -33"><span class='ocrx_word' id='word_1_388' title='bbox 1758 2305 1939 2355; x_wconf 81' lang='lat' dir='ltr'><strong>thonis</strong></span> <span class='ocrx_word' id='word_1_389' title='bbox 1975 2305 2361 2355; x_wconf 86' lang='lat' dir='ltr'><strong>auctoritatem</strong></span> <span class='ocrx_word' id='word_1_390' title='bbox 2396 2303 2664 2356; x_wconf 79' lang='lat' dir='ltr'><strong>accedens</strong></span> <span class='ocrx_word' id='word_1_391' title='bbox 2698 2303 2846 2386; x_wconf 85' lang='lat' dir='ltr'><strong>apud</strong></span> 
     </span>
     <span class='ocr_line' id='line_1_68' title="bbox 1757 2366 2845 2438; baseline 0 -15"><span class='ocrx_word' id='word_1_392' title='bbox 1757 2372 2113 2425; x_wconf 85' lang='lat' dir='ltr'><strong>Plutarchum</strong></span> <span class='ocrx_word' id='word_1_393' title='bbox 2145 2372 2252 2425; x_wconf 88' lang='lat'><strong>1.1.</strong></span> <span class='ocrx_word' id='word_1_394' title='bbox 2290 2371 2615 2438; x_wconf 83' lang='lat' dir='ltr'><strong>explicantis</strong></span> <span class='ocrx_word' id='word_1_395' title='bbox 2654 2366 2719 2423; x_wconf 86' lang='grc' dir='ltr'><strong><em>τὸ</em></strong></span> <span class='ocrx_word' id='word_1_396' title='bbox 2756 2388 2845 2423; x_wconf 70' lang='grc' dir='ltr'><strong><em>πιε-</em></strong></span> 
     </span>
     <span class='ocr_line' id='line_1_69' title="bbox 1755 2435 2844 2508; baseline 0 -16"><span class='ocrx_word' id='word_1_397' title='bbox 1755 2435 2103 2508; x_wconf 75' lang='grc' dir='ltr'><strong><em>κρυμμὲνον,</em></strong></span> <span class='ocrx_word' id='word_1_398' title='bbox 2139 2444 2176 2494; x_wconf 86' lang='lat' dir='ltr'><strong>i.</strong></span> <span class='ocrx_word' id='word_1_399' title='bbox 2198 2458 2247 2494; x_wconf 85' lang='lat' dir='ltr'><strong>e.</strong></span> <span class='ocrx_word' id='word_1_400' title='bbox 2270 2445 2525 2505; x_wconf 67' lang='lat' dir='ltr'><strong>comitata,</strong></span> <span class='ocrx_word' id='word_1_401' title='bbox 2562 2458 2659 2493; x_wconf 79' lang='lat' dir='ltr'><strong>non</strong></span> <span class='ocrx_word' id='word_1_402' title='bbox 2688 2458 2844 2506; x_wconf 77' lang='lat' dir='ltr'><strong>aper·-</strong></span> 
     </span>
     <span class='ocr_line' id='line_1_70' title="bbox 1754 2512 2843 2578; baseline 0.001 -16"><span class='ocrx_word' id='word_1_403' title='bbox 1754 2520 1869 2563; x_wconf 73' lang='lat' dir='ltr'><strong>tma.</strong></span> <span class='ocrx_word' id='word_1_404' title='bbox 1940 2515 2122 2578; x_wconf 80' lang='lat' dir='ltr'><strong>Atque</strong></span> <span class='ocrx_word' id='word_1_405' title='bbox 2158 2512 2299 2563; x_wconf 88' lang='lat' dir='ltr'><strong>hanc</strong></span> <span class='ocrx_word' id='word_1_406' title='bbox 2340 2512 2843 2577; x_wconf 85' lang='lat' dir='ltr'><strong>interpretationem</strong></span> 
     </span>
     <span class='ocr_line' id='line_1_71' title="bbox 1753 2582 2845 2647; baseline 0.002 -16"><span class='ocrx_word' id='word_1_407' title='bbox 1753 2582 1914 2633; x_wconf 90' lang='lat' dir='ltr'><strong>unice</strong></span> <span class='ocrx_word' id='word_1_408' title='bbox 1947 2597 2133 2633; x_wconf 82' lang='lat' dir='ltr'><strong>veram</strong></span> <span class='ocrx_word' id='word_1_409' title='bbox 2184 2597 2306 2633; x_wconf 80' lang='lat' dir='ltr'><strong>esse</strong></span> <span class='ocrx_word' id='word_1_410' title='bbox 2339 2586 2506 2647; x_wconf 87' lang='lat' dir='ltr'><strong>atque</strong></span> <span class='ocrx_word' id='word_1_411' title='bbox 2539 2582 2712 2647; x_wconf 77' lang='lat' dir='ltr'><strong>ipsius</strong></span> <span class='ocrx_word' id='word_1_412' title='bbox 2750 2598 2845 2633; x_wconf 80' lang='lat' dir='ltr'><strong>vo-</strong></span> 
     </span>
    </p>

    <p class='ocr_par' dir='ltr' id='par_1_7' title="bbox 1746 2650 2846 3550">
     <span class='ocr_line' id='line_1_72' title="bbox 1754 2650 2846 2717; baseline -0.001 -16"><span class='ocrx_word' id='word_1_413' title='bbox 1754 2652 1833 2701; x_wconf 84' lang='lat' dir='ltr'><strong>cis</strong></span> <span class='ocrx_word' id='word_1_414' title='bbox 1892 2650 2228 2717; x_wconf 77' lang='lat' dir='ltr'><strong>etymologia</strong></span> <span class='ocrx_word' id='word_1_415' title='bbox 2283 2650 2445 2716; x_wconf 87' lang='lat' dir='ltr'><strong>plane</strong></span> <span class='ocrx_word' id='word_1_416' title='bbox 2501 2651 2846 2717; x_wconf 86' lang='lat' dir='ltr'><strong>comprobari</strong></span> 
     </span>
     <span class='ocr_line' id='line_1_73' title="bbox 1754 2720 2841 2786; baseline 0 -16"><span class='ocrx_word' id='word_1_417' title='bbox 1754 2736 1821 2770; x_wconf 85' lang='lat' dir='ltr'><strong>ex</strong></span> <span class='ocrx_word' id='word_1_418' title='bbox 1869 2720 2096 2786; x_wconf 78' lang='lat' dir='ltr'><strong>Coptica</strong></span> <span class='ocrx_word' id='word_1_419' title='bbox 2141 2721 2330 2786; x_wconf 86' lang='lat' dir='ltr'><strong>lingua</strong></span> <span class='ocrx_word' id='word_1_420' title='bbox 2368 2721 2611 2771; x_wconf 83' lang='lat' dir='ltr'><strong>ostendit</strong></span> <span class='ocrx_word' id='word_1_421' title='bbox 2644 2721 2841 2772; x_wconf 81' lang='lat' dir='ltr'><strong>Roetb.</strong></span> 
     </span>
     <span class='ocr_line' id='line_1_74' title="bbox 1753 2788 2845 2856; baseline 0.001 -17"><span class='ocrx_word' id='word_1_422' title='bbox 1753 2788 1789 2840; x_wconf 94' lang='grc'><strong>1.</strong></span> <span class='ocrx_word' id='word_1_423' title='bbox 1826 2788 1865 2841; x_wconf 93' lang='grc'><strong>1.</strong></span> <span class='ocrx_word' id='word_1_424' title='bbox 1903 2794 2042 2841; x_wconf 86' lang='lat' dir='ltr'><strong>nott.</strong></span> <span class='ocrx_word' id='word_1_425' title='bbox 2081 2806 2137 2855; x_wconf 91' lang='grc' dir='ltr'><strong>Ρ.</strong></span> <span class='ocrx_word' id='word_1_426' title='bbox 2165 2790 2233 2842; x_wconf 80' lang='grc'><strong>35</strong></span> <span class='ocrx_word' id='word_1_427' title='bbox 2262 2805 2380 2855; x_wconf 76' lang='lat' dir='ltr'><strong>aeq.</strong></span> <span class='ocrx_word' id='word_1_428' title='bbox 2450 2791 2643 2856; x_wconf 82' lang='lat' dir='ltr'><strong>Neque</strong></span> <span class='ocrx_word' id='word_1_429' title='bbox 2678 2789 2845 2841; x_wconf 86' lang='lat' dir='ltr'><strong>aliter</strong></span> 
     </span>
     <span class='ocr_line' id='line_1_75' title="bbox 1754 2857 2841 2924; baseline 0.001 -15"><span class='ocrx_word' id='word_1_430' title='bbox 1754 2858 1991 2924; x_wconf 81' lang='lat' dir='ltr'><strong>explicat</strong></span> <span class='ocrx_word' id='word_1_431' title='bbox 2015 2858 2344 2910; x_wconf 80' lang='lat' dir='ltr'><strong>Iamblichus</strong></span> <span class='ocrx_word' id='word_1_432' title='bbox 2374 2857 2413 2911; x_wconf 92' lang='grc'><strong>1.</strong></span> <span class='ocrx_word' id='word_1_433' title='bbox 2434 2874 2596 2924; x_wconf 80' lang='lat' dir='ltr'><strong>supra</strong></span> <span class='ocrx_word' id='word_1_434' title='bbox 2622 2858 2659 2910; x_wconf 94' lang='grc'><strong>1.</strong></span> <span class='ocrx_word' id='word_1_435' title='bbox 2718 2861 2841 2923; x_wconf 82' lang='lat' dir='ltr'><strong>Quo</strong></span> 
     </span>
     <span class='ocr_line' id='line_1_76' title="bbox 1752 2929 2845 2994; baseline -0.001 -16"><span class='ocrx_word' id='word_1_436' title='bbox 1752 2930 1928 2994; x_wconf 81' lang='lat' dir='ltr'><strong>magis</strong></span> <span class='ocrx_word' id='word_1_437' title='bbox 1962 2929 2202 2992; x_wconf 85' lang='lat' dir='ltr'><strong>mireris,</strong></span> <span class='ocrx_word' id='word_1_438' title='bbox 2239 2929 2385 2993; x_wconf 90' lang='lat' dir='ltr'><strong>quod</strong></span> <span class='ocrx_word' id='word_1_439' title='bbox 2419 2944 2588 2993; x_wconf 85' lang='lat' dir='ltr'><strong>nuper</strong></span> <span class='ocrx_word' id='word_1_440' title='bbox 2622 2929 2845 2993; x_wconf 78' lang='lat' dir='ltr'><strong>scripsit</strong></span> 
     </span>
     <span class='ocr_line' id='line_1_77' title="bbox 1754 2997 2844 3064; baseline 0.003 -17"><span class='ocrx_word' id='word_1_441' title='bbox 1754 2999 1972 3049; x_wconf 84' lang='lat' dir='ltr'><strong>Osburn</strong></span> <span class='ocrx_word' id='word_1_442' title='bbox 2007 2999 2344 3060; x_wconf 79' lang='lat' dir='ltr'><strong>(Transactt.</strong></span> <span class='ocrx_word' id='word_1_443' title='bbox 2371 2998 2433 3048; x_wconf 85' lang='lat' dir='ltr'><strong>of</strong></span> <span class='ocrx_word' id='word_1_444' title='bbox 2454 2999 2546 3048; x_wconf 87' lang='lat' dir='ltr'><strong>the</strong></span> <span class='ocrx_word' id='word_1_445' title='bbox 2570 2997 2727 3064; x_wconf 80' lang='lat' dir='ltr'><strong>royal</strong></span> <span class='ocrx_word' id='word_1_446' title='bbox 2753 3013 2844 3050; x_wconf 80' lang='lat' dir='ltr'><strong>so·</strong></span> 
     </span>
     <span class='ocr_line' id='line_1_78' title="bbox 1750 3067 2841 3133; baseline -0.001 -15"><span class='ocrx_word' id='word_1_447' title='bbox 1750 3068 1896 3133; x_wconf 80' lang='lat' dir='ltr'><strong>ciety</strong></span> <span class='ocrx_word' id='word_1_448' title='bbox 1932 3068 1994 3118; x_wconf 84' lang='lat' dir='ltr'><strong>of</strong></span> <span class='ocrx_word' id='word_1_449' title='bbox 2025 3068 2195 3119; x_wconf 87' lang='lat' dir='ltr'><strong>Liter.</strong></span> <span class='ocrx_word' id='word_1_450' title='bbox 2236 3083 2345 3118; x_wconf 79' lang='lat' dir='ltr'><strong>sec.</strong></span> <span class='ocrx_word' id='word_1_451' title='bbox 2392 3083 2498 3117; x_wconf 79' lang='lat' dir='ltr'><strong>aer.</strong></span> <span class='ocrx_word' id='word_1_452' title='bbox 2535 3067 2611 3118; x_wconf 87' lang='lat'><strong>11.</strong></span> <span class='ocrx_word' id='word_1_453' title='bbox 2645 3083 2698 3132; x_wconf 89' lang='lat' dir='ltr'><strong>p.</strong></span> <span class='ocrx_word' id='word_1_454' title='bbox 2736 3068 2841 3119; x_wconf 73' lang='lat'><strong>307</strong></span> 
     </span>
     <span class='ocr_line' id='line_1_79' title="bbox 1748 3136 2841 3202; baseline 0.001 -15"><span class='ocrx_word' id='word_1_455' title='bbox 1748 3151 1864 3202; x_wconf 82' lang='lat' dir='ltr'><strong>seq.</strong></span> <span class='ocrx_word' id='word_1_456' title='bbox 1901 3136 2275 3190; x_wconf 79' lang='lat' dir='ltr'><strong>Monumental</strong></span> <span class='ocrx_word' id='word_1_457' title='bbox 2308 3137 2518 3202; x_wconf 77' lang='lat' dir='ltr'><strong>history</strong></span> <span class='ocrx_word' id='word_1_458' title='bbox 2553 3137 2616 3187; x_wconf 83' lang='lat' dir='ltr'><strong>of</strong></span> <span class='ocrx_word' id='word_1_459' title='bbox 2632 3139 2841 3202; x_wconf 78' lang='lat' dir='ltr'><strong>Egypt.</strong></span> 
     </span>
     <span class='ocr_line' id='line_1_80' title="bbox 1750 3205 2839 3273; baseline 0 -17"><span class='ocrx_word' id='word_1_460' title='bbox 1750 3206 1799 3257; x_wconf 92' lang='grc' dir='ltr'><strong>Ι.</strong></span> <span class='ocrx_word' id='word_1_461' title='bbox 1833 3222 1889 3271; x_wconf 87' lang='lat' dir='ltr'><strong>p.</strong></span> <span class='ocrx_word' id='word_1_462' title='bbox 1925 3205 2030 3258; x_wconf 84' lang='lat'><strong>340</strong></span> <span class='ocrx_word' id='word_1_463' title='bbox 2063 3209 2203 3273; x_wconf 84' lang='lat' dir='ltr'><strong>seq.)</strong></span> <span class='ocrx_word' id='word_1_464' title='bbox 2249 3207 2408 3257; x_wconf 90' lang='lat' dir='ltr'><strong>deum</strong></span> <span class='ocrx_word' id='word_1_465' title='bbox 2443 3206 2839 3271; x_wconf 80' lang='lat' dir='ltr'><strong>Aegyptiorum</strong></span> 
     </span>
     <span class='ocr_line' id='line_1_81' title="bbox 1748 3275 2839 3340; baseline 0 -15"><span class='ocrx_word' id='word_1_466' title='bbox 1748 3275 1926 3325; x_wconf 91' lang='lat' dir='ltr'><strong>Amun</strong></span> <span class='ocrx_word' id='word_1_467' title='bbox 1960 3275 2095 3326; x_wconf 86' lang='lat' dir='ltr'><strong>nihil</strong></span> <span class='ocrx_word' id='word_1_468' title='bbox 2129 3275 2279 3326; x_wconf 88' lang='lat' dir='ltr'><strong>aliud</strong></span> <span class='ocrx_word' id='word_1_469' title='bbox 2310 3290 2431 3326; x_wconf 78' lang='lat' dir='ltr'><strong>esse</strong></span> <span class='ocrx_word' id='word_1_470' title='bbox 2462 3276 2571 3325; x_wconf 83' lang='lat' dir='ltr'><strong>nisi</strong></span> <span class='ocrx_word' id='word_1_471' title='bbox 2605 3276 2839 3340; x_wconf 85' lang='lat' dir='ltr'><strong>patriar·</strong></span> 
     </span>
     <span class='ocr_line' id='line_1_82' title="bbox 1749 3344 2839 3408; baseline 0 -13"><span class='ocrx_word' id='word_1_472' title='bbox 1749 3345 1909 3395; x_wconf 87' lang='lat' dir='ltr'><strong>cham</strong></span> <span class='ocrx_word' id='word_1_473' title='bbox 1956 3346 2127 3407; x_wconf 86' lang='lat' dir='ltr'><strong>Ham,</strong></span> <span class='ocrx_word' id='word_1_474' title='bbox 2183 3345 2397 3397; x_wconf 84' lang='lat' dir='ltr'><strong>Noachi</strong></span> <span class='ocrx_word' id='word_1_475' title='bbox 2439 3344 2641 3408; x_wconf 85' lang='lat' dir='ltr'><strong>filium,</strong></span> <span class='ocrx_word' id='word_1_476' title='bbox 2690 3345 2839 3395; x_wconf 87' lang='lat' dir='ltr'><strong>inter</strong></span> 
     </span>
     <span class='ocr_line' id='line_1_83' title="bbox 1748 3413 2839 3480; baseline 0 -16"><span class='ocrx_word' id='word_1_477' title='bbox 1748 3413 1879 3464; x_wconf 84' lang='lat' dir='ltr'><strong>deos</strong></span> <span class='ocrx_word' id='word_1_478' title='bbox 1927 3414 2188 3477; x_wconf 88' lang='lat' dir='ltr'><strong>relatum,</strong></span> <span class='ocrx_word' id='word_1_479' title='bbox 2234 3414 2632 3480; x_wconf 79' lang='lat' dir='ltr'><strong>Aegyptiorum</strong></span> <span class='ocrx_word' id='word_1_480' title='bbox 2677 3429 2839 3464; x_wconf 79' lang='lat' dir='ltr'><strong>auum</strong></span> 
     </span>
     <span class='ocr_line' id='line_1_84' title="bbox 1746 3482 2800 3566; baseline -0.001 -32"><span class='ocrx_word' id='word_1_481' title='bbox 1746 3499 1919 3566; x_wconf 86' lang='lat' dir='ltr'><strong>genus</strong></span> <span class='ocrx_word' id='word_1_482' title='bbox 1954 3483 2080 3534; x_wconf 90' lang='lat' dir='ltr'><strong>inde</strong></span> <span class='ocrx_word' id='word_1_483' title='bbox 2118 3482 2501 3536; x_wconf 79' lang='lat' dir='ltr'><strong>deducentium</strong></span> <span class='ocrx_word' id='word_1_484' title='bbox 2536 3483 2800 3535; x_wconf 69' lang='lat' dir='ltr'><strong>abavum!</strong></span> 
     </span>
    </p>

    <p class='ocr_par' dir='ltr' id='par_1_8' title="bbox 1815 3544 2836 3618">
     <span class='ocr_line' id='line_1_85' title="bbox 1815 3544 2836 3618; baseline 0.003 -16"><span class='ocrx_word' id='word_1_485' title='bbox 1815 3547 2213 3603; x_wconf 72' lang='grc' dir='ltr'><strong><em>τύπτονται-</em></strong></span> <span class='ocrx_word' id='word_1_486' title='bbox 2234 3545 2336 3603; x_wconf 86' lang='grc' dir='ltr'><strong>τὸν</strong></span> <span class='ocrx_word' id='word_1_487' title='bbox 2358 3544 2547 3618; x_wconf 76' lang='grc' dir='ltr'><strong><em>κριὸν]</em></strong></span> <span class='ocrx_word' id='word_1_488' title='bbox 2578 3554 2616 3604; x_wconf 89' lang='grc'><strong>1.</strong></span> <span class='ocrx_word' id='word_1_489' title='bbox 2647 3569 2696 3604; x_wconf 89' lang='lat' dir='ltr'><strong>e.</strong></span> <span class='ocrx_word' id='word_1_490' title='bbox 2720 3568 2836 3604; x_wconf 75' lang='lat' dir='ltr'><strong>ver-</strong></span> 
     </span>
    </p>

    <p class='ocr_par' dir='ltr' id='par_1_9' title="bbox 1744 3615 2837 3759">
     <span class='ocr_line' id='line_1_86' title="bbox 1744 3615 2837 3688; baseline 0.001 -15"><span class='ocrx_word' id='word_1_491' title='bbox 1744 3615 1927 3678; x_wconf 69' lang='lat' dir='ltr'><strong>oe&#39;raaeu</strong></span> <span class='ocrx_word' id='word_1_492' title='bbox 1957 3639 2015 3674; x_wconf 73' lang='lat' dir='ltr'><strong>ee</strong></span> <span class='ocrx_word' id='word_1_493' title='bbox 2037 3627 2245 3675; x_wconf 62' lang='lat' dir='ltr'><strong>arietem</strong></span> <span class='ocrx_word' id='word_1_494' title='bbox 2265 3625 2490 3688; x_wconf 62' lang='lat' dir='ltr'><strong>lingentes</strong></span> <span class='ocrx_word' id='word_1_495' title='bbox 2516 3637 2563 3674; x_wconf 84' lang='lat' dir='ltr'><strong>s.</strong></span> <span class='ocrx_word' id='word_1_496' title='bbox 2585 3625 2837 3688; x_wconf 65' lang='lat' dir='ltr'><strong>planum!</strong></span> 
     </span>
     <span class='ocr_line' id='line_1_87' title="bbox 1744 3683 2836 3759; baseline 0.002 -17"><span class='ocrx_word' id='word_1_497' title='bbox 1744 3695 1967 3742; x_wconf 65' lang='lat' dir='ltr'><strong>ezr-ierem.</strong></span> <span class='ocrx_word' id='word_1_498' title='bbox 2036 3694 2123 3744; x_wconf 91' lang='lat' dir='ltr'><strong>De</strong></span> <span class='ocrx_word' id='word_1_499' title='bbox 2165 3683 2484 3742; x_wconf 73' lang='grc' dir='ltr'><strong><em>τύπτεσθαι</em></strong></span> <span class='ocrx_word' id='word_1_500' title='bbox 2521 3692 2625 3744; x_wconf 86' lang='lat' dir='ltr'><strong>hoc</strong></span> <span class='ocrx_word' id='word_1_501' title='bbox 2666 3692 2836 3759; x_wconf 73' lang='lat' dir='ltr'><strong>signi-</strong></span> 
     </span>
    </p>

    <p class='ocr_par' dir='ltr' id='par_1_10' title="bbox 1735 3759 2834 4450">
     <span class='ocr_line' id='line_1_88' title="bbox 1742 3759 2834 3825; baseline 0.002 -13"><span class='ocrx_word' id='word_1_502' title='bbox 1742 3759 1910 3812; x_wconf 87' lang='lat' dir='ltr'><strong>ficatu</strong></span> <span class='ocrx_word' id='word_1_503' title='bbox 1944 3760 2175 3813; x_wconf 79' lang='lat' dir='ltr'><strong>diximus</strong></span> <span class='ocrx_word' id='word_1_504' title='bbox 2222 3762 2293 3812; x_wconf 86' lang='lat' dir='ltr'><strong>ad</strong></span> <span class='ocrx_word' id='word_1_505' title='bbox 2326 3761 2415 3825; x_wconf 87' lang='lat'><strong>11,</strong></span> <span class='ocrx_word' id='word_1_506' title='bbox 2451 3761 2540 3813; x_wconf 81' lang='lat'><strong>61.</strong></span> <span class='ocrx_word' id='word_1_507' title='bbox 2589 3788 2659 3799; x_wconf 90' lang='lat'>—</span> <span class='ocrx_word' id='word_1_508' title='bbox 2713 3764 2834 3825; x_wconf 80' lang='lat' dir='ltr'><strong>„Ao</strong></span> 
     </span>
     <span class='ocr_line' id='line_1_89' title="bbox 1742 3800 2833 3895; baseline 0.003 -15"><span class='ocrx_word' id='word_1_509' title='bbox 1742 3830 1868 3881; x_wconf 82' lang='lat' dir='ltr'><strong>vide</strong></span> <span class='ocrx_word' id='word_1_510' title='bbox 1892 3831 2160 3895; x_wconf 88' lang='lat' dir='ltr'><strong>quomodo</strong></span> <span class='ocrx_word' id='word_1_511' title='bbox 2183 3831 2410 3882; x_wconf 85' lang='lat' dir='ltr'><strong>arietem</strong></span> <span class='ocrx_word' id='word_1_512' title='bbox 2435 3829 2671 3882; x_wconf 82' lang='lat' dir='ltr'><strong>caedant</strong></span> <span class='ocrx_word' id='word_1_513' title='bbox 2690 3800 2833 3883; x_wconf 72' lang='lat' dir='ltr'><strong>The-</strong></span> 
     </span>
     <span class='ocr_line' id='line_1_90' title="bbox 1741 3900 2832 3968; baseline 0 -18"><span class='ocrx_word' id='word_1_514' title='bbox 1741 3900 1870 3950; x_wconf 89' lang='lat' dir='ltr'><strong>bani</strong></span> <span class='ocrx_word' id='word_1_515' title='bbox 1891 3904 1947 3949; x_wconf 86' lang='lat' dir='ltr'><strong>et</strong></span> <span class='ocrx_word' id='word_1_516' title='bbox 1966 3900 2195 3954; x_wconf 77' lang='lat' dir='ltr'><strong>eundem</strong></span> <span class='ocrx_word' id='word_1_517' title='bbox 2212 3905 2397 3951; x_wconf 87' lang='lat' dir='ltr'><strong>tamen</strong></span> <span class='ocrx_word' id='word_1_518' title='bbox 2419 3900 2704 3968; x_wconf 80' lang='lat' dir='ltr'><strong>plangant.</strong></span> <span class='ocrx_word' id='word_1_519' title='bbox 2737 3901 2832 3952; x_wconf 78' lang='lat' dir='ltr'><strong>Ni-</strong></span> 
     </span>
     <span class='ocr_line' id='line_1_91' title="bbox 1742 3969 2831 4022; baseline 0 -3"><span class='ocrx_word' id='word_1_520' title='bbox 1742 3969 1934 4019; x_wconf 90' lang='lat' dir='ltr'><strong>mirum</strong></span> <span class='ocrx_word' id='word_1_521' title='bbox 1980 3971 2218 4021; x_wconf 88' lang='lat' dir='ltr'><strong>caedunt</strong></span> <span class='ocrx_word' id='word_1_522' title='bbox 2261 3969 2407 4021; x_wconf 86' lang='lat' dir='ltr'><strong>haud</strong></span> <span class='ocrx_word' id='word_1_523' title='bbox 2442 3969 2608 4022; x_wconf 86' lang='lat' dir='ltr'><strong>dubie</strong></span> <span class='ocrx_word' id='word_1_524' title='bbox 2644 3970 2716 4022; x_wconf 87' lang='lat' dir='ltr'><strong>ad</strong></span> <span class='ocrx_word' id='word_1_525' title='bbox 2760 3970 2831 4020; x_wconf 84' lang='lat' dir='ltr'><strong>si-</strong></span> 
     </span>
     <span class='ocr_line' id='line_1_92' title="bbox 1739 4037 2831 4105; baseline 0.002 -17"><span class='ocrx_word' id='word_1_526' title='bbox 1739 4037 2105 4104; x_wconf 83' lang='lat' dir='ltr'><strong>gnificandum</strong></span> <span class='ocrx_word' id='word_1_527' title='bbox 2146 4040 2437 4090; x_wconf 75' lang='lat' dir='ltr'><strong>transitum</strong></span> <span class='ocrx_word' id='word_1_528' title='bbox 2472 4040 2632 4104; x_wconf 75' lang='lat' dir='ltr'><strong>solis,</strong></span> <span class='ocrx_word' id='word_1_529' title='bbox 2677 4039 2831 4105; x_wconf 89' lang='lat' dir='ltr'><strong>plan-</strong></span> 
     </span>
     <span class='ocr_line' id='line_1_93' title="bbox 1739 4108 2828 4174; baseline 0.002 -16"><span class='ocrx_word' id='word_1_530' title='bbox 1739 4112 1876 4173; x_wconf 86' lang='lat' dir='ltr'><strong>gunt</strong></span> <span class='ocrx_word' id='word_1_531' title='bbox 1898 4114 2119 4174; x_wconf 88' lang='lat' dir='ltr'><strong>propter</strong></span> <span class='ocrx_word' id='word_1_532' title='bbox 2139 4108 2429 4172; x_wconf 84' lang='lat' dir='ltr'><strong>Osiridem,</strong></span> <span class='ocrx_word' id='word_1_533' title='bbox 2455 4114 2649 4174; x_wconf 88' lang='lat' dir='ltr'><strong>utpote</strong></span> <span class='ocrx_word' id='word_1_534' title='bbox 2672 4109 2828 4160; x_wconf 84' lang='lat' dir='ltr'><strong>euius</strong></span> 
     </span>
     <span class='ocr_line' id='line_1_94' title="bbox 1738 4178 2828 4243; baseline 0 -14"><span class='ocrx_word' id='word_1_535' title='bbox 1738 4178 2003 4242; x_wconf 88' lang='lat' dir='ltr'><strong>quaedam</strong></span> <span class='ocrx_word' id='word_1_536' title='bbox 2040 4178 2220 4243; x_wconf 84' lang='lat' dir='ltr'><strong>imago</strong></span> <span class='ocrx_word' id='word_1_537' title='bbox 2242 4183 2342 4230; x_wconf 84' lang='lat' dir='ltr'><strong>aut</strong></span> <span class='ocrx_word' id='word_1_538' title='bbox 2372 4178 2645 4243; x_wconf 85' lang='lat' dir='ltr'><strong>particula</strong></span> <span class='ocrx_word' id='word_1_539' title='bbox 2680 4179 2736 4229; x_wconf 86' lang='lat' dir='ltr'><strong>in</strong></span> <span class='ocrx_word' id='word_1_540' title='bbox 2765 4194 2828 4229; x_wconf 90' lang='lat' dir='ltr'><strong>eo</strong></span> 
     </span>
     <span class='ocr_line' id='line_1_95' title="bbox 1735 4245 2828 4313; baseline 0.002 -19"><span class='ocrx_word' id='word_1_541' title='bbox 1735 4245 1887 4297; x_wconf 88' lang='lat' dir='ltr'><strong>hirco</strong></span> <span class='ocrx_word' id='word_1_542' title='bbox 1924 4247 2180 4298; x_wconf 87' lang='lat' dir='ltr'><strong>obierit.“</strong></span> <span class='ocrx_word' id='word_1_543' title='bbox 2240 4248 2327 4302; x_wconf 80' lang='lat' dir='ltr'><strong>Or.</strong></span> <span class='ocrx_word' id='word_1_544' title='bbox 2356 4246 2393 4297; x_wconf 90' lang='lat'><strong>1.</strong></span> <span class='ocrx_word' id='word_1_545' title='bbox 2420 4245 2458 4297; x_wconf 93' lang='grc'><strong>1.</strong></span> <span class='ocrx_word' id='word_1_546' title='bbox 2485 4264 2542 4313; x_wconf 87' lang='lat' dir='ltr'><strong>p.</strong></span> <span class='ocrx_word' id='word_1_547' title='bbox 2576 4248 2698 4312; x_wconf 82' lang='grc'><strong>160,</strong></span> <span class='ocrx_word' id='word_1_548' title='bbox 2734 4250 2828 4313; x_wconf 88' lang='lat' dir='ltr'><strong>qui</strong></span> 
     </span>
     <span class='ocr_line' id='line_1_96' title="bbox 1735 4315 2830 4382; baseline 0.001 -17"><span class='ocrx_word' id='word_1_549' title='bbox 1735 4316 1878 4366; x_wconf 92' lang='lat' dir='ltr'><strong>idem</strong></span> <span class='ocrx_word' id='word_1_550' title='bbox 1910 4322 2104 4380; x_wconf 80' lang='lat' dir='ltr'><strong>postea</strong></span> <span class='ocrx_word' id='word_1_551' title='bbox 2138 4315 2273 4367; x_wconf 89' lang='lat' dir='ltr'><strong>haec</strong></span> <span class='ocrx_word' id='word_1_552' title='bbox 2311 4315 2628 4382; x_wconf 85' lang='lat' dir='ltr'><strong>adscripsit:</strong></span> <span class='ocrx_word' id='word_1_553' title='bbox 2685 4316 2830 4380; x_wconf 89' lang='lat' dir='ltr'><strong>„Ad-</strong></span> 
     </span>
     <span class='ocr_line' id='line_1_97' title="bbox 1735 4382 2830 4450; baseline 0.001 -17"><span class='ocrx_word' id='word_1_554' title='bbox 1735 4382 1890 4434; x_wconf 86' lang='lat' dir='ltr'><strong>hibet</strong></span> <span class='ocrx_word' id='word_1_555' title='bbox 1924 4383 2059 4436; x_wconf 88' lang='lat' dir='ltr'><strong>haec</strong></span> <span class='ocrx_word' id='word_1_556' title='bbox 2080 4384 2381 4450; x_wconf 88' lang='lat' dir='ltr'><strong>Inghirami</strong></span> <span class='ocrx_word' id='word_1_557' title='bbox 2406 4385 2463 4436; x_wconf 88' lang='lat' dir='ltr'><strong>in</strong></span> <span class='ocrx_word' id='word_1_558' title='bbox 2487 4385 2830 4437; x_wconf 78' lang='lat' dir='ltr'><strong>Monumenti</strong></span> 
     </span>
    </p>
   </div>
  </div>
 </body>
</html>
