3109 5092
1131 330 1632 391 EUTERPE.
1676 330 1760 389 II.
1811 342 1897 393 15.

2529 327 2645 389 461

377 506 525 582 σέος
553 503 960 590 καλεομένης
988 508 1268 592 σκοπιῆς
1294 506 1602 591 λέγοντες
1634 501 1709 572 τὸ
1737 500 1917 592 παρὰ
1944 500 2296 571 θάλασσαν
2324 499 2497 571 εἶναι
2527 497 2650 570 αὐ-

376 613 491 695 τῆς
527 611 717 696 μέχρι
766 611 1142 696 Ταριχηϊῶν
1178 612 1316 676 τῶν
1355 612 1886 695 Πηλουσιακῶν,
1930 610 2013 693 τῇ
2051 602 2134 694 δὴ
2168 603 2656 695 τεσσεράκοντά

379 790 578 825 saxoso
625 772 835 838 Canopi
880 774 1250 838 promontorio
1300 772 1468 840 (Abu-

377 844 513 910 kir),
549 844 644 893 ubi
684 843 752 893 ab
788 844 1106 893 recentioris
1143 846 1343 895 aetatis
1377 860 1467 910 pe-

377 915 712 979 regrinatore
755 927 853 962 arx
887 912 1107 963 detecta
1141 915 1342 977 fertur,
1393 914 1465 963 ad

376 983 509 1033 illud
549 982 661 1032 Nili
697 983 926 1045 ostium,
974 998 1068 1047 per
1119 983 1263 1048 quod
1298 999 1465 1033 unum

378 1052 578 1102 exteris
623 1053 829 1101 intrare
876 1052 1095 1102 licuerit
1138 1055 1463 1119 Aegyptum,

378 1120 547 1172 multo
572 1123 762 1186 utique
780 1122 1046 1185 aptiorem
1070 1122 1324 1187 speculae
1344 1138 1465 1174 esse

378 1191 556 1242 locum
591 1192 735 1241 idem
773 1197 960 1241 censet
994 1193 1220 1243 Renuel.
1287 1193 1466 1254 Quare

377 1277 500 1311 cum
547 1260 819 1311 Larchero
878 1266 933 1310 et
983 1261 1310 1325 Letronnio,
1375 1263 1467 1327 qui

376 1332 519 1381 hunc
555 1329 734 1380 locum
771 1335 825 1380 et
873 1346 1154 1381 mensuras
1192 1333 1248 1380 in
1285 1347 1348 1381 eo
1389 1334 1466 1382 in·

377 1401 590 1450 dicatas
637 1401 899 1450 tractavit
957 1401 1318 1464 (Recherches
1374 1417 1467 1451 sur

375 1470 456 1520 les
506 1470 700 1535 fragm.
748 1470 989 1519 d’Herou
1031 1486 1066 1535 p
1129 1471 1463 1538 159—165),

377 1539 644 1590 malumus
691 1540 781 1590 hic
829 1538 1107 1605 speculam
1159 1540 1465 1606 intelligere

378 1611 432 1659 in
458 1610 826 1674 promontorio
857 1614 1112 1671 erectam,
1153 1610 1295 1676 quod
1320 1626 1464 1660 nunc

377 1685 605 1728 vocatur
650 1678 877 1742 Abulcir,
936 1678 1092 1728 clade
1146 1679 1243 1729 illa
1290 1680 1462 1732 Gallis

377 1764 635 1813 perquam
676 1748 834 1798 fatali
871 1749 1100 1814 insigne.
1176 1750 1463 1800 Strabonis

378 1819 758 1870 auctoritatem
825 1819 1065 1883 praefert
1133 1819 1463 1882 Danvillius,

377 1887 651 1953 speculam
687 1887 930 1938 scribens
979 1887 1142 1938 hodie
1178 1904 1465 1953 superesse

375 1958 593 2008 nomine
628 1958 903 2024 Meyaizel.
990 1957 1148 2009 Conf.
1197 1958 1464 2009 Schlicht-

377 2027 549 2077 horst.
586 2026 624 2077 l.
661 2027 698 2078 l.
735 2043 865 2092 pag.
902 2027 990 2078 67.

446 2093 699 2160 λέγοντες
722 2088 787 2145 τὸ
815 2088 970 2161 παρὰ
992 2085 1291 2144 θάλασσαν
1313 2087 1462 2144 εἶναι

372 2158 553 2230 αὐτῆς
597 2163 759 2230 μέχρι
802 2161 1129 2230 Ταριχηϊῶν
1175 2162 1290 2213 τῶν
1341 2163 1461 2229 Πη-

375 2232 694 2285 λουσιακῶν
738 2250 791 2285 κ.
827 2235 892 2284 ’τ.
944 2234 1019 2299 L]
1079 2234 1287 2298 Scripsi
1336 2250 1458 2284 cum

376 2309 607 2355 recentt.
646 2304 770 2355 edd.
811 2320 840 2354 e
871 2304 1147 2355 Sancrofti
1181 2302 1319 2353 libro
1348 2304 1458 2353 Τα-

377 2372 618 2439 ριχηϊῶν
652 2390 750 2439 pro
786 2371 1117 2438 ταριχηϊιόν,
1154 2378 1208 2423 et
1241 2373 1365 2423 dein
1389 2369 1461 2438 τῇ

375 2439 448 2508 δὴ
485 2459 582 2508 pro
630 2444 780 2508 vulg.
819 2439 973 2509 τῇδε.
1047 2441 1279 2494 Bredov.
1328 2458 1460 2508 pag.

383 2515 483 2566 184
519 2512 644 2563 coll.
681 2514 784 2563 218
833 2512 997 2562 scribi
1033 2512 1153 2562 vult
1193 2512 1461 2578 Ταριχηϊ-

376 2581 484 2633 έων
539 2579 1000 2644 Πελουσιακὲων,
1056 2583 1201 2646 quod
1259 2582 1462 2646 recepit

375 2652 622 2704 Dietsch.
696 2652 900 2702 Contra
947 2652 1200 2701 Dindorf.
1276 2650 1458 2702 Praef.

375 2738 431 2787 p.
469 2722 608 2771 XIII
641 2722 710 2771 ob
741 2721 1074 2786 Stephanum
1097 2722 1462 2786 Byzantinum

378 2791 543 2856 (apud
564 2806 721 2857 quem
745 2791 1023 2841 iuvenitur
1053 2786 1316 2855 Ταριχέα,
1351 2790 1461 2838 Τα-

378 2858 584 2924 ριχέαι)
621 2861 840 2924 scripsit
876 2853 1194 2924 Ταριχεέων
1229 2865 1284 2909 et
1319 2859 1465 2909 infra

377 2931 466 2990 11,
506 2931 605 2982 113
647 2928 940 2996 Ταριχέας,
977 2945 1074 2993 pro
1102 2929 1251 2994 vulg.
1294 2928 1463 2992 Ταρι-

376 2997 548 3064 χείας,
623 3000 728 3049 uod
753 3000 810 3049 in
838 2998 1205 3050 Herodoteam
1237 3000 1462 3049 formam

381 3068 585 3134 Ταριχε
612 3082 679 3125 ας
704 3068 1021 3119 mutandum
1051 3084 1170 3118 esse
1191 3069 1321 3118 mihi
1344 3084 1464 3134 per-

378 3137 556 3187 suasit
601 3139 834 3190 Bredov.
875 3138 912 3188 1.
952 3137 990 3188 l.
1044 3137 1221 3203 Vulgo
1269 3139 1463 3188 scribi-

377 3213 466 3256 tur
507 3206 800 3272 Ταριχείαι
836 3207 931 3268 (cf.
965 3208 1146 3259 Strab.
1186 3208 1366 3259 XVII.
1404 3225 1459 3273 p.

377 3276 480 3327 834
515 3276 556 3325 C
606 3277 730 3326 coll.
777 3278 931 3327 XVI.
981 3293 1036 3342 p.
1082 3277 1183 3327 764
1218 3275 1326 3340 D);
1365 3277 1461 3328 sed

374 3347 438 3398 εἶ
464 3345 608 3411 apud
642 3346 982 3397 Herodotum
1027 3347 1084 3396 in
1134 3353 1198 3408 ηϊ
1232 3349 1464 3398 transire

375 3416 511 3467 satis
549 3420 786 3466 constat.
859 3417 962 3466 Est
1006 3431 1137 3466 vero
1183 3417 1318 3467 haec
1353 3418 1463 3467 He-

377 3485 555 3536 rodoti
570 3485 862 3535 sententia:
881 3485 1079 3548 „Iones
1094 3485 1297 3548 dicunt,
1313 3502 1462 3537 oram

375 3554 701 3605 maritimam
743 3556 859 3605 eius
887 3552 1147 3620 (Aegypti
1183 3570 1280 3617 sc.‚
1323 3571 1463 3620 quae

375 3640 484 3676 uuo
512 3629 727 3675 constet
757 3624 941 3690 Delta)
967 3640 1086 3675 esse
1111 3639 1155 3674 s.
1192 3626 1463 3689 pertinere

379 3710 414 3744 a
458 3694 644 3744 Persei
692 3693 915 3759 specula
963 3709 1134 3758 usque
1184 3695 1253 3744 ad
1305 3695 1463 3744 Tari-

379 3763 540 3814 cheas
594 3764 940 3827 Pelusiacas,
1015 3779 1125 3828 qua
1177 3765 1287 3814 sint
1342 3764 1460 3813 XL.

378 3832 625 3893 schoeni3
671 3849 706 3884 a
752 3835 887 3883 mari
933 3849 1060 3883 vero
1107 3834 1177 3883 ad
1215 3833 1465 3882 mediter-

375 3917 542 3954 ranea
587 3902 710 3953 loca
756 3902 1024 3967 pertinere
1067 3902 1217 3952 illam
1266 3901 1464 3966 (Aegy—

377 3977 524 4038 ptum
550 3972 669 4022 scil.
696 3972 815 4022 sive
836 3971 1022 4036 Delta)
1057 3987 1228 4036 usque
1252 3971 1320 4021 ad
1340 3971 1464 4021 Cer-

377 4056 624 4092 casorum
678 4042 892 4104 urbem3
948 4041 1185 4106 reliquas
1224 4041 1463 4106 Aegypti

375 4116 559 4177 partes
597 4113 673 4177 (s.
712 4127 852 4176 quae
898 4112 1007 4160 alia
1049 4110 1118 4160 ad
1154 4111 1463 4175 Aegyptum

375 4180 644 4245 pertinere
681 4181 846 4246 vulgo
892 4177 1205 4244 censentur)
1245 4185 1357 4230 tum
1392 4179 1463 4229 ad

373 4250 636 4314 Libyam,
695 4255 809 4300 tum
864 4250 934 4300 ad
983 4249 1243 4300 Arabiam
1301 4250 1464 4315 perti-

374 4321 563 4369 nere.“
637 4320 818 4385 Atque
852 4319 994 4371 hanc
1018 4320 1210 4369 Ionum
1251 4323 1464 4369 senten-

373 4390 506 4439 tiam
554 4405 655 4440 sua
705 4393 889 4440 aetate
942 4389 1136 4454 opinor
1183 4388 1462 4454 vulgatam

1572 772 1887 824 Herodotus
1914 776 2040 838 post
2061 771 2280 833 refellit,
2318 771 2569 838 quamvis
2605 770 2656 820 ei

1571 842 1899 909 adstipulari
1932 841 2186 893 videatur
2221 842 2318 906 IV,
2356 844 2444 903 45,
2479 855 2655 906 neque

1570 929 1715 964 vana
1750 917 1835 962 est
1860 913 2100 977 suspicio
2126 912 2412 962 Klausenii
2432 910 2526 972 (ad
2550 911 2656 960 He-

1571 984 1749 1033 cataei
1777 982 2025 1050 fragmm.
2058 997 2110 1046 p.
2140 977 2289 1042 128),
2313 981 2454 1030 hanc
2478 981 2655 1045 ipsam

1571 1053 1764 1103 Ionum
1812 1052 2140 1102 seutentiam
2200 1051 2270 1101 ad
2315 1051 2655 1100 Hecataeum

1567 1122 1909 1187 potissimum
1940 1122 2211 1186 pertinere
2234 1120 2572 1184 eundemque
2598 1120 2655 1168 in

1569 1193 1638 1241 iis
1656 1230 1669 1254 ,
1706 1207 1847 1257 quae
1870 1191 1937 1240 de
1956 1190 2117 1240 rebus
2143 1189 2520 1256 geographicis
2546 1195 2656 1238 sta-

1570 1266 1735 1311 tuunt
1782 1261 1971 1322 Iones,
2018 1260 2362 1324 potissimum
2398 1258 2654 1324 intelligi.

1574 1330 1731 1393 Quod
1767 1330 1837 1381 ad
1872 1330 2105 1395 Libyam
2149 1331 2375 1392 attinet,
2427 1344 2565 1394 quae
2602 1332 2656 1378 et

1568 1400 1671 1451 hoc
1706 1400 1829 1450 loco
1861 1399 2098 1450 Arabiae
2134 1400 2426 1465 opponitur
2452 1405 2507 1449 et
2532 1396 2655 1450 aliis

1568 1470 1758 1521 Nostri
1799 1469 1934 1520 locis
1982 1469 2052 1518 ab
2102 1470 2352 1535 Aegypto
2400 1468 2657 1518 discerni-

1569 1546 1681 1602 tur,
1738 1555 1877 1605 quae
1931 1539 2054 1604 ipsa
2098 1540 2168 1589 ab
2216 1538 2495 1589 Herodoto
2541 1538 2655 1604 qui-

1567 1610 1800 1659 busdam
1845 1609 1901 1658 in
1940 1608 2077 1659 locis
2115 1609 2326 1674 Libyae
2373 1608 2655 1658 accenseri

1566 1680 1806 1738 videtur3
1840 1683 2023 1728 monet
2043 1679 2227 1743 Heyse
2256 1680 2505 1741 Quaestt.
2542 1679 2655 1728 He-

1565 1748 1721 1799 rodd.
1758 1748 1807 1799 I.
1843 1764 1899 1813 p.
1948 1748 2046 1800 107
2087 1749 2293 1813 duplici
2344 1763 2509 1797 sensu
2545 1748 2653 1797 He-

1566 1819 1818 1868 rodotum
1846 1818 2057 1883 Libyae
2094 1832 2281 1868 vocem
2319 1817 2651 1879 adhibuisse,

1568 1893 1684 1937 tum
1730 1886 1941 1950 latiori,
1994 1902 2100 1953 quo
2143 1888 2211 1937 de
2258 1886 2403 1936 omni
2446 1886 2651 1949 Africa,

1568 1972 1731 2023 quam
1747 1972 1846 2006 nos
1874 1956 2121 2020 dicimus,
2146 1956 2505 2021 intelligatur,
2539 1961 2654 2006 tum

1565 2026 1816 2087 arctiori,
1854 2042 1960 2092 quo
2011 2028 2078 2076 de
2125 2042 2190 2076 ea
2226 2026 2446 2077 Africae
2495 2032 2654 2089 parte

1565 2096 1892 2161 accipiatur,
1931 2111 2072 2161 quae
2111 2096 2274 2146 etiam
2305 2096 2537 2160 posthac
2561 2096 2653 2145 Li-

1563 2166 1704 2232 byae
1740 2166 1954 2216 nomine
1989 2165 2153 2231 vulgo
2189 2164 2434 2215 indicata
2468 2166 2650 2228 fuerit,

1565 2234 1785 2286 exclusa
1805 2236 2072 2301 Aegypto,
2147 2236 2230 2286 De
2263 2236 2543 2286 Cercasoro
2575 2235 2650 2286 cf.

1563 2310 1700 2356 nott.
1733 2304 1802 2355 ad
1836 2304 1912 2366 11,
1958 2307 2042 2356 17.

1630 2372 1792 2440 μέχρι
1849 2372 2181 2439 Ταριχηῖῶν
2243 2371 2360 2424 τῶν
2427 2373 2652 2438 Πηλου-

1561 2441 1836 2563 ζζιῖκῗῦοιέἱε
1852 2445 2223 2580 &gargar-2131
2230 2459 2290 2563 οἳ
2294 2459 2412 2563 ἳιῐιῃαῗ
2416 2443 2608 2563 11111Ρέἓὲ
2612 2461 2653 2562 i:

1560 2587 1665 2632 tur.
1729 2582 2035 2632 Occurrunt
2061 2585 2343 2645 Canopicae
2376 2583 2653 2634 Tavia-heae

1561 2653 1704 2701 infra
1742 2652 1816 2714 11,
1857 2651 1972 2712 113,
2014 2652 2315 2702 Mendesius
2342 2658 2506 2716 atque
2532 2650 2653 2700 Sce-

1560 2723 1707 2771 nIcae
1743 2721 1887 2785 apud
1927 2721 2187 2785 Stephan.
2226 2722 2459 2785 Byzant.
2507 2737 2553 2771 s.
2593 2737 2647 2771 ν.

1561 2791 1626 2840 In
1669 2806 1798 2840 orae
1836 2791 2079 2855 Libycae
2117 2790 2649 2855 Carthaginiensium

1566 2860 1775 2910 ditione
1808 2859 1995 2909 itidem
2026 2867 2516 2911 commemorantur
2547 2860 2652 2911 Ta-

1565 2929 1768 2981 richeae
1837 2929 1981 2994 apud
2034 2930 2289 2982 Strabon.
2359 2932 2538 2982 XVII.
2595 2946 2647 2995 p.

1566 3000 1690 3050 834.
1778 2998 2056 3050 Tarichea
2108 3001 2409 3053 Pelusiacas
2461 3005 2652 3051 nostra

1564 3074 1750 3120 aetate
1783 3070 1971 3120 vocari
2001 3072 2288 3122 Al-Farma
2318 3087 2361 3121 s.
2403 3069 2651 3121 Far-ameh

1568 3155 1634 3189 ex
1670 3139 1946 3190 Danvillio
1981 3143 2169 3207 (Mem.
2209 3158 2265 3207 p.
2302 3141 2393 3204 97)
2422 3144 2651 3191 annotat

1567 3208 1983 3261 Schlichthorst.
2039 3211 2075 3261 1.
2124 3211 2159 3260 1.
2206 3228 2260 3276 p.
2306 3212 2392 3263 78.
2463 3211 2650 3276 Ipsum

1565 3294 1761 3330 nomen
1799 3295 1866 3330 ex
1906 3283 2181 3344 congestis
2225 3272 2500 3330 hom'inum
2537 3280 2651 3330 ani-

1564 3349 1853 3399 maliumve
1872 3349 2227 3399 cadaveribus
2242 3350 2508 3414 singulari
2519 3362 2650 3399 cura

1565 3418 1828 3479 conditis,
1889 3423 1950 3467 ut
1994 3418 2209 3468 ferebat
2256 3418 2648 3483 Aegyptiorum

1562 3503 1708 3550 moe,
1748 3488 1947 3551 repetit
1982 3488 2404 3552 Wesselingius,
2447 3486 2515 3536 ad
2550 3487 2650 3536 Ae-

1562 3556 1766 3618 lianum
1804 3571 2109 3621 provocans
2155 3557 2225 3606 N.
2266 3557 2329 3606 A.
2380 3557 2447 3618 X,
2491 3555 2559 3606 29
2596 3559 2651 3605 et

1562 3626 1861 3674 Diodorum
1894 3623 2135 3676 Siculum
2171 3625 2216 3687 Ι,
2253 3625 2347 3684 91ς
2385 3624 2650 3674 Cellarius

1566 3709 1632 3743 ex
1668 3694 1897 3759 piscium
1934 3699 2265 3752 mercatura,
2316 3694 2408 3759 qui
2446 3694 2554 3743 illis
2592 3694 2649 3742 in

1563 3763 1698 3813 locis
1737 3763 1939 3826 fuerint
1960 3763 2184 3813 conditi.
2257 3765 2341 3814 Tu
2360 3764 2472 3813 vid.
2502 3764 2651 3814 Stra-

1565 3833 1692 3882 bou.
1733 3832 1884 3883 XVI.
1922 3848 1974 3897 p.
2017 3833 2150 3884 1109
2186 3849 2231 3883 S.
2260 3833 2382 3896 764,
2419 3837 2474 3882 et
2510 3848 2650 3897 quae

1567 3902 1637 3951 ad
1655 3901 1709 3951 h.
1728 3901 1767 3951 l.
1791 3901 2087 3966 adscripsit
2102 3902 2383 3952 Iablonsk.
2411 3901 2648 3968 Opuscc.

1566 3972 1613 4021 1.
1649 3987 1701 4036 p.
1755 3969 1875 4022 302.
1949 3972 1995 4021 E
2032 3972 2301 4037 piscibus,
2349 3973 2439 4038 qui
2473 3973 2528 4022 in
2563 3972 2649 4022 his

1565 4041 1876 4105 regionibus
1901 4056 2099 4106 magna
2119 4043 2274 4107 copia
2299 4042 2422 4107 capi
2448 4047 2503 4092 et
2526 4058 2651 4093 con-

1567 4109 1669 4159 diri
1706 4110 1982 4170 solebant,
2022 4111 2142 4162 loco
2169 4127 2366 4162 nomen
2403 4128 2522 4163 esse
2559 4111 2651 4161 da-

1566 4184 1680 4229 tum
1717 4180 1809 4229 vix
1852 4180 2092 4231 dubium.
2166 4181 2385 4232 Etenim
2417 4183 2650 4247 piscium

1566 4248 1852 4300 maximam
1911 4251 2123 4314 copiam
2186 4267 2280 4317 per
2339 4251 2649 4318 Aegyptum

1567 4319 1735 4369 fuisse
1788 4319 1909 4384 ipsa
1954 4325 2304 4371 monumenta
2349 4320 2648 4384 declarant,

1564 4403 1705 4454 quae
1744 4389 1903 4440 varia
1952 4390 2275 4455 piscationis
2325 4405 2527 4454 genera
2561 4406 2649 4441 ex-
