3109 5092
1216 390 1474 453 C'LIO.
1516 392 1568 452 Ι.
1611 401 1699 457 65.

2477 398 2589 458 141

312 570 409 633 oc
442 564 569 653 μὲν
609 563 697 654 δή
738 592 918 645 τινες
958 562 1125 654 πρὸς
1161 564 1459 635 τούτοισι
1500 567 1773 652 λέγουσι
1811 567 1924 635 καὶ
1963 565 2219 657 φράσαι
2260 567 2444 663 αὐτῷ
2471 569 2598 660 τὴν

310 675 596 756 Πυθίην
636 665 759 738 τὸν
785 674 917 738 νῦν
956 674 1370 737 κατεστεῶτα
1408 667 1662 758 κόσμον
1693 669 2176 758 Σπαρτιήτῃσι.
2234 668 2323 753 ὥς
2361 670 2424 741 δ’
2469 671 2593 743 αὖ·

308 772 415 840 τοὶ
442 772 968 861 Λακεδαιμόνιοι
1008 773 1313 858 λέγουσι,
1356 777 1762 862 Λυκοῦργον
1801 773 2376 862 ἐπιτροπεύσαντα
2404 785 2593 845 Λεω-

310 970 439 1022 ideo
490 972 768 1024 meliorem
814 972 1075 1025 librorum
1117 972 1407 1023 lectionem

313 1041 565 1092 deserere
596 1043 776 1094 visum
810 1049 914 1094 est.

312 1140 319 1147 -
386 1102 509 1160 ἀλλ’
549 1106 629 1161 ἔτι
666 1109 764 1163 καὶ
797 1109 1046 1194 μᾶλλρνΙ
1075 1111 1142 1161 In
1176 1110 1407 1161 Diodori

311 1181 599 1246 Excerptt.
632 1181 875 1263 legitur.
918 1173 1059 1231 ἄλλα
1112 1173 1260 1230 θεὸν
1308 1175 1407 1229 καὶ

319 1247 536 1313 μᾶλλον
569 1242 649 1300 ἔτ’
683 1250 880 1316 οἴομαι
915 1282 1003 1300 -.
1038 1252 1122 1301 De
1154 1265 1259 1299 usn
1285 1264 1407 1315 par-

315 1317 521 1369 ticulae
556 1317 653 1370 καὶ
698 1316 838 1385 (καὶ
882 1318 1117 1386 μᾶλλον)
1164 1335 1274 1369 non
1318 1334 1406 1369 co·

312 1387 563 1453 pulativa
608 1390 705 1444 sed
753 1389 1029 1440 intensiva
1071 1389 1157 1440 Cr.
1212 1388 1404 1438 laudat

312 1457 595 1510 Schaefer.
617 1459 687 1511 ad
710 1460 942 1526 Dionys.
961 1457 1142 1509 Halic.
1166 1457 1235 1508 de
1258 1473 1405 1508 com-

312 1542 436 1593 pos.
474 1528 663 1580 vei-bb.
711 1545 766 1594 p.
804 1528 926 1581 333.
998 1527 1091 1579 Sic
1134 1524 1230 1576 καὶ
1267 1525 1404 1591 μᾶλ-

311 1597 418 1645 λον
467 1597 551 1676 11,
599 1599 687 1649 43.
746 1593 842 1648 καὶ
889 1589 1040 1663 μάλα
1091 1597 1232 1659 VII,
1283 1596 1402 1648 186.

310 1661 410 1714 καὶ
443 1658 601 1715 πάνυ
627 1666 874 1733 Thucyd.
915 1667 960 1731 1,
986 1666 1038 1719 3.
1079 1667 1194 1731 VI,
1214 1634 1298 1728 17,
1336 1680 1406 1716 ne

356 1735 497 1785 lura.

316 1751 354 1800 p
387 1796 449 1852 οἰ
492 1796 598 1868 μὲν
642 1796 717 1868 δή
760 1818 910 1861 τινες
959 1794 1107 1866 πρὸς
1151 1793 1407 1851 τούτοισι

311 1870 563 1938 λέγουσι]
609 1873 800 1923 Refert
845 1872 1046 1924 Strabo
1090 1872 1239 1923 XVI.
1275 1886 1403 1936 pag.

313 1942 441 1992 762.
478 1957 524 1993 s.
575 1957 703 2007 pag.
757 1942 891 1993 1105
939 1943 1000 1993 C.
1047 1943 1117 1992 D.
1170 1956 1291 1991 eam
1326 1940 1447 2003 ῆι.

313 2026 478 2075 mam,
513 2013 919 2078 quaLycurgus
947 2028 982 2061 a
1016 2011 1218 2077 Pythia
1252 2025 1406 2060 acce-

310 2081 455 2146 perit
470 2118 484 2144 ,
548 2096 687 2147 quae
757 2081 882 2131 dein
952 2080 1403 2131 Lacedaemoniis

311 2150 572 2212 edixerit,
620 2151 820 2201 Minois
870 2150 1213 2200 Cretensium
1256 2148 1403 2213 regis

314 2219 409 2269 ille
444 2220 664 2284 quidem
697 2219 961 2270 aemulus.
1001 2219 1162 2270 Unde
1192 2217 1287 2268 alii
1322 2216 1428 2278 ᾶίε

312 2290 531 2352 cebant,
569 2305 635 2339 ex
669 2289 792 2354 ipsa
835 2289 1000 2339 Creta
1034 2287 1214 2339 insula
1255 2286 1404 2352 leges

311 2358 763 2409 Lacedaemoniis
798 2357 1048 2408 attulisse
1066 2358 1376 2423 Lycurgum
1391 2371 1404 2415 ς

313 2429 372 2477 in
406 2442 570 2492 qnam
607 2428 935 2477 sententiam
969 2427 1113 2476 idem
1160 2426 1405 2490 disputat

314 2497 516 2548 Strabo
553 2503 610 2547 et
641 2498 736 2561 qui
772 2497 841 2547 ab
878 2511 943 2546 co
986 2497 1188 2546 citatur
1226 2494 1406 2559 Epho-

312 2581 408 2616 rus
443 2567 514 2618 X.
553 2583 607 2632 p.
643 2566 763 2617 735.
801 2564 1034 2633 (Ephori
1068 2565 1318 2630 fragmm.
1346 2579 1401 2628 p.

317 2636 419 2687 165
454 2650 607 2702 seqq.
654 2634 755 2685 173
782 2650 899 2700 seq.
943 2634 1029 2686 ed.
1068 2635 1242 2684 Marx.
1277 2632 1402 2683 coll.

313 2704 377 2755 C.
433 2704 502 2755 Ο.
545 2703 794 2756 Mueller.
839 2705 1003 2755 Dorr.
1046 2703 1125 2755 11.
1173 2718 1300 2768 pag.
1339 2700 1407 2752 16

312 2775 518 2840 seqq.).
567 2776 811 2839 Namque
855 2772 1106 2838 Ephorus
1151 2773 1256 2822 hoc
1301 2771 1408 2821 sibi

311 2847 699 2909 proposuerat,
742 2848 805 2892 ut
858 2842 1089 2907 plurima
1132 2840 1408 2893 Lacedae-

312 2914 621 2964 moniorum
667 2912 925 2962 instituta
972 2927 1007 2961 a
1054 2910 1405 2961 Cretensibus

312 2977 614 3103 ffiqtlenda
632 2982 1088 3101 Ξηοένίιιοοτοτ.
1110 2981 1270 3099 'Etut
1291 2983 1408 3099 ἕεῖ,

492 3067 753 3102 mvien
820 3065 937 3100 rm
982 3064 1363 3100 eosiiinu

314 3123 455 3172 sisse
491 3121 943 3181 Lacedaemonii,
982 3119 1126 3184 qnod
1166 3120 1407 3184 ipsorum

312 3190 465 3256 leges
506 3205 572 3240 ex
608 3189 839 3255 Pythico
876 3188 1099 3239 oraculo
1125 3188 1408 3252 profectae

315 3265 530 3320 essent,
584 3259 639 3308 in
685 3258 828 3308 hunc
870 3257 1007 3307 adeo
1055 3258 1273 3308 modum
1319 3256 1409 3306 de-

314 3331 577 3394 scriptae,
603 3334 663 3377 ut
700 3327 1040 3378 oraculorum
1077 3326 1303 3376 formam
1327 3340 1410 3375 re-

314 3398 602 3448 tinuerint.
646 3396 791 3458 Quin
821 3400 1273 3446 commemoratur
1294 3411 1410 3445 ma-

314 3468 584 3534 gistratus
622 3466 915 3530 Pythiorum
962 3473 1206 3531 quatuor,
1249 3465 1342 3530 qui
1376 3479 1410 3513 a

313 3552 444 3602 rege
461 3534 739 3600 designati
763 3534 986 3585 oracula
997 3534 1233 3600 Pythica
1249 3535 1410 3599 Spar-

313 3611 431 3656 tam
466 3605 688 3669 integra
721 3603 1006 3655 referrent.
1044 3603 1169 3654 Vid.
1210 3604 1306 3667 VI,
1341 3602 1408 3654 57

315 3675 450 3740 ibiq.
487 3676 632 3723 nott.
699 3672 861 3723 Unde
902 3674 1135 3738 probare
1177 3675 1411 3722 'conatur

316 3744 379 3795 C.
432 3743 501 3793 Ο.
547 3741 792 3792 Mueller.
843 3740 920 3807 (p.
972 3743 1037 3793 17
1075 3757 1189 3806 seq.
1241 3739 1280 3792 l.
1326 3740 1409 3805 l.),

313 3812 419 3863 hoc
454 3811 736 3863 oraculum
782 3812 1073 3862 universae
1118 3812 1412 3876 Spartano—

315 3897 435 3932 rum
474 3881 556 3931 rei
605 3880 858 3946 publicae
897 3879 1133 3930 tuendae
1178 3879 1414 3945 legibus-

317 3966 425 4016 que
460 3949 746 4001 servandis
773 3949 933 4014 quasi
963 3949 1286 4013 praefuisse.
1326 3947 1413 3996 Tu

316 4020 430 4069 vid.
481 4034 627 4084 quae
672 4018 831 4068 affert
876 4017 941 4069 C.
984 4019 1050 4069 F.
1105 4019 1407 4068 Hermann.

316 4088 540 4140 Griech.
588 4086 1003 4139 Staatsalterth.
1051 4090 1102 4149 §-
1143 4085 1230 4137 23.
1268 4088 1410 4135 nott.

321 4159 407 4209 11.
446 4162 503 4207 et
540 4156 639 4207 Ch.
661 4156 727 4207 F.
759 4155 1012 4205 Wilster:
1050 4156 1135 4205 De
1169 4154 1324 4219 relig.
1357 4157 1412 4203 et

315 4226 524 4278 oracul.
565 4224 740 4289 Apoll.
784 4223 980 4288 Delph.
1018 4220 1221 4286 (Havn.
1260 4221 1409 4287 1827)

312 4297 379 4347 Ρ.
423 4295 472 4346 Ῐ.
523 4297 576 4358 9.
623 4294 711 4344 34.
758 4309 813 4358 p.
861 4294 932 4345 79
977 4307 1130 4358 seqq.
1181 4290 1306 4342 coll.
1342 4292 1409 4342 F.

315 4363 718 4429 Stiefelhagen:
742 4363 828 4413 De
853 4362 1059 4412 oracul.
1082 4360 1259 4426 Apoll.
1284 4359 1411 4410 Del-

314 4434 461 4498 phic.
498 4433 700 4497 (Bonn.
742 4430 898 4497 1848)
948 4447 1003 4495 p.
1044 4430 1113 4481 35
1150 4444 1299 4495 seqq.
1341 4459 1410 4469 —-

1496 4086 1683 4134 'tuerit
1723 4085 2034 4149 Lycurgus.

1512 974 1636 1037 „De
1679 974 1932 1040 Lycurgo
1978 978 2238 1040 tanquam
2297 976 2418 1025 viro
2475 990 2599 1041 pru—

1511 1042 1674 1093 dente
1696 1048 1754 1092 et
1791 1044 1879 1093 cui
1903 1044 2088 1109 Scipio
2105 1045 2397 1094 Africanus
2425 1045 2599 1095 maior

1508 1113 1702 1162 similis
1749 1113 1913 1163 fuerit
1949 1114 2006 1163 in
2043 1113 2239 1164 callide
2272 1114 2599 1179 usurpandis

1509 1182 1774 1246 oraculis,
1823 1184 2073 1246 somniis,
2127 1184 2182 1233 id
2236 1199 2407 1249 genus
2455 1184 2596 1247 aliis,

1507 1252 1769 1302 iudicium
1806 1252 1943 1302 facit
1974 1253 2237 1317 Polybius
2273 1254 2341 1315 X,
2378 1256 2430 1304 2.
2469 1270 2597 1319 pag.

1512 1321 1675 1469 {33:⁴⁴
1651 1321 1737 1372 ed.
1777 1321 2083 1439 8οὶιννοί31ι.
2123 1323 2246 1374 coll.
2280 1323 2348 1386 X,
2380 1325 2429 1374 5.
2468 1339 2596 1389 pag.

1574 1452 1678 1509 τὸν
1737 1456 1847 1509 νῦν
1906 1457 2252 1510 κατεστεῶτα
2317 1454 2597 1541 κόσμον]

1505 1529 1714 1580 Eodem
1748 1544 1911 1579 sensu
1946 1529 2235 1587 πολιτείας
2267 1525 2487 1597 κόσμον
2522 1532 2601 1582 di-

1507 1599 1587 1649 cit
1623 1598 1782 1648 Plato
1821 1600 1993 1664 Legg.
2033 1599 2131 1649 VI.
2175 1601 2324 1662 init,
2369 1617 2469 1651 nec
2505 1601 2601 1652 ali·

1506 1674 1592 1720 ter
1620 1668 1954 1733 Pythagorei
1987 1667 2233 1719 homines
2267 1663 2487 1734 κόσμον
2534 1671 2602 1721 de

1508 1739 1591 1788 rei
1639 1737 1893 1802 publicae
1929 1737 2120 1800 forma,
2157 1740 2476 1803 praesertim
2515 1755 2599 1802 ea,

1509 1822 1649 1873 quae
1683 1807 1823 1856 bene
1853 1806 2155 1856 constituta
2198 1814 2286 1858 est
2330 1814 2427 1858 aut
2476 1824 2601 1858 con·

1508 1875 1666 1927 stitui
1705 1875 1884 1938 debet,
1922 1881 2209 1940 usurpant.
2246 1877 2390 1928 Add.
2428 1877 2489 1926 C.
2530 1879 2597 1928 Ο.
2645 1882 2662 1891 “

1507 1944 1754 1997 Mueller.
1792 1945 1926 1994 Dor.
1969 1944 2046 1994 11.
2085 1960 2140 2009 p.
2180 1946 2231 1997 6.
2281 1951 2337 1996 et
2370 1946 2602 1997 Krische

1505 2016 1592 2065 De
1637 2028 1805 2077 scopo
1857 2012 2067 2077 politic.
2116 2016 2370 2066 societat.
2421 2032 2474 2080 p.
2511 2016 2601 2067 59.

1508 2084 1700 2134 Cicero
1747 2082 1946 2132 Latine
1990 2081 2228 2134 reddidit
2276 2093 2503 2135 ornatum
2544 2086 2603 2134 in

1504 2153 1660 2219 libro,
1692 2151 1759 2201 de
1793 2152 1884 2201 Re
1932 2151 2079 2216 publ.
2122 2152 2169 2216 I,
2220 2156 2330 2218 28,
2355 2153 2447 2203 ubi
2485 2154 2599 2205 vid.

1507 2221 1764 2273 Oreuzeri
1797 2224 1855 2270 et
1888 2220 2090 2271 Moseri
2126 2228 2373 2275 annotat.
2402 2239 2458 2288 p.
2478 2224 2600 2275 115.

1578 2283 1655 2349 ὥς
1702 2283 1758 2339 δ’
1812 2281 1980 2339 αὐτοὶ
2027 2285 2470 2358 Λακεδαιμόνιοι
2516 2290 2601 2342 λέ-

1503 2372 1668 2424 γουσι
1713 2374 1765 2409 κ.
1814 2373 1864 2408 τ.
1915 2358 1988 2425 λ.]
2046 2361 2133 2412 De
2191 2363 2601 2414 constructione

1506 2430 1768 2479 monitum
1808 2427 1879 2478 ad
1917 2427 1963 2487 Ι,
2002 2429 2089 2480 58.

1576 2495 1917 2561 Λυκοῦργον
1937 2489 2429 2563 ἐπιτροπεύσαντα
2450 2499 2601 2559 Λεω-

1507 2560 1714 2645 βαίτεω,
1700 2512 2098 2684 ,ἆδελιῖιδέου
2106 2561 2212 2631 μὲν
2232 2556 2472 2627 ἑωυτοῦ,
2501 2564 2601 2645 βα-

1506 2628 1882 2691 σιλεύοντοςδ
1923 2632 2348 2699 Σπαρτιητέων,
2373 2627 2501 2683 &wls
2447 2628 2618 2698 Κρή-·

1504 2719 1607 2767 της
1640 2695 1958 2768 ἀγαγέσθαι
1995 2702 2194 2769 ταῦτα]
2233 2705 2300 2755 In
2336 2703 2420 2753 his
2464 2701 2602 2753 nihil

1502 2772 1632 2823 libri
1668 2773 1915 2835 variant,
1964 2772 2071 2823 nisi
2121 2773 2265 2838 quod
2314 2788 2412 2837 pro
2449 2772 2601 2821 Λεω-
2675 2772 2683 2781 ’

1504 2834 1693 2911 βῶτεω
1742 2841 1922 2924 plures
1970 2841 2245 2892 exhibent·
2273 2834 2598 2910 Λεωβᾶτεω.

1504 2913 1588 2962 Eo
1649 2911 1824 2961 maior
1878 2912 1935 2961 in
1982 2927 2042 2962 re
2102 2913 2225 2977 ipsa
2281 2910 2599 2962 difficultas.

1504 2980 1760 3045 Plerique
1813 2981 1954 3031 enim
2009 2980 2106 3031 alii
2166 2982 2487 3048 scriptores,
2534 2980 2601 3030 de

1507 3050 1705 3116 quibus
1743 3050 1860 3102 vid.
1895 3050 2194 3101 Meursium
2229 3050 2287 3100 in
2305 3051 2603 3117 Regn.La-

1508 3135 1632 3170 con.
1668 3120 1720 3171 9.
1761 3119 1993 3175 Miscell.
2014 3121 2220 3171 Lacon.
2260 3121 2338 3183 11,
2377 3124 2428 3183 5,
2469 3121 2602 3171 Cha·

1506 3191 1675 3239 rt'llum
1709 3189 2020 3249 nominant3
2074 3190 2227 3241 cuius
2257 3189 2503 3251 tutelam,
2540 3191 2602 3238 ut

1510 3257 1697 3308 fratris
1720 3258 2052 3323 Polydectae
2070 3258 2185 3321 filii,
2200 3260 2485 3325 Lycurgus
2508 3258 2604 3307 ad-

1509 3328 1924 3378 ministraverit.
1963 3328 2192 3378 Accedit
2223 3327 2368 3393 quod
2393 3326 2603 3387 Lcobo-

1510 3402 1600 3447 tas
1624 3412 1655 3447 e
1685 3397 1837 3462 regia
1865 3396 2394 3460 Eurysthenidarum
2414 3398 2602 3458 stirpe,

1511 3467 1799 3531 Lycurgus
1822 3480 1971 3527 vero,
1988 3466 2223 3514 Eunomi
2245 3464 2391 3514 filius
2419 3463 2603 3529 (cuius

1512 3538 1742 3585 stemma
1775 3532 1887 3583 vid.
1927 3532 2070 3597 apud
2091 3534 2266 3582 Marx.
2306 3531 2376 3581 ad
2399 3530 2604 3595 Ephori

1512 3604 1712 3668 fragm.
1749 3618 1803 3666 p.
1848 3602 1909 3651 17
1914 3602 1989 3665 4),
2026 3599 2281 3651 Proclida
2319 3600 2443 3651 fuit.
2486 3599 2603 3650 Nec

1513 3672 1772 3723 convenit
1817 3669 2049 3735 denique
2093 3673 2397 3734 temporum
2443 3668 2603 3730 ratio,

1513 3756 1678 3806 quum
1714 3744 1930 3790 centum
1967 3738 2080 3788 fere
2115 3739 2243 3788 anni
2292 3740 2434 3788 inter
2466 3739 2606 3788 Leo-

1511 3811 1678 3860 botae
1715 3807 1922 3858 obitum
1957 3812 2013 3857 et
2025 3807 2266 3873 Lycurgi
2301 3807 2606 3874 legislatio—

1513 3893 1637 3928 nem
1689 3876 2025 3927 intercedere
2080 3876 2358 3943 dicantur3
2418 3877 2498 3927 ita
2542 3880 2605 3925 ut

1513 3947 1763 3998 Leobota
1798 3946 2041 4011 adeoque
2079 3946 2195 3996 eius
2231 3945 2603 4011 fllioDorysso

1516 4020 1779 4081 regnante
1802 4030 1882 4069 ne
1916 4019 2082 4065 natus
2119 4015 2336 4080 quidem
2367 4030 2488 4066 esse
2514 4030 2607 4078 po-

2084 4084 2427 4135 Marshamus
2445 4123 2458 4146 ‚
2499 4097 2605 4148 quo

1512 4154 1853 4204 Herodotum
1899 4154 2298 4218 quodammodo
2353 4152 2606 4203 concilia·

1512 4227 1599 4271 ret
1635 4238 1755 4272 cum
1793 4222 2123 4287 reliquorum
2168 4223 2490 4287 scriptorum
2527 4224 2607 4269 te-

1513 4292 1813 4354 stimoniis,
1867 4297 2080 4342 mutata
2132 4306 2326 4340 vocum
2363 4287 2607 4339 Herodo-

1514 4365 1725 4410 tearum
1759 4360 1890 4410 sede
1927 4360 2033 4410 le
2073 4358 2220 4408 vult.
2269 4349 2604 4421 ἐπιτροπεύ-

1513 4440 1693 4478 σαντα
1726 4420 1972 4491 ἆὸελφιδ
2001 4441 2070 4475 ου
2104 4419 2209 4489 μὲν
2244 4419 2476 4487 ἑωυτοῦ,
2507 4421 2606 4490 βα-
