3109 5092
1187 342 1684 404 EUTERPE.
1728 341 1814 400 II.
1856 349 1945 404 61.
2580 340 2702 404 565

424 521 671 602 ταμίην
696 518 979 583 ποιεῦσι.
1054 512 1260 585 ἐπεὰν
1289 511 1766 598 (ἵε-ἀπίκωνται
1799 519 1866 596 ἐς
1891 512 2017 604 τὴν
2050 513 2463 604 Βούβαστιν,
2501 510 2699 605 ὁρτά-

428 625 612 701 ζουσι
630 668 649 702 ,
691 615 983 705 μεγάλας
1021 613 1384 706 ἀνάγοντες
1409 626 1690 697 θυσίας·
1745 620 1856 687 καὶ
1897 616 2080 699 οἶνος
2105 615 2467 706 ἀμπέλινος
2508 614 2697 688 ἄναι-

427 725 738 809 σιμοῦται
778 721 985 790 πλέον
1022 724 1099 789 ἐν
1132 727 1215 810 τῇ
1253 716 1420 810 ὁρτῇ
1455 721 1664 809 ταύτῃ
1702 716 1744 810 ἢ
1783 725 1861 792 ἐν
1897 725 1990 813 τῷ
2017 717 2262 790 ἅπαντι
2297 724 2585 813 ἐνιαυτῷ
2612 725 2707 813 τῷ

430 828 778 916 ἐπιλοίπῳ.
884 827 1335 913 συμφοιτέωσι
1379 824 1488 910 δὲ,
1544 820 1584 894 ὅ
1619 851 1682 892 τι
1727 820 1900 913 ἀνὴρ
1937 825 2049 893 καὶ
2088 817 2265 913 γυνή
2307 828 2477 907 ἐστι,
2529 820 2706 910 πλὴν

432 931 759 1010 παιδίων,
807 927 920 995 καὶ
948 931 1015 1006 ἐς
1058 926 1515 1016 ἑβδομήκοντα
1553 927 1923 1016 μυριάδας,
1981 921 2070 1006 ὥς
2104 930 2176 995 οἰ
2206 926 2549 1015 ἐπιχώριοι
2589 928 2698 995 λε’-

431 1048 646 1117 γουσι.
728 1034 938 1097 ταῦτα
982 1029 1109 1118 μὲν
1150 1027 1233 1119 δὴ
1278 1029 1488 1119 ταύτῃ
1529 1032 1845 1100 ποιέεται.

1945 1024 2055 1098 Ἐν
2100 1029 2177 1098 δὲ
2218 1034 2498 1117 Βουσίρι
2545 1025 2698 1097 πόλι
2716 1030 2795 1095 61

432 1127 520 1212 ὥς
548 1127 870 1219 ἀνάγουσι
897 1135 981 1219 τῇ
999 1129 1120 1200 ’Ἰσι
1148 1129 1274 1221 τὴν
1296 1129 1534 1222 ὁρτὴν,
1578 1143 1835 1222 εἴρηται
1865 1129 2191 1221 πρότερόν
2218 1160 2351 1219 μοι.
2407 1129 2697 1200 τύπτον-

427 1262 536 1304 ται
569 1234 696 1323 μὲν
732 1232 863 1322 γὰρ
900 1234 983 1324 δὴ
1023 1232 1189 1323 μετὰ
1231 1234 1354 1323 τὴν
1387 1242 1643 1324 θυσίην
1678 1233 1922 1314 πάντες
1950 1235 2061 1302 καὶ
2097 1239 2339 1318 πᾶσαι,
2382 1230 2705 1321 μυριάδες

426 1402 602 1453 vicem
635 1402 946 1462 incessunt,
990 1400 1115 1452 aliis
1154 1401 1394 1452 eiusdem
1431 1417 1523 1467 ge-

428 1472 575 1522 neris
611 1472 795 1522 iocose
819 1471 982 1522 dictis
1018 1476 1072 1521 et
1094 1472 1331 1537 peractis
1364 1486 1521 1520 enar-

428 1545 648 1603 rantur,
723 1540 1049 1606 Aegyptiam
1122 1540 1518 1605 quodammodo

428 1611 667 1677 produnt
710 1611 991 1675 originem.
1073 1609 1240 1660 Addit
1290 1610 1522 1661 Oreuze-

428 1695 547 1731 rus:
595 1679 988 1743 „Quin‘hodie
1035 1678 1172 1728 talia
1215 1695 1283 1729 ac
1318 1679 1521 1729 similia

428 1751 485 1799 in
512 1748 765 1815 Aegypto
803 1747 945 1811 fieri,
985 1748 1135 1798 docti
1159 1747 1303 1799 Galli
1339 1748 1521 1798 obser-

429 1822 581 1869 vant.
651 1816 779 1868 Vid.
829 1818 1105 1880 Descript.
1146 1815 1212 1867 de
1250 1817 1396 1883 l'Eg.
1440 1817 1519 1869 11.

431 1886 707 1955 (Thebes)
755 1903 809 1952 p.
850 1887 914 1937 51
966 1885 1093 1937 coll.
1142 1902 1195 1951 p.
1235 1876 1520 1938 383.“⁰-

428 1953 830 2020 συμφοιτέωσι,
874 1955 1018 2023 quod
1039 1953 1391 2006 Florentinus
1428 1956 1520 2007 ob-

429 2025 588 2088 tulit,
643 2025 866 2089 reliqui;
921 2024 1157 2076 Bredov.
1218 2020 1522 2088 συμφοιτὲ-

431 2108 587 2156 ουσι;
615 2095 687 2145 cf.
719 2093 790 2144 ad
818 2094 893 2158 11,
920 2096 1008 2145 22.
1038 2094 1124 2145 50.
1173 2093 1352 2159 Vulgo
1380 2107 1518 2157 συμ-

430 2161 1516 2292 ⁹⁰:23³&÷.32⁰3.E}3522¹;³⁰3.;5;{¹²2¹3·

428 2317 522 2351 ται
555 2316 608 2421 ιἹι.
647 2317 678 2350 τ
733 2299 808 2367 L]
855 2299 983 2352 Vid.
1033 2304 1149 2353 not.
1199 2300 1270 2351 ad
1318 2247 1415 2365 11⁶:
1452 2301 1518 2353 37

431 2376 488 2422 et
523 2373 555 2421 7
596 2407 609 2420 .

818 2540 949 2591 Cu.
984 2540 1131 2591 LXI.

500 2642 722 2707 εἴρηται
769 2634 1053 2708 πρότερόν
1099 2641 1221 2707 μοι]
1277 2640 1402 2693 Vid.
1442 2642 1518 2704 11,

430 2716 500 2765 40
533 2714 719 2779 ibique
757 2728 791 2763 a
823 2712 981 2763 nobis
1006 2716 1231 2773 notata,
1281 2715 1337 2762 et
1373 2712 1520 2762 conf.

429 2785 502 2836 ad
537 2784 623 2847 11,
678 2781 748 2834 59
788 2781 856 2832 de
899 2781 1033 2832 urbe
1078 2781 1264 2832 Busiri
1305 2784 1518 2832 notata.

430 2854 547 2904 Iam
585 2853 721 2903 satis
765 2855 958 2916 patere
994 2850 1186 2912 cred0,
1235 2849 1406 2900 hocce
1444 2850 1522 2900 fe·

431 2927 600 2983 stum,
640 2921 785 2987 quod
818 2920 1090 2971 Busiridis
1123 2921 1182 2970 in
1209 2920 1343 2970 urbe
1384 2919 1520 2969 Isidi

430 2992 737 3057 peragitur,
796 3005 919 3040 esse
962 2989 1278 3040 institutum
1324 2990 1383 3038 in
1427 2988 1521 3039 ho-

432 3076 617 3112 norem
667 3060 818 3110 caesi
865 3058 1127 3119 Osiridis3
1183 3074 1289 3124 quo
1343 3059 1519 3122 ipsum

431 3130 581 3180 urbis
624 3144 850 3190 nomen,
908 3127 1394 3193 quomodocunque
1430 3143 1521 3178 ex-

427 3199 737 3266 plicaveris,
757 3197 861 3248 erit
881 3197 1223 3249 referendum
1244 3196 1386 3261 (vid.
1402 3201 1517 3248 not.

429 3268 501 3319 ad
537 3268 623 3332 11,
664 3264 781 3329 59).
866 3266 1043 3317 Osiris
1086 3282 1218 3317 vero
1262 3282 1385 3316 cum
1429 3265 1521 3317 do-

429 3338 594 3388 mitor
626 3337 787 3387 bovis
834 3341 889 3387 et
923 3340 1111 3386 arator
1145 3336 1303 3400 quasi
1340 3335 1523 3400 primi-

431 3408 622 3474 genius
669 3405 987 3467 haberetur,
1039 3409 1096 3454 et
1134 3404 1361 3454 huiusce
1405 3405 1521 3454 ani-

431 3476 591 3527 malis
636 3475 817 3539 capite
858 3473 948 3525 vel
997 3474 1233 3534 exuviis,
1289 3472 1521 3538 aliisque

431 3546 502 3598 ad
521 3545 911 3610 agriculturam
931 3543 1328 3609 pertinentibus
1347 3542 1520 3606 signis

432 3620 658 3666 ornatus
695 3616 1224 3679 repraesentaretur,
1275 3610 1402 3660 inde
1433 3626 1518 3661 sa-

430 3687 503 3736 tis
559 3682 901 3749 explicantur
960 3683 1099 3733 ritus
1152 3681 1311 3730 huius
1370 3680 1517 3742 festi,

431 3752 619 3821 quales
665 3753 957 3803 memoriae
1000 3751 1304 3815 produntur
1341 3763 1375 3798 a
1409 3750 1519 3799 No·-

432 3828 548 3880 stro
579 3822 658 3885 11,
690 3822 777 3883 40,
815 3822 910 3872 ubi
945 3820 1059 3872 vid.
1093 3823 1210 3870 not.
1280 3818 1519 3869 Ferebat

432 3896 614 3943 autem
674 3891 822 3940 fama
868 3889 1102 3941 Osiridis
1161 3905 1195 3937 a
1251 3887 1519 3952 Typhone

432 3962 581 4013 caesi
615 3961 856 4010 membra
892 3960 964 4009 ab
989 3958 1138 4009 Iside
1174 3956 1424 4018 collecta,
1458 3957 1517 4007 in

431 4032 626 4082 bovem
674 4029 915 4093 lign'eum
960 4029 1238 4088 coniecta,
1292 4027 1517 4091 byssino

434 4098 854 4160 circumvoluta,
903 4097 994 4148 hic
1038 4096 1148 4146 loci
1191 4110 1312 4145 esse
1361 4110 1521 4159 repo-

434 4171 564 4220 sita.
622 4167 748 4220 Vid.
775 4167 1000 4218 Diodor.
1041 4166 1152 4216 Sic.
1187 4165 1238 4228 1,
1269 4162 1357 4216 85.
1415 4165 1520 4215 Est

433 4239 629 4304 igitur,
666 4241 730 4287 ut
765 4236 904 4297 dixi,
945 4236 1145 4285 festum
1172 4234 1230 4284 in
1259 4233 1518 4284 bonorem

433 4308 583 4358 caesi
603 4307 837 4358 Osiridis
868 4305 1180 4357 institutum
1208 4302 1279 4353 ad
1303 4318 1519 4353 servan-

434 4376 559 4427 dam
614 4391 680 4429 ac
730 4374 1153 4429 consecrandam
1206 4373 1519 4424 memoriam

1620 1402 1910 1453 institutae
1968 1399 2038 1450 ab
2085 1399 2301 1450 Osiride
2343 1397 2710 1465 agriculturae

1623 1471 1907 1535 omnisque
1939 1470 2088 1519 vitae
2123 1469 2392 1519 cultioris.
2463 1467 2599 1518 Inde
2628 1466 2712 1518 lu-

1622 1545 1744 1590 ctus
1795 1544 1852 1590 et
1893 1538 2179 1604 planctus,
2236 1541 2300 1587 ut
2345 1552 2472 1588 vere
2519 1537 2710 1588 scribit

1620 1609 1823 1659 Noster
1876 1607 2108 1657 Osiridis
2158 1622 2382 1670 nomen,
2433 1607 2502 1658 ob
2549 1601 2705 1672 quem

1624 1678 1760 1728 talia
1795 1675 2016 1739 fiebant,
2053 1691 2186 1741 prae
2209 1673 2473 1742 religione
2507 1675 2708 1727 celans.

1623 1747 1778 1810 „Ubi
1837 1747 1978 1800 enim
2028 1745 2187 1810 (sunt
2245 1746 2415 1795 verba
2458 1744 2712 1795 Creuzeri

1626 1816 1830 1866 Comm.
1869 1815 2073 1865 Herod.
2110 1830 2165 1879 p.
2208 1814 2311 1866 183
2354 1811 2499 1878 seq.)
2544 1813 2712 1864 Osiri-

1625 1884 1744 1934 dem
1783 1884 2037 1935 colebant
2062 1883 2505 1948 plangebantque
2535 1897 2713 1933 sacer-

1623 1953 1797 2016 dotes,
1834 1952 1947 2003 noli
1970 1952 2240 2014 dubitare,
2280 1967 2372 2003 eos
2392 1955 2449 2003 et
2475 1966 2712 2002 annuum

1622 2037 1839 2073 cursum
1874 2020 2007 2071 solis
2045 2025 2101 2071 et
2134 2020 2709 2088 Niliyicissitudines,

1622 2107 1763 2157 quae
1800 2092 1850 2141 ei
1873 2093 2054 2140 cursui
2090 2090 2500 2155 responderent,
2535 2089 2713 2140 decla·

1618 2176 1740 2211 rare
1781 2158 2040 2210 voluisse.
2125 2160 2265 2210 Eam
2314 2160 2371 2209 in
2416 2174 2530 2209 rem
2575 2158 2711 2210 nihil

1620 2228 1950 2281 luculentius
1991 2233 2177 2294 potest
2225 2228 2487 2293 cogitari,
2550 2243 2712 2293 quam

1618 2299 1772 2349 locus
1791 2297 2077 2349 Heliodori
2099 2297 2158 2346 in
2182 2297 2474 2362 Aethiopp.
2495 2296 2594 2359 IX,
2622 2299 2710 2348 22.

1621 2386 1677 2433 p.
1704 2367 1799 2419 381
1833 2367 1919 2418 ed.
1948 2365 2075 2417 Cor.
2143 2366 2430 2417 Pertinent
2460 2365 2713 2417 nimirum

1620 2437 1758 2487 haec
1793 2434 1865 2487 ad
1898 2435 2168 2486 rationem
2204 2450 2439 2486 arcanae
2476 2434 2711 2500 discipli„-

1523 2549 1569 2558 ...
1620 2522 1744 2568 nae,
1776 2520 1938 2571 quam
1963 2503 2310 2554 orientalium
2334 2508 2598 2554 terrarum
2620 2503 2714 2554 ho-

1622 2576 1796 2625 mines
1834 2589 1869 2624 a
1895 2572 2273 2623 vetustissimo
2308 2571 2436 2622 inde
2469 2588 2605 2622 aevo
2641 2571 2715 2622 ad

1621 2643 1766 2694 bunc
1800 2643 1940 2694 diem
1969 2656 2143 2707 usque
2177 2641 2396 2691 arcanis
2428 2641 2560 2690 item
2593 2639 2716 2691 lite·

1620 2728 1804 2762 rarum
1826 2711 1973 2762 notis
2006 2711 2298 2775 designare
2322 2708 2519 2760 solent.
2576 2711 2715 2760 Erat

1620 2781 1731 2832 illis
1766 2782 1822 2831 in
1862 2780 2000 2843 oris,
2038 2779 2085 2829 si
2120 2777 2310 2844 populi
2341 2793 2503 2829 sensa
2532 2778 2715 2843 explo-

1622 2866 1709 2901 res
1728 2888 1742 2914 ‚
1792 2850 1969 2900 Osiris
2006 2849 2165 2913 quasi
2207 2849 2327 2915 ipse
2371 2847 2589 2898 saluber
2620 2848 2718 2899 flu-

1622 2921 1776 2982 vius,
1834 2920 1989 2969 cuius
2033 2918 2193 2982 vigor
2250 2916 2501 2967 conditus
2557 2917 2717 2982 quasi

1621 2988 1893 3055 profundo
1928 2989 1987 3037 in
2025 2991 2191 3051 puteo
2227 2987 2390 3037 statis
2418 2986 2630 3037 vicibus
2659 2991 2717 3038 et

1624 3058 1935 3124 emergebat
1956 3061 2011 3107 et
2030 3072 2217 3108 rursus
2240 3055 2545 3108 desidebat.
2571 3056 2716 3118 Quo-

1624 3129 1769 3179 circa
1793 3127 1869 3177 nil
1896 3126 2110 3188 mirum,
2134 3126 2353 3177 habitos
2386 3141 2507 3177 esse
2528 3125 2713 3177 Nilum

1624 3203 1679 3247 et
1714 3197 1910 3260 solem,
1966 3199 2254 3262 tantopere
2300 3195 2443 3245 inter
2489 3210 2550 3245 se
2586 3210 2714 3246 con·

1622 3271 1879 3332 gruentes
1927 3265 2041 3315 suis
2088 3270 2144 3315 et
2192 3265 2504 3315 accessibus
2541 3269 2597 3313 et
2631 3279 2714 3314 re-

1622 3336 1896 3397 cessibus,
1943 3348 2042 3397 pro
2088 3349 2196 3383 uno
2236 3333 2532 3396 eodemque
2577 3330 2710 3391 deo;

1621 3420 1779 3469 quem
1826 3407 1883 3453 et
1934 3402 2071 3452 mori
2125 3402 2369 3452 dicerent
2419 3404 2475 3451 et
2517 3399 2715 3449 revivi-

1620 3487 1798 3533 scere,
1846 3467 2116 3536 quatenus
2162 3470 2246 3520 sol
2293 3468 2610 3519 debilitatus
2658 3472 2714 3516 et

1621 3541 1878 3591 deficiens
1923 3540 2069 3588 vires
2116 3537 2369 3602 deinceps
2412 3536 2608 3600 recipit
2644 3551 2711 3586 ac

1618 3624 1792 3659 novus
1818 3607 2213 3673 quodammodo
2233 3606 2376 3656 redit
2398 3604 2565 3672 [cons.
2592 3608 2708 3656 not.

1619 3678 1690 3729 ad
1730 3677 1819 3740 11,
1858 3674 1968 3741 28].
2007 3702 2076 3711 -
2130 3675 2291 3726 Unde
2336 3675 2520 3724 Horus
2567 3672 2711 3724 filius

1616 3746 1899 3797 vindicare
1945 3748 2157 3809 patrem
2205 3742 2476 3794 Osiridem
2521 3758 2556 3792 a
2598 3743 2712 3808 Ty-

1617 3816 1795 3882 phone
1825 3819 1880 3865 et
1911 3826 2011 3863 suo
2043 3814 2164 3878 ipso
2191 3814 2381 3878 vigore
2413 3828 2480 3864 ac
2505 3811 2712 3864 virtute

1616 3886 1877 3935 virtutem
1914 3883 2264 3948 vigoremque
2297 3883 2470 3947 patris
2505 3881 2711 3933 referre

1621 3954 1879 4005 dicitur.“
1951 3951 2035 4002 De
2070 3967 2175 4017 quo
2211 3951 2357 4002 conf.
2394 3951 2473 4015 11,
2511 3951 2633 4001 144.

1672 4016 1983 4072 τύπτονται
2018 4014 2121 4085 μὲν
2165 4013 2271 4084 γὰρ
2307 4010 2382 4084 δὴ
2419 4011 2557 4085 μετὰ
2602 4009 2710 4138 την

1620 4090 1840 4155 θυσίην
1870 4105 1920 4139 τι.
1961 4105 2009 4140 τ.
2049 4088 2123 4156 1.]
2169 4088 2570 4140 Particularum
2605 4102 2645 4152 μ
2677 4102 2711 4135 ν

1622 4166 1678 4213 et
1720 4153 1785 4209 δὲ
1829 4174 1987 4209 usum
2033 4160 2093 4208 in
2125 4158 2279 4210 hisce
2323 4161 2581 4209 accurate
2621 4172 2710 4207 ex·

1618 4230 1805 4296 posuit
1829 4228 2108 4294 Werferus
2140 4229 2197 4277 in
2228 4228 2377 4279 Actt.
2412 4226 2567 4293 phin.
2592 4226 2710 4276 Μο-

1621 4314 1776 4350 nacc.
1813 4298 1859 4348 1.
1917 4313 2044 4364 pag.
2083 4296 2172 4348 93.
2247 4298 2407 4347 Licet
2435 4296 2577 4347 enim
2616 4293 2711 4344 du·

1619 4368 1747 4436 plex
1782 4370 2044 4433 sequatur
2089 4361 2154 4417 δὲ
2196 4356 2353 4432 (ὅσοι
2395 4358 2470 4415 δὲ
2515 4367 2571 4415 et
2614 4348 2712 4412 οὖ-
