3109 5092
464 275 588 337 610
1329 272 1869 336 HERODO'PI

464 454 651 538 θῆλυ
679 451 872 536 γένος
907 453 1044 516 πᾶν
1076 446 1151 517 τὸ
1184 450 1258 516 ἐκ
1291 452 1428 516 τῶν
1464 451 1747 533 οἰκηΐων
1781 443 2042 514 τούτων
2070 441 2219 512 κατ’
2274 433 2373 513 οἷν
2408 442 2741 513 ἐπλάσατο
2772 480 2821 494 -·

464 550 589 640 τὴν
625 548 931 641 κεφαλὴν
966 556 1158 644 πηλῷ
1194 545 1234 639 ἢ
1260 552 1374 619 καὶ
1405 547 1481 618 τὸ
1518 548 1904 638 πρόσωπον.
1973 544 2257 616 κᾶπειτα
2289 549 2366 615 ἐν
2396 563 2571 616 τοῖσι
2600 553 2701 616 ol·
2726 565 2825 618 142

466 662 670 724 κίοισι
716 660 1032 724 λιποῦσαι
1081 652 1202 723 τὸν
1250 650 1496 742 νεκρὸν
1555 648 1755 720 αὐταὶ
1808 647 1936 719 ἀνὰ
1982 648 2110 739 τὴν
2154 650 2358 720 πόλιν
2410 649 2738 740 στρωφώ-

467 785 664 848 μεναι
711 757 1074 827 τύπτονται
1091 808 1109 842 ,
1178 757 1625 843 ἐπεζωσμέναι
1673 756 1787 822 καὶ
1836 759 2205 842 φαίνουσαι
2262 750 2420 833 τοὺς
2474 752 2739 842 μαζοὺς,

468 918 723 973 οἰκίων
741 939 776 973 a
794 912 861 971 τὰ
880 917 1053 984 οἰκία,
1082 934 1222 985 quae
1245 919 1356 968 sint
1376 920 1551 969 aedes.
1652 917 1848 982 cingulo
1882 930 2043 979 supra
2076 917 2300 981 reliquas
2335 926 2499 967 vestes
2532 918 2741 975 addico,-

466 993 732 1058 Equidem
779 990 913 1041 nihil
948 1004 1153 1040 causae
1198 988 1341 1052 vidi,
1389 1004 1485 1039 cur
1520 1003 1555 1037 a
1652 986 1736 1036 ita
1770 990 1830 1035 ut
1864 985 2197 1050 Aegyptiae,
2241 986 2300 1035 in
2333 985 2487 1036 luctu
2520 992 2741 1051 pectora

466 1062 698 1128 vulgata
742 1060 896 1111 libris
937 1060 1182 1124 »probata
1229 1056 1357 1123 (nisi
1409 1056 1555 1123 quod
1655 1055 1958 1117 nudantes,
2004 1071 2112 1120 quo
2147 1070 2215 1105 ea
2246 1055 2591 1121 plangerent,
2630 1058 2742 1106 cin-

469 1147 607 1181 unus
644 1131 733 1181 hic
769 1130 928 1180 affert
963 1125 1192 1178 οἰκιέων
1238 1133 1293 1178 et
1325 1128 1583 1194 posteri-⁸
1656 1124 1875 1191 gulum,
1931 1140 2000 1174 ne
2042 1123 2254 1176 scilicet
2298 1125 2527 1175 ulterius
2576 1126 2740 1175 etiam

468 1216 561 1251 ore
604 1201 726 1251 loco
771 1199 878 1250 duo
923 1192 1146 1263 οἰκίων)
1198 1196 1552 1248 discederem.
1655 1195 1953 1245 nudaretur
1986 1210 2209 1260 corpus,
2249 1195 2398 1246 circa
2442 1200 2740 1245 extremm

469 1269 738 1335 Intelligit
775 1269 976 1319 Noster
1003 1283 1149 1317 unum
1182 1282 1254 1315 ea:
1282 1268 1554 1330 [miliari-

466 1340 588 1395 bus.
636 1354 707 1387 ex
738 1338 954 1401 familia.
1029 1336 1094 1385 In
1146 1336 1555 1412 verbis'subse·

468 1408 758 1472 quentibus
781 1403 886 1456 τοῦ
911 1420 996 1462 τις
1024 1400 1120 1453 καὶ
1145 1398 1310 1469 λόγος
1329 1421 1364 1472 ῃ
1403 1406 1555 1456 Wer·

467 1476 617 1526 ferus
655 1474 828 1542 (Actt.
865 1474 1015 1540 phill.
1045 1473 1295 1528 Monacc.
1337 1476 1382 1525 Ι.
1421 1489 1547 1539 pag.

467 1546 595 1610 256)
628 1545 902 1596 desiderat
938 1544 1261 1609 particulam
1297 1533 1389 1603 ἄν,
1428 1548 1554 1609 post

464 1612 572 1664 τοῦ
627 1615 1000 1676 inserendam,
1059 1614 1315 1680 quoniam
1369 1613 1553 1664 huius-

465 1685 615 1735 modi
650 1686 925 1736 sententia
946 1682 1182 1734 relativa
1215 1697 1312 1748 per
1331 1683 1553 1733 coniun-

466 1755 668 1805 ctivum
687 1756 807 1805 sine
825 1743 899 1804 ἄν
936 1753 1113 1804 efferri
1130 1758 1383 1818 nequeat.
1442 1753 1551 1803 Sed

465 1824 681 1874 cautius
726 1824 995 1874 Matthiae
1045 1822 1138 1873 Gr.
1192 1823 1285 1874 Gr.
1343 1822 1394 1884 §-
1449 1824 1551 1873 527

465 1899 581 1944 not.
622 1897 656 1944 2
690 1892 870 1944 locum
902 1890 994 1945 vel
1028 1893 1085 1942 in
1119 1891 1187 1941 iis
1223 1892 1553 1942 censendum

466 1978 588 2013 esse
630 1967 818 2028 putat,
867 1964 925 2013 in
971 1961 1167 2027 quibus
1212 1966 1429 2026 praeter
1472 1976 1553 2011 re-

465 2031 648 2097 gulam
693 2034 870 2082 rarius
921 2032 1206 2083 omittatur
1263 2031 1551 2096 particula,

463 2101 554 2151 vel
588 2102 671 2150 ita
699 2100 1096 2166 explicandum,
1133 2105 1196 2150 ut
1218 2116 1283 2150 ex
1309 2101 1551 2166 proxime

466 2169 915 2221 antecedentibus
955 2169 1228 2234 particula
1273 2169 1379 2220 huc
1417 2186 1551 2236 quo-

465 2254 569 2304 que
615 2239 901 2289 referatur.
988 2240 1075 2288 Tu
1129 2239 1276 2290 conf.
1331 2254 1549 2304 quoque

463 2308 670 2359 Herod.
715 2308 811 2371 lv,
848 2309 919 2359 46
955 2306 1081 2358 coll.
1120 2307 1207 2369 66,
1243 2307 1338 2357 ubi
1372 2324 1547 2373 aeque

465 2377 658 2427 abesse
691 2378 938 2443 videmus
975 2376 1299 2440 particulam
1334 2365 1407 2425 ἂν
1443 2378 1546 2427 hac

463 2447 521 2495 in
553 2451 859 2509 structura,
895 2447 964 2496 de
999 2461 1108 2513 qua
1135 2447 1355 2510 copiose
1386 2461 1550 2511 expo·

464 2517 576 2566 suit
624 2516 968 2567 Baeumlein:
1031 2516 1358 2566 Untersuch.
1413 2518 1547 2566 iiber

463 2584 552 2635 die
585 2585 802 2638 Griech.
837 2584 985 2636 Mod.
1020 2601 1146 2651 pag.
1187 2587 1289 2636 212
1325 2600 1441 2651 seq.

533 2646 657 2704 κατ’
708 2643 792 2704 ὦν
823 2645 1103 2704 ἐπλάσατο
1151 2648 1259 2719 τὴν
1292 2650 1548 2720 κεφαλὴν

462 2713 1289 2845 Ξῖλῖζιῗιέἔέξὸοῗρὲἕῗῖἰῖἕ
1312 2726 1398 2842 {²⁶
1414 2715 1542 2845 ’131'

968 2829 981 2842 .
1157 2828 1170 2842 .
1361 2830 1374 2856 ,
1529 2828 1542 2843 .

461 2861 584 2910 Hoc
619 2858 741 2911 loco
777 2876 873 2910 cur
910 2862 1086 2911 medio
1135 2862 1301 2912 verbo
1346 2863 1547 2913 Noster

461 2929 535 2978 sit
550 2943 711 2988 usus,
744 2935 1015 2980 attentum
1051 2931 1308 2982 lectorem
1336 2946 1446 2982 non
1469 2931 1546 2980 la-

460 2997 616 3047 tebit.
688 2998 829 3048 Nam
863 2999 962 3050 eibi
992 2999 1213 3050 oblinunt
1255 3003 1360 3050 luto
1392 3009 1548 3063 caput

460 3073 551 3115 aut
581 3070 742 3128 ipsam
774 3071 919 3117 etiam
949 3069 1151 3131 faciem.
1198 3062 1377 3133 πηλὸς
1412 3070 1545 3120 dici-

460 3140 549 3185 tur
583 3142 728 3185 terra
760 3138 954 3200 liquore
996 3138 1163 3201 offuso
1196 3139 1431 3201 subacta,
1482 3144 1545 3190 ut

459 3203 705 3268 pluribus
751 3210 934 3256 monet
979 3207 1297 3257 Creuzerus.
1381 3208 1538 3259 Conf.

459 3274 536 3337 11,
586 3272 676 3325 36.
720 3275 806 3326 70.
890 3275 1165 3326 Observat
1214 3274 1540 3331 Wilkinson.

459 3344 745 3409 (Manners
766 3349 870 3396 etc.
886 3345 932 3397 1.
949 3361 1077 3411 pag.
1093 3346 1195 3397 25ss
1218 3361 1327 3395 sec.
1341 3361 1447 3397 ser.
1464 3348 1539 3398 11.

459 3429 513 3477 p.
549 3413 670 3466 376.
707 3414 811 3466 403
847 3408 1015 3481 seqq?
1052 3431 1194 3480 quae
1219 3415 1288 3465 de
1322 3416 1544 3481 lugendi

459 3497 608 3533 more
648 3483 701 3533 h.
750 3483 787 3533 1.
837 3485 1036 3563 scribit
1082 3486 1420 3548 Herodotus,
1475 3502 1542 3537 ea

456 3552 788 3619 imaginibus
801 3554 1447 3620 veterum'Aegyptiorum
1463 3562 1545 3605 at-

458 3636 563 3685 que
605 3622 745 3673 adeo
792 3622 860 3673 iis
913 3625 1046 3688 ipsis
1094 3625 1342 3689 probari,
1401 3640 1543 3689 quae

459 3690 635 3741 adhue
672 3707 769 3757 per
802 3692 1110 3758 Aegyptum
1151 3694 1206 3742 in
1241 3693 1392 3744 luctu
1425 3693 1544 3744 fieri

457 3759 689 3810 soleant.
776 3761 928 3812 Idem
967 3762 1353 3813 animadvertit
1386 3763 1541 3815 Laue

453 3826 491 3877 l.
532 3827 569 3878 l.
607 3828 729 3879 Vol.
768 3830 844 3880 11.
884 3840 940 3894 p.
978 3833 1101 3882 292.
1141 3832 1245 3883 306
1284 3848 1397 3897 seq.

525 3887 734 3947 αὐταὶ
777 3925 847 3936 —-
889 3892 1316 3965 στρωφώμεναι]
1365 3890 1536 3951 αὐταὶ

452 3964 701 4016 dedimus
726 3982 848 4017 eum
870 3975 1101 4021 recentt.
1115 3970 1238 4021 edd.
1260 3986 1359 4035 pro
1380 3969 1531 4036 vulg.

453 4021 649 4111 αὗται,
687 4036 831 4100 quod
870 4036 974 4087 huc
1009 4053 1120 4088 non
1156 4041 1411 4104 pertinet.

519 4117 831 4152 τυπτονται
857 4096 1248 4174 ἐπεζωσμέναι]
1286 4101 1533 4158 τύπτον-

451 4184 559 4233 ται,
585 4177 648 4222 ut
669 4172 748 4235 11,
768 4174 857 4224 61.
903 4166 1273 4239 ἐπεζωσμέναι
1292 4182 1419 4228 sunt
1443 4194 1532 4229 ex·

447 4239 686 4304 plicante
732 4243 1155 4307 Wyttenbaehio
1213 4247 1269 4295 in
1308 4246 1528 4297 Selectt.

446 4310 576 4363 hist.
623 4327 678 4378 p.
727 4311 829 4363 355
870 4314 1084 4376 insuper
1116 4316 1340 4375 cinctae,
1392 4317 1429 4369 i.
1479 4332 1529 4367 e.

1654 1264 1869 1329 coporis
1909 1263 2101 1315 nudati
2125 1268 2334 1328 partem
2356 1264 2739 1315 adsumserint.

1653 1333 1852 1384 Maluit
1867 1338 2049 1384 tamen
2062 1335 2177 1384 Fea
2190 1333 2283 1398 (ad
2303 1335 2738 1386 Winckelmann.

1655 1418 1781 1468 opp.
1823 1404 1868 1454 Ι.
1907 1419 1963 1468 p.
2011 1402 2115 1455 333
2163 1403 2247 1454 ed.
2293 1404 2515 1467 Dread.)
2560 1405 2741 1455 locum

1656 1474 1734 1522 ita
1769 1471 2099 1538 intelligere,
2144 1477 2206 1522 ut
2239 1473 2385 1522 intra
2418 1478 2628 1524 vestem
2660 1474 2740 1523 fa·

1652 1545 1823 1592 sciam
1858 1558 1904 1592 a.
1940 1540 2219 1608 cingulum
2252 1543 2528 1593 assuerint
2561 1545 2739 1608 Aegy·
2820 1574 2826 1578 ·

1655 1613 1783 1677 ptii,
1841 1612 2030 1677 quales
2074 1612 2133 1661 iu
2189 1612 2513 1677 anaglyphis
2561 1613 2739 1677 Aegy·

1654 1683 1784 1746 ptiis
1853 1681 2086 1731 vetustis
2141 1695 2332 1746 reapse
2395 1683 2739 1746 conspiciun—

1655 1758 1744 1801 tur
1779 1751 2020 1801 homines
2057 1750 2349 1813 seminudi,
2397 1752 2614 1817 cingulo
2656 1752 2739 1801 in-

1650 1826 1739 1870 tra
1772 1826 1955 1871 vestes
1995 1819 2243 1885 alligato.
2313 1820 2421 1871 Sed
2456 1821 2559 1871 hoc
2595 1822 2741 1873 foret

1652 1883 2126 1954 ὑποζώννυσθαι,
2174 1905 2209 1939 a
2254 1894 2442 1940 nostro
2475 1890 2596 1942 loco
2634 1890 2735 1940 ali-

1653 1974 1832 2011 enum.
1885 1959 2067 2025 Magis
2091 1959 2196 2009 huc
2232 1959 2443 2010 faciunt
2472 1961 2583 2010 alia
2606 1975 2741 2011 ana-

1653 2029 1882 2095 glypha,
1917 2044 2145 2094 quorum
2165 2029 2417 2079 notitiam
2444 2030 2620 2081 doctis
2646 2029 2739 2079 de·

1653 2100 1839 2149 bemus
1888 2098 2081 2150 Gallis.
2163 2099 2598 2163 Repraesentant
2640 2099 2739 2149 illa

1651 2168 1887 2219 feminas·
1918 2168 2080 2218 funus
2113 2167 2370 2218 ducentes
2391 2169 2739 2235 plangentes·

1651 2252 1781 2304 que,
1822 2252 1961 2303 quae
1994 2242 2221 2302 pectora
2254 2238 2493 2301 nudant,
2539 2240 2620 2289 ita
2654 2244 2737 2289 ta-

1650 2322 1790 2370 men,
1814 2312 1876 2356 ut
1900 2306 2177 2371 cingulum
2197 2306 2358 2357 valde
2376 2311 2538 2358 tenue
2563 2315 2617 2358 et
2640 2323 2736 2357 an-

1649 2382 1869 2442 gustum
1902 2376 2135 2426 medium
2186 2392 2381 2442 corpus
2416 2378 2732 2430 circumdet.

1649 2446 1808 2496 conf.
1857 2447 2077 2497 Costaz.
2113 2447 2171 2496 in
2214 2445 2378 2497 Mem.
2432 2448 2731 2512 (Descript.

1649 2514 1718 2565 de
1751 2514 1920 2581 l'Eg.)
1958 2516 2005 2566 1.
2043 2531 2170 2581 pag.
2210 2518 2297 2568 74.
2370 2514 2537 2568 Plura
2571 2517 2661 2568 Cr.
2692 2516 2732 2569 l.

1649 2584 1686 2634 l.
1767 2586 1922 2647 Quae
1967 2586 2133 2635 etiam
2179 2584 2453 2651 explicant
2502 2587 2733 2637 Diodori

1646 2655 1818 2705 verba
1862 2655 1931 2704 de
1975 2654 2287 2720 lugentibus
2340 2655 2627 2721 Aegyptiis
2682 2656 2732 2721 1,

1649 2726 1744 2774 7⁶2:
1811 2720 1907 2773 καὶ
1962 2722 2393 2789 περιεζωσμένοι
2459 2718 2733 2783 σινδόνας

1645 2783 1915 2842 ὑποκάτω
1954 2791 2069 2842 τῶν
2103 2792 2351 2858 μαστῶν.
2418 2796 2563 2845 Hinc
2604 2794 2734 2845 Wil-

1648 2862 1864 2912 kinson.
1903 2861 1964 2927 (1.
2000 2862 2039 2913 1.
2075 2878 2187 2913 sec.
2240 2878 2345 2914 ser.
2394 2864 2471 2914 11.
2508 2881 2562 2929 p.
2602 2864 2733 2926 403)

1646 2931 1876 2997 Aug-lice
1895 2931 2097 2982 reddit:
2134 2933 2393 2998 „girding
2415 2933 2555 2983 their
2578 2933 2732 2983 dress

1645 3000 1820 3051 below
1858 3001 1998 3051 their
2046 3001 2299 3062 breast“;
2351 3017 2526 3067 neque
2571 3002 2732 3052 aliter

1644 3069 1909 3121 Rosellini
1944 3069 1982 3121 1.
2015 3069 2053 3119 1.
2090 3087 2218 3136 pag.
2255 3072 2376 3135 335,
2413 3072 2507 3137 qui
2554 3071 2734 3122 reddit

1643 3142 1957 3203 succinctae,
2006 3142 2087 3189 ita
2124 3147 2186 3189 ut
2230 3143 2404 3191 vestis
2451 3141 2597 3191 infra
2641 3156 2732 3206 pe-

1643 3214 1821 3271 ctora,
1861 3224 2001 3274 quae
2018 3210 2225 3260 nudata
2254 3212 2473 3273 fuerint,
2510 3210 2748 3281 cingulo‘

1642 3277 1874 3345 alligata
1908 3279 2221 3329 inferiorem
2253 3281 2494 3345 corporis
2517 3284 2728 3344 partem

1642 3353 1844 3398 tectam
1864 3349 2167 3400 retinuerit.
2208 3350 2366 3412 Quod
2389 3350 2563 3414 ipsum
2587 3348 2727 3399 scul-

1642 3418 1818 3481 pturis
1853 3418 2072 3482 probari
2108 3417 2251 3468 idem
2285 3419 2459 3469 addit.

1714 3483 1809 3535 καὶ
1847 3486 2159 3551 φαίνουσαι
2186 3480 2323 3545 τοὺς
2354 3479 2590 3552 μαζούς]
2611 3488 2729 3537 Iam

1643 3555 1912 3606 Homerus
1972 3555 2077 3606 Od.
2126 3557 2333 3619 XVIII,
2383 3558 2449 3608 67
2500 3555 2731 3620 φαίνειν

1641 3618 1864 3689 μηροὺς
1887 3625 2037 3688 dicit,
2071 3641 2241 3692 eoque
2264 3626 2430 3676 etiam
2454 3626 2730 3691 pertinent

1642 3694 1946 3758 Spartanae
1983 3692 2427 3760 φαινομηρίδες,
2475 3699 2727 3745 monente

1643 3763 1752 3826 Cr„
1793 3765 1885 3828 qni
1926 3765 1960 3815 1.
1997 3765 2034 3814 l.
2074 3772 2292 3829 praeter
2316 3764 2428 3815 alia
2463 3764 2601 3815 haec
2635 3764 2729 3814 ad-

1642 3832 1808 3883 didit:
1869 3834 2197 3895 „Caeterum
2255 3835 2400 3884 hunc
2448 3834 2729 3899 planctum

1638 3900 2033 3967 Aegyptiorum
2060 3911 2280 3968 propter
2306 3904 2596 3954 defunctos
2613 3904 2729 3953 Μο-

1639 3984 1725 4021 ses
1762 3973 1926 4021 etiam
1964 3975 2219 4038 agnoscit
2252 3974 2307 4022 in
2347 3972 2567 4038 Iosephi
2614 3973 2730 4038 pie-

1638 4044 1753 4089 tate
1789 4041 2136 4092 memoranda
2172 4043 2368 4094 Genes-
2405 4044 2472 4105 L,
2513 4043 2536 4092 l
2570 4057 2722 4107 seqq.

1635 4110 1709 4159 Et
1753 4110 2177 4175 Babyloniorum
2213 4111 2418 4163 similes
2464 4112 2726 4161 lamenta·

1635 4179 1811 4229 tiones
1847 4196 1914 4229 ea
1948 4181 2004 4230 in
2042 4197 2100 4229 re
2138 4182 2308 4231 fuisse
2343 4181 2591 4246 perhibet
2616 4182 2725 4230 He-

1632 4249 1859 4299 rodotus
1882 4251 1926 4310 Ι,
1957 4250 2052 4300 198
2073 4250 2191 4314 (ubi
2209 4250 2322 4302 vid.
2350 4251 2537 4315 nott.).
2599 4251 2724 4300 Alia

1632 4318 1699 4367 de
1734 4317 2043 4370 huiusmodi
2091 4320 2376 4371 mulierum
2422 4320 2647 4385 planctu
2694 4334 2726 4369 e
