3109 5092
1085 343 1581 405 EUTERPE.
1625 345 1711 404 Π.
1759 354 1881 408 142.
2495 341 2620 403 753

344 516 834 606 τεσσεράκοντα
898 523 994 586 ἔτι
1047 522 1186 586 τῶν
1237 520 1611 587 ἐπιλοίπων
1666 523 1961 606 γενεῶν,
2030 523 2107 585 αἳ
2157 519 2413 605 ἐπῆσαν
2468 521 2620 608 τῇσι

344 629 797 711 τριηκοσίῃσι,
848 622 987 690 ἐστὶ
1015 622 1506 710 τεσσεράκοντα
1540 623 1654 690 καὶ
1694 620 2042 709 τριηκόσια
2076 622 2189 689 καὶ
2219 627 2400 708 χίλια
2446 625 2616 689 ἔτεα.

346 721 522 794 οὕτω
560 727 633 794 ἐν
659 730 966 813 μυρίοισί
989 751 1061 793 τε
1111 729 1284 793 ἔτεσι
1328 725 1443 793 καὶ
1493 733 1767 812 χιλίοισι
1818 725 1932 794 καὶ
1973 721 2140 813 πρὸς
2178 729 2627 814 τριηκοσίοισί

342 855 414 897 τε
453 829 566 896 καὶ
609 825 1099 915 τεσσεράκοντα
1157 834 1395 915 ἔλεγον
1436 826 1608 898 θεὸν
1660 826 2176 916 ἀνθρωποειδέα
2219 823 2468 896 οὐδένα
2507 853 2619 912 γε·

342 933 586 999 νέσθαι
606 952 619 965 ·
667 927 751 999 οὐ
778 933 903 1019 μέν
932 958 1032 1000 τοι
1071 928 1233 1001 οὐδὲ
1262 931 1592 1022 πρότερον
1622 928 1786 1001 οὐδὲ
1826 927 2113 1020 ὕστερον
2142 932 2218 999 έν
2247 945 2419 999 τοῖσι
2448 923 2619 998 ὑπο-

343 1040 635 1102 λοίποισι
701 1033 1053 1121 Αἰγύπτου
1110 1040 1464 1121 βασιλεῦσι
1528 1038 1952 1124 γενομένοισι
2009 1040 2243 1120 ἔλεγον
2311 1037 2622 1101 τοιοῦτον

343 1134 570 1206 οὐδέν.
634 1133 743 1206 Ἐν
768 1144 1005 1206 τοίνυν
1036 1136 1257 1230 τούτῳ
1289 1144 1383 1232 τῷ
1426 1138 1648 1232 χρόνῳ
1677 1138 1982 1228 τετράκις
2013 1143 2250 1224 ἔλεγον
2292 1138 2358 1218 ἐξ
2389 1132 2624 1224 ἠθέων

342 1237 463 1309 τὸν
500 1236 694 1328 ἥλιον
733 1236 1112 1310 ἀνατεῖλαι·
1173 1245 1345 1311 ἔνθα
1371 1268 1443 1311 τε
1487 1247 1621 1311 νῦν
1662 1240 2106 1325 καταδύεται,
2150 1243 2478 1309 ἐνθεῦτεν
2521 1240 2624 1319 δὶς

342 1406 468 1456 dam
506 1423 734 1472 eumque
758 1423 946 1472 parem
974 1408 1223 1458 omnibus
1258 1424 1441 1458 nume-

342 1492 463 1526 rum
509 1492 776 1527 annorum
815 1477 1109 1542 tribuerat)
1160 1479 1253 1527 vix
1302 1478 1438 1527 mul-

339 1551 452 1597 tum
471 1547 732 1597 interesse
752 1551 834 1596 tot
852 1563 1116 1598 annorum
1134 1547 1439 1599 discrimen.

342 1647 413 1655 —
433 1616 518 1666 Ad
549 1617 839 1667 discrimen
863 1617 1007 1667 inter
1036 1616 1305 1681 pluralem
1341 1632 1438 1667 nu-

344 1701 550 1736 merum
588 1683 859 1735 δυνέαται
886 1691 940 1735 et
964 1687 1299 1751 singularem
1324 1677 1438 1735 ἐστὶ

344 1756 401 1803 in
437 1771 589 1821 seqq.
637 1755 854 1805 attendi
903 1756 1067 1805 iussit
1103 1756 1338 1805 BredoV.
1377 1771 1432 1818 p.

344 1823 465 1887 335,
505 1840 627 1874 cum
661 1840 770 1889 quo
798 1824 984 1874 eodem
1020 1841 1075 1889 p.
1106 1824 1210 1875 219
1233 1824 1428 1887 scripsi

344 1895 510 1944 etiam
554 1891 764 1957 γενεῶν
846 1909 906 1944 ro
943 1892 1199 1957 γενεέων.
1248 1920 1319 1932 -
1360 1892 1426 1942 In

341 1979 491 2028 seqq.
529 1963 723 2028 reliqui
762 1910 842 2013 og
866 1960 969 2026 μέν
1000 1977 1088 2011 τοι
1122 1953 1289 2025 οὐδὲ,
1332 1963 1425 2012 ubi

339 2035 545 2082 recent.
596 2031 717 2082 edd.
756 2031 1009 2082 voculam
1049 2045 1156 2093 τοι,
1197 2047 1341 2097 quae
1389 2047 1422 2081 a

341 2101 555 2151 duobus
589 2100 740 2151 libris
785 2102 980 2152 abesse
1016 2101 1244 2164 dicitur,
1298 2101 1426 2151 omi-

342 2176 549 2221 serunt.

410 2232 558 2289 θεόν
606 2230 1064 2305 ἀνθρωποειδέα]
1124 2240 1161 2290 i.
1202 2255 1249 2289 e.
1287 2241 1430 2289 deum

338 2310 551 2359 humana
582 2309 751 2372 forma
782 2309 1081 2370 praediemn.
1158 2309 1314 2359 Conf.
1347 2310 1426 2370 11,

340 2379 442 2430 86:
481 2371 667 2428 τύπον
700 2368 1252 2441 ἀνθρωποειδέα
1289 2383 1343 2428 et
1378 2379 1426 2440 1,

347 2449 438 2501 131
510 2439 1097 2511 ἀνθρωποφυέας
1166 2475 1232 2483 -
1292 2441 1429 2504 τοὺς

339 2509 546 2579 θεοὺς,
587 2516 682 2566 ubi
716 2515 827 2566 vid.
866 2521 1008 2566 nott.

407 2577 664 2648 τετράκις
701 2613 761 2621 —-
804 2577 861 2645 ἐξ
887 2577 1088 2649 ἠθέων
1121 2577 1225 2633 τὸν
1261 2574 1426 2649 ἥλιον

338 2647 642 2719 ἀνατεῖλαι]
684 2654 941 2705 Reddunt
987 2654 1185 2718 vulgo:
1239 2657 1428 2717 „solem

340 2733 524 2790 quater
544 2731 700 2773 extra
723 2739 862 2772 suam
885 2724 1051 2773 sedem
1080 2732 1237 2773 ortum
1259 2724 1428 2786 σιτί’,

340 2794 506 2859 idque
543 2808 653 2843 non
682 2792 800 2842 sine
822 2792 880 2842 vi
906 2792 1142 2857 quadam
1167 2793 1295 2855 dici,
1333 2808 1427 2856 ap-

340 2866 500 2927 paret
536 2877 601 2912 ex
625 2863 859 2925 repetito
884 2855 1093 2924 ἔλεγον,
1132 2878 1251 2912 cum
1289 2862 1427 2912 haec

341 2947 427 2982 res
487 2931 746 2982 Nostrum
810 2932 889 2980 ita
951 2931 1292 2993 adverteret,
1366 2935 1426 2981 ut

341 3002 676 3052 narrationis
709 3007 963 3051 auctores
999 3001 1195 3051 iterum
1216 3001 1423 3051 indica-

337 3077 439 3122 ret.
513 3071 696 3121 Verba
734 3061 790 3132 ἐξ
829 3061 1044 3135 ἠθέων,
1083 3086 1225 3135 quae
1259 3071 1427 3121 etiam

339 3141 504 3190 simili
553 3141 713 3191 modo
763 3141 946 3206 posita
991 3142 1335 3205 reperiuntur
1380 3141 1425 3201 Ι,

346 3212 439 3274 15,
493 3211 603 3259 iam
642 3210 881 3260 Thomas
911 3210 1180 3275 Magister
1229 3227 1284 3276 p.
1324 3210 1427 3261 319

338 3278 606 3329 intellexit
624 3274 731 3340 ἔξω
758 3278 858 3344 τῆς
887 3278 1220 3343 συνηθείας,
1252 3296 1285 3329 a
1318 3294 1426 3345 quo

339 3364 450 3398 non
468 3348 648 3397 differt
674 3349 873 3398 Suidas
913 3364 1186 3414 exponens
1218 3340 1278 3398 ἐκ
1311 3347 1427 3397 τῶν

340 3415 618 3480 συνηθῶν
651 3409 871 3480 τόπων,
912 3433 1053 3482 quae
1084 3418 1157 3467 ad
1194 3418 1426 3467 alterum

337 3485 606 3535 Herodoti
642 3484 818 3534 locum
865 3491 1115 3549 spectare
1151 3485 1423 3535 videntur.

342 3553 695 3606 Grammatici
713 3554 910 3603 Graeci
933 3555 1322 3604 auctoritatem
1345 3569 1426 3603 se-

339 3625 450 3674 cuti
471 3627 599 3674 sunt
609 3622 834 3672 Fischer
854 3621 924 3672 ad
943 3621 1162 3674 Weller.
1185 3623 1424 3674 Gramm.

339 3694 451 3756 111,
501 3694 556 3743 b.
595 3709 648 3757 p.
691 3693 790 3743 127
838 3697 895 3741 et
933 3692 1285 3755 Valckenar„
1334 3691 1430 3756 qui

337 3763 482 3814 hanc
539 3761 962 3827 praepositionis
1018 3754 1077 3811 ἐκ
1126 3763 1263 3824 vim,
1321 3776 1427 3825 qua

338 3848 436 3896 pro
473 3826 578 3893 ἔξω
620 3833 750 3895 poni
796 3836 1070 3893 sumatur,
1123 3832 1180 3880 in
1213 3846 1429 3894 compo-

339 3903 461 3950 sitis
520 3916 907 3965 saepenumero
969 3900 1141 3950 latere
1201 3900 1427 3961 monuit,

338 3986 512 4036 neque
551 3985 680 4020 vero
718 3970 827 4019 alia
863 3970 1036 4035 ipsius
1072 3970 1430 4034 praepositio-

338 4040 423 4088 nis
471 4040 551 4089 sic
597 4039 879 4089 adhibitae
929 4039 1175 4104 exempla
1214 4038 1421 4089 attulit.

339 4108 526 4158 Secuti
571 4123 782 4173 quoque
828 4114 958 4159 sunt
1010 4109 1220 4159 Schwei
1258 4108 1424 4158 haeu-

337 4192 522 4239 serus,
579 4176 810 4226 afferens
870 4177 1160 4228 dictionem
1320 4174 1425 4225 τοῦ

337 4244 511 4310 μέσου
559 4243 848 4310 κατῆσθαι
893 4247 1041 4310 apud
1069 4246 1272 4298 Herod.
1314 4246 1419 4305 111,

335 4316 425 4368 83.
473 4314 579 4376 IV,
630 4315 744 4365 118.
800 4313 889 4379 (de
939 4332 1048 4380 qua
1093 4316 1254 4381 plura
1309 4314 1419 4365 vid.

335 4386 393 4434 in
438 4384 601 4434 Thes.
652 4386 716 4437 L.
771 4384 864 4434 Gr.
908 4385 1017 4435 111.
1086 4402 1141 4450 p.
1180 4384 1283 4436 349
1334 4384 1418 4435 ed.

429 4488 763 4530 BERODOT.
811 4487 854 4528 1.

1540 1408 1820 1474 Dindorf),
1858 1424 1891 1458 a
1926 1411 2112 1458 nostro
2137 1413 2321 1458 tamen
2347 1407 2469 1457 loco
2492 1405 2625 1457 alie-

1541 1493 1698 1541 nam,
1737 1477 1965 1528 Siebelis
2007 1477 2079 1526 ad
2112 1479 2358 1528 Pausan.
2390 1477 2496 1538 111,
2541 1477 2621 1538 14,

1539 1546 1605 1611 9,
1660 1563 1767 1612 quo
1820 1547 1943 1597 loco
1999 1562 2145 1597 nunc
2194 1562 2227 1596 a
2264 1546 2514 1597 Bekkero
2569 1549 2625 1596 et

1540 1622 1596 1667 et
1631 1621 1799 1667 caett.
1841 1616 1959 1665 edd.
1999 1631 2055 1665 re
2097 1616 2297 1666 ositum
2343 1620 2429 1666 est
2464 1605 2625 1672 ἐκτὸς

1537 1685 1641 1750 τῆς
1675 1678 1894 1741 πόλεως
1923 1700 2021 1750 pro
2056 1631 2116 1734 Ξκ
2152 1684 2254 1750 τῆς
2273 1700 2355 1749 π.,
2385 1686 2624 1750 itemque

1537 1755 1763 1819 Negris,
1818 1755 1911 1818 qni
1949 1758 2173 1818 exponit
2208 1748 2315 1814 ἔξω
2350 1750 2457 1803 τοῦ
2493 1766 2624 1802 συν-

1531 1820 1853 1887 ηθισμένου
1917 1816 2122 1872 τόπου.
2214 1822 2322 1874 Sed
2397 1822 2619 1873 offendi·

1531 1899 1623 1943 tur
1670 1892 1907 1954 Boeckh,
1962 1891 2107 1942 hunc
2142 1892 2321 1943 locum
2370 1896 2620 1943 tractans

1532 1961 1832 2026 (Schmidtz
1879 1961 2144 2012 Zeitschr.
2193 1962 2231 2014 f.
2272 1961 2618 2014 Geschichts-

1528 2031 1844 2082 wissensch.
1882 2031 1958 2081 ΙῙ.
1996 2047 2048 2096 p.
2082 2032 2187 2084 419
2207 2031 2404 2097 seqq.)‚
2438 2031 2619 2081 verbis

1529 2093 1585 2162 ἐξ
1618 2093 1837 2165 ἠθέων,
1875 2116 2017 2165 quae
2048 2102 2164 2150 sive
2188 2106 2374 2152 vertas
2410 2101 2618 2164 „solem

1530 2186 1598 2222 ex
1644 2170 1862 2220 sedibus
1914 2171 2028 2220 suis
2081 2176 2257 2221 ortum
2309 2171 2488 2232 esse“‚
2546 2169 2618 2220 ad

1532 2240 1767 2291 alterum
1800 2239 2073 2290 Herodoti
2117 2241 2300 2291 locum
2334 2241 2390 2304 1,
2437 2241 2500 2291 15
2534 2254 2617 2289 re-

1529 2309 1785 2374 spiciens,
1822 2309 1938 2359 sive
1967 2309 2164 2360 reddas
2206 2315 2401 2373 „extra
2436 2309 2619 2360 sedem

1530 2395 1687 2429 suam
1756 2380 2145 2442 consuetam“‚
2216 2380 2309 2429 vix
2364 2378 2618 2430 sufficere

1527 2464 1691 2513 posse
1719 2450 2054 2508 arbitratum
2101 2451 2290 2515 itaque
2318 2464 2383 2499 ex
2418 2440 2616 2514 ἠθέων

1530 2547 1595 2554 -
1620 2509 1934 2582 ἀναστῆναι
1962 2518 2080 2583 (pro
2103 2509 2412 2584 ἀνατεῖλαι)
2451 2517 2618 2568 scribi

1525 2587 1644 2637 vult
1685 2604 1749 2637 eo
1788 2602 1980 2651 sensu,
2022 2592 2084 2638 ut
2127 2591 2207 2638 sol
2235 2596 2418 2652 quater
2452 2588 2619 2637 sedem

1535 2657 1594 2722 (i.
1647 2671 1693 2707 e.
1749 2656 1955 2718 locum,
2007 2655 2153 2706 unde
2202 2655 2615 2721 proficiscatur:

1529 2727 1669 2786 „den
1699 2725 2120 2789 Amyanyspzmct
2144 2725 2241 2775 der·
2270 2725 2615 2790 Bewequn9“)

1527 2803 1747 2846 mutasse
1783 2794 2158 2859 perhibeatur;
2213 2810 2373 2860 quam
2410 2795 2467 2843 in
2502 2809 2615 2843 rem

1529 2864 1687 2914 addit
1721 2864 2006 2928 Pomponii
2043 2863 2223 2914 Melae
2261 2864 2432 2914 verba
2470 2863 2517 2926 Ι,
2561 2862 2612 2926 9,

1529 2950 1595 2984 ex
1646 2934 1751 2984 hoc
1791 2935 1912 2998 ipso
1950 2933 2216 2985 Herodoti
2265 2934 2384 2984 loco
2419 2932 2618 2998 proba-

1525 3004 1710 3054 biliter
1746 3003 1941 3055 ducta:
1993 3011 2228 3069 „quater
2258 3019 2449 3055 cursus
2488 3017 2615 3053 suos

1526 3075 1760 3124 vertisse
1786 3072 1984 3136 sidera,
2008 3090 2074 3123 ac
2096 3074 2265 3125 solem
2281 3074 2366 3124 bis
2389 3074 2499 3123 iam
2525 3088 2611 3122 oc·

1528 3143 1744 3206 cidisse,
1767 3143 1910 3193 unde
1929 3159 2072 3194 nunc
2093 3143 2363 3194 oriatur.“
2380 3144 2609 3193 Persua-

1529 3214 1603 3263 sit
1643 3214 1785 3263 hanc
1809 3214 2170 3264 mutationem
2191 3213 2392 3278 Lepsio
2425 3210 2613 3275 (Chro-

1527 3282 1707 3347 nolog.
1748 3282 1794 3331 1.
1833 3298 1886 3346 p.
1935 3281 2053 3347 190)
2087 3285 2326 3347 itemque
2362 3281 2613 3331 Schwen—

1528 3351 1651 3401 ckio
1700 3349 1777 3414 (in
1806 3351 2199 3401 Schneidewin.
2234 3350 2503 3413 Philolog.
2560 3349 2608 3397 Ι.

1525 3436 1580 3483 p.
1630 3419 1778 3483 162),
1843 3421 1937 3484 qui
1987 3436 2107 3469 cum
2164 3413 2438 3467 ἐναντίων
2487 3422 2614 3465 ante

1526 3480 1725 3551 ἠθέων
1771 3488 2040 3537 excidisse
2086 3487 2315 3551 primum
2371 3486 2614 3549 suspica-

1529 3561 1619 3605 tus
1648 3560 1826 3617 esset,
1880 3560 2074 3620 postea
2108 3554 2384 3605 Boeckhio
2422 3569 2481 3603 se
2518 3553 2612 3602 ad-

1530 3623 1917 3688 stipulatnrum
1952 3639 2072 3674 esse
2107 3624 2274 3684 dixit,
2323 3623 2430 3672 nisi
2465 3622 2615 3672 locu-

1531 3695 1612 3743 tio
1658 3684 1713 3752 ἐξ
1750 3683 1947 3756 ἠθέων
1993 3685 2337 3755 ἀναστῆναι,
2392 3690 2459 3741 de
2499 3690 2614 3741 sole

1531 3761 1797 3824 adhibita,
1821 3767 1876 3810 et
1893 3762 2013 3826 ipsa
2033 3761 2330 3812 offenderet
2352 3760 2614 3826 simulque

1528 3831 1799 3882 transitus
1870 3831 2029 3880 nimis
2092 3831 2261 3880 durus
2316 3831 2610 3881 videretur.

1531 3899 1799 3966 Equidem
1846 3905 1901 3950 et
1936 3902 2054 3965 ipse
2087 3900 2171 3950 his
2210 3899 2482 3966 offendor,
2520 3916 2611 3951 ne-

1535 3985 1640 4036 que
1662 3969 1831 4019 solem
1860 3960 1915 4030 ἐξ
1944 3967 2143 4035 ἠθέων
2179 3961 2495 4036 ἀναστῆναι
2518 3986 2613 4020 va-

1525 4040 1638 4089 lere
1691 4054 1852 4103 posse
1908 4039 2150 4090 credam:
2206 4043 2396 4102 „solem
2445 4042 2612 4090 sedem

1524 4124 1665 4158 suam
1699 4109 1956 4159 ‚metasse“
1994 4124 2135 4175 quae
2156 4108 2487 4174 significatio
2506 4110 2611 4158 uti-

1527 4193 1631 4242 que
1657 4178 1816 4227 abest
1841 4194 1874 4227 a
1899 4180 2067 4229 verbo
2094 4170 2428 4242 ἀναστῆναι,
2468 4176 2611 4242 quod

1525 4245 1659 4296 nihil
1695 4247 1842 4298 aliud
1889 4247 2169 4299 declarare
2213 4248 2269 4298 h.
2309 4249 2347 4300 l.
2385 4248 2609 4312 poterit,

1524 4315 1630 4366 nisi
1666 4318 1820 4367 solem
1863 4334 1892 4366 e
1926 4319 2129 4368 sedibus
2178 4320 2283 4367 suis
2328 4317 2614 4380 profectum

1524 4400 1568 4435 s.
1603 4388 1711 4435 Ioco
1746 4394 1944 4442 motum.
1989 4389 2181 4450 pulsum
2218 4402 2343 4435 esse.
2419 4384 2615 4447 Itaque

2118 4466 2199 4528 48
