3109 5092
1035 339 1535 401 EUTERPE.
1585 340 1669 399 H.
1717 348 1840 402 151.
1888 347 2007 403 152.

385 520 601 604 θμοῦ,
631 517 876 584 ἕνδεκα
894 568 911 600 ,
954 513 1266 584 δυώδεκα
1293 515 1499 582 ἐοῦσι.
1574 515 1876 582 ἐνθαῦτα
1906 509 1995 593 ὥς
2021 511 2146 582 οὐκ
2178 508 2312 597 εἶχε
2341 508 2595 597 φιάλην
2622 503 2657 576 ὁ

385 626 654 706 ἔσχατος
683 617 922 699 ἑστεώς
948 615 1174 686 αὐτῶν
1215 616 1683 706 Ψαμμήτιχος,
1724 615 2197 706 περιελόμενος
2227 610 2353 701 τὴν
2379 614 2656 700 κυνέην,

385 726 632 792 έοῦσαν
658 725 982 809 χαλκέην,
1024 716 1271 808 ὑπέσχε
1297 748 1368 788 τε
1400 722 1510 789 καὶ
1543 726 1846 790 ἔσπενδε.
1918 723 2163 801 κυνέας
2198 717 2275 789 δὲ
2306 718 2418 785 καὶ
2447 719 2518 784 οἰ
2535 713 2654 783 ἅλ-

385 836 489 895 λοι
517 822 808 907 ἅπαντες
837 824 1125 914 ἐφόρεόν
1154 851 1225 893 τε
1260 825 1598 911 βασιλέες,
1642 826 1753 893 καὶ
1797 823 2168 913 ἐτύγχανον
2194 820 2341 894 τότε
2371 827 2652 906 ἔχοντες.

393 928 825 1017 Ψαμμήτιχος
866 932 993 1019 μέν
1035 955 1168 997 νυν
1207 924 1440 996 οὐδενὶ
1486 932 1744 1020 δολερῷ
1779 926 1916 1020 νόῳ
1958 927 2366 1017 χρεώμενος,
2409 918 2656 1010 ὑπέσχε

387 1032 510 1121 τὴν
537 1035 808 1121 κυνέην.
842 1037 912 1102 οἱ
934 1031 1029 1116 δὲ,
1062 1033 1136 1099 ἐν
1165 1033 1366 1118 φρενὶ
1398 1030 1714 1119 λαβόντες
1739 1030 1815 1100 τό
1842 1058 1915 1100 τε
1942 1032 2233 1119 ποιηθὲν
2262 1031 2335 1097 ἐκ
2368 1036 2653 1114 Ψαμμη-

386 1143 575 1224 τίχου
612 1138 722 1205 καὶ
750 1134 824 1205 τὸ
852 1133 1255 1223 χρηστήριον
1274 1186 1290 1218 ,
1322 1132 1360 1202 ὅ
1388 1162 1448 1202 τι
1478 1134 1835 1222 ἐκέχρηστό
1858 1155 1979 1222 σφι
1998 1187 2016 1218 ,
2046 1134 2166 1204 τὸν
2192 1132 2436 1221 χαλκέῃ
2463 1136 2653 1198 σπεί-

386 1260 596 1308 σαντα
643 1237 868 1308 αὐτών
910 1237 1153 1327 φιάλῃ,
1213 1242 1456 1307 τοῦτον
1505 1240 1785 1326 βασιλέα
1826 1244 2103 1308 ἔσεσθαι
2140 1243 2399 1327 μοῦνον
2438 1232 2654 1320 Αίγύ-

384 1368 587 1427 πτου,
634 1339 1180 1430 ἀναμνησθέντες
1210 1346 1332 1410 τοῦ
1359 1346 1693 1430 χρησμοῦ,
1742 1356 1997 1412 κτεῖναι
2032 1343 2159 1430 μὲν
2185 1339 2309 1411 οὐκ
2339 1342 2647 1408 ἐδικαίω-

381 1467 510 1515 σαν
561 1444 1032 1535 Ψαμμήτιχον,
1089 1439 1178 1523 nis
1231 1441 1638 1534 ἀνεύρισκον
1688 1452 2159 1532 βασανίζοντες
2213 1449 2279 1527 ἐξ
2334 1438 2651 1529 οὐδεμιῆς

381 1556 699 1637 προνοίης
737 1546 947 1618 αὐτὸν
986 1547 1390 1637 ποιήσαντα·
1447 1551 1513 1628 ές
1561 1547 1636 1616 δὲ
1679 1545 1758 1616 τὰ
1808 1550 1964 1617 ἕλεα
2007 1549 2198 1632 ἔδοξέ
2231 1567 2352 1636 σφι
2393 1549 2648 1630 διῶξαι,

378 1651 803 1733 ψιλώσαντας
830 1650 910 1721 τὰ
939 1659 1215 1720 πλεῖστα
1245 1657 1361 1738 τῆς
1391 1651 1715 1739 δυνάμιος
1734 1674 1748 1687 ·
1782 1653 1855 1719 ἐκ
1887 1651 1963 1720 δὲ
1990 1658 2129 1721 τών
2155 1654 2362 1721 ἑλέων
2388 1645 2645 1738 ὁρμεώ-

376 1784 583 1843 μενον
610 1754 698 1843 μή
725 1759 1198 1843 ἐπιμίσγεσθαι
1226 1760 1310 1842 τῇ
1334 1751 1502 1844 ἄλλῃ
1537 1752 1880 1847 Αἰγύπτῳ.
1939 1751 2072 1823 Τὸν
2102 1755 2176 1824 δὲ
2208 1752 2647 1843 Ψαμμήτιχον
2668 1762 2787 1823 152

444 1954 474 2011 ὁ
524 1957 755 2027 ἔσχατος
799 1956 1000 2019 ἕστεώς
1052 1952 1244 2011 αὐτῶν
1299 1960 1460 2025 Ψαμ·

374 2024 629 2097 μήτιχος]
655 2023 846 2080 αι’·τῶν
881 2048 1000 2082 cum
1028 2031 1300 2083 Gaisford.
1334 2031 1460 2081 dedi

375 2118 473 2167 pro
519 2101 669 2165 vulg.
717 2092 956 2150 αὐτέων
1000 2106 1164 2167 atque
1219 2093 1456 2165 Ψαμμή-

372 2185 528 2234 τιχος
560 2186 656 2234 pro
699 2168 1067 2235 Ψαμμίτιχος,
1108 2172 1175 2221 de
1212 2187 1318 2235 quo
1344 2171 1457 2221 vid.

376 2242 421 2302 1,
460 2240 559 2292 105
596 2246 650 2288 et
695 2240 769 2300 ῙΙ,
808 2242 858 2289 2.
932 2240 1306 2291 Psammitichi
1360 2255 1457 2290 no-

376 2325 495 2358 men
556 2310 698 2359 notis
745 2308 1166 2375 hieroglyphicis
1223 2310 1458 2360 conscri-

375 2384 528 2443 ptum
598 2381 654 2427 in
735 2381 1096 2429 monumentis
1167 2379 1455 2443 Aegyptiis

373 2465 515 2498 nunc
540 2449 861 2499 detexerunt
886 2449 992 2498 viri
1018 2448 1184 2499 docti.
1256 2449 1457 2498 Confer

373 2519 449 2568 M.
495 2519 731 2569 Fritsch.
793 2518 832 2568 l.
883 2518 921 2567 l.
971 2534 1096 2583 pag.
1148 2519 1233 2568 54.
1287 2519 1355 2570 69
1402 2524 1456 2568 et

372 2589 484 2636 vid.
523 2593 660 2638 nott.
699 2586 771 2636 ad
805 2586 882 2650 11,
920 2589 970 2636 2.
1043 2588 1109 2636 In
1146 2603 1297 2651 seqq.
1335 2603 1457 2636 ver-

371 2658 454 2706 bis
494 2648 888 2719 περιελόμενος
917 2649 1023 2721 τὴν
1055 2651 1292 2719 κυνέην,
1331 2649 1457 2706 ἐοῦ-

376 2738 483 2774 σαν
517 2719 757 2789 χαλκέην
795 2724 856 2786 (ἰ.
896 2741 943 2775 e.
978 2730 1161 2790 yalea,
1202 2742 1332 2791 quae
1367 2742 1456 2776 ae—

369 2811 466 2844 nea
502 2803 633 2855 erae,
669 2793 929 2858 detracta)
966 2795 1167 2845 Noster
1207 2796 1456 2846 consulto

372 2865 650 2914 addidisse
689 2863 905 2913 videtur
950 2854 1158 2914 ἐοῦσαν
1195 2859 1453 2929 χαλκέην,

371 2934 512 2999 quod
550 2925 720 2995 κυνέη
757 2932 921 2983 talem
957 2935 1174 2999 proprie
1211 2935 1455 2985 declarat

370 3003 600 3067 galeam,
641 3017 779 3067 quae
804 3018 869 3052 ex
901 3003 1039 3068 pelle
1070 3008 1154 3054 est
1180 3005 1450 3066 confecta,

367 3077 429 3122 ut
451 3074 574 3134 vn,
602 3074 688 3132 77,
708 3072 801 3122 ubi
821 3073 933 3123 vid.
962 3078 1123 3137 nott„
1156 3080 1209 3124 et
1225 3075 1304 3135 ΙΙ,
1327 3074 1447 3125 162.

369 3143 757 3208 Aegyptiorum
805 3158 936 3193 vero
982 3144 1175 3207 galeae
1222 3145 1451 3209 plerum-

367 3228 471 3276 que
512 3228 577 3262 ex
619 3227 745 3262 aere
780 3212 962 3262 factae
1002 3230 1111 3264 non
1161 3219 1344 3276 erant,
1391 3217 1453 3264 ut

368 3282 505 3331 satis
541 3285 876 3344 monstrant,
916 3298 1055 3346 quae
1093 3299 1157 3332 ex
1190 3284 1322 3347 ipsis
1351 3285 1453 3333 Ae—

368 3352 676 3414 gyptiorum
696 3352 1057 3401 monumentis
1073 3351 1333 3410 exhibuit,
1357 3352 1453 3402 ad-

365 3418 494 3467 ditis
540 3417 733 3468 talium
779 3419 1056 3480 galearum
1103 3421 1452 3483 imaginibus,

365 3487 696 3536 Wilkinson.
758 3487 1014 3537 Manners
1069 3493 1173 3538 etc.
1219 3490 1264 3538 1.
1325 3506 1449 3553 paoe.

364 3556 468 3608 :330
504 3571 615 3620 seq.
657 3554 784 3605 coll.
806 3554 925 3607 366.
1003 3557 1085 3607 Ad
1113 3573 1265 3607 nsum
1299 3559 1452 3607 verbi

363 3622 784 3687 περιαιρεῖσθαι
800 3624 945 3675 conf.
967 3630 1107 3676 nott.
1132 3626 1202 3676 ad
1227 3626 1331 3687 111,
1358 3627 1443 3676 41.

430 3686 496 3742 τό
539 3709 598 3743 τε
640 3686 895 3756 ποιηθὲν
935 3684 1004 3742 ἐκ
1048 3693 1444 3760 Ψαμμητίχου]

361 3765 445 3813 De
477 3780 578 3814 usu
614 3764 1032 3827 praepositionis
1079 3754 1137 3813 ἐκ
1186 3764 1330 3814 conf.
1369 3764 1445 3826 11,

365 3832 481 3895 1-18,
520 3839 575 3884 et
610 3833 677 3883 de
713 3833 834 3897 ipso
872 3833 1122 3898 oraculo,
1159 3833 1303 3899 quod
1341 3834 1449 3883 No-

360 3907 472 3951 ster
509 3903 706 3964 tangit,
748 3902 824 3962 11,
865 3904 983 3953 147.

428 3961 464 4019 ὅ
504 3988 556 4020 τι
602 3964 901 4034 ἐκέχρηστό
944 3969 1065 4037 σφι]
1102 3968 1282 4034 Vulgo
1333 3961 1447 4019 ἐκέ·

359 4054 553 4118 χρητθο,
588 4039 732 4104 quod
757 4040 1080 4101 abiecimus;
1118 4039 1191 4090 cs.
1220 4040 1295 4100 11,
1327 4039 1443 4091 147.

361 4111 443 4158 De
483 4123 513 4157 ο
548 4124 609 4157 τι
646 4109 792 4158 conf.
831 4109 1101 4159 Knehner.
1131 4109 1224 4159 Gr.
1256 4109 1350 4159 Gr.
1392 4112 1443 4170 §.

359 4178 452 4226 781
499 4182 615 4227 not.
655 4179 704 4237 5,
743 4178 836 4242 qui
860 4178 970 4227 vim
1000 4179 1332 4243 pronominis
1366 4179 1448 4227 sic

358 4245 512 4297 reddi
560 4246 706 4296 vult:
771 4250 948 4302 „cuius
980 4249 1121 4298 modo
1166 4251 1229 4298 iis
1266 4245 1445 4312 [ipsis]

356 4316 526 4365 domm
562 4313 737 4367 erat.“
807 4316 972 4366 Plura
1019 4318 1087 4367 de
1127 4315 1288 4366 huius
1325 4331 1447 4381 pro-

353 4384 589 4438 nominis
625 4401 728 4440 usn
762 4386 908 4455 apud
942 4385 1304 4450 Herodotum,
1342 4400 1444 4435 nec

1562 1963 1665 2013 hoc
1699 1964 1820 2015 loco
1840 1964 2242 2029 praetermisso,
2270 1964 2423 2016 dabit
2449 1967 2648 2019 Strnve

1564 2034 1788 2093 Quaest.
1829 2035 1895 2085 de
1931 2034 2150 2085 dialect.
2188 2035 2453 2087 Herodot.
2485 2038 2643 2102 Spec.

1564 2103 1669 2166 (Ι.)
1690 2119 1814 2167 pag.
1838 2105 1942 2155 463
1962 2121 2111 2169 seqq.
2170 2105 2306 2154 Post
2325 2097 2647 2170 ποιήσαντα

1562 2173 1702 2236 quod
1742 2174 1975 2225 Bekker.
2021 2174 2288 2225 excidisse
2334 2177 2646 2241 suspicaba-

1561 2246 1649 2292 tur
1680 2236 1748 2291 τὰ
1783 2234 2051 2308 ἐποίησα,
2089 2246 2280 2295 merito
2298 2245 2488 2296 reiecit
2516 2249 2643 2298 Bre-

1563 2312 1685 2362 dov.
1725 2329 1850 2379 pag.
1886 2313 1969 2365 30.

1604 2388 1684 2477 ἱές
1715 2392 1777 2447 δὲ
1809 2392 1878 2448 τὰ
1905 2394 2063 2450 ἕλεα
2099 2394 2263 2462 ἔδοξέ
2290 2416 2391 2466 σφι
2415 2399 2647 2472 διῶξαι]

1560 2483 1627 2515 τα
1667 2461 1790 2516 ἕλεα
1827 2485 1966 2535 quae
2002 2472 2139 2533 sint,
2188 2472 2420 2522 vidimus
2461 2475 2531 2524 ad
2569 2476 2646 2539 11,

1556 2536 1646 2588 92.
1683 2539 1800 2588 140.
1848 2540 2115 2590 Admonet
2140 2557 2351 2606 quoque
2371 2543 2644 2606 paludum,

1558 2606 1627 2655 ad
1667 2623 1802 2671 quas
1840 2608 2280 2660 Psammitichum
2332 2611 2644 2677 relegarint,

1555 2675 1761 2726 Ritter:
1797 2678 2095 2728 Erdkunde
2130 2679 2174 2728 1.
2213 2695 2339 2743 pag.
2381 2681 2501 2730 822.

1630 2754 1992 2821 ψιλώσαντας
2027 2755 2095 2812 τὰ
2124 2764 2377 2830 πλεῖστα]
2412 2765 2642 2831 ψιλοῦν,

1560 2833 1774 2892 nudare,
1806 2833 1839 2883 i.
1862 2849 1911 2883 e.
1932 2837 2154 2896 potentia
2174 2850 2381 2894 exuere,
2404 2838 2641 2900 minuere,

1559 2901 1799 2951 illustrat
1836 2902 2161 2967 Wesseling.
2198 2905 2445 2968 Xenoph.
2479 2906 2644 2969 Cyro-

1558 2971 1716 3036 paed.
1754 2971 1848 3032 IV,
1886 2975 1937 3032 5,
1978 2971 2043 3023 19
2072 2978 2128 3023 et
2148 2974 2311 3025 Dion.
2339 2974 2492 3026 Cass.
2524 2979 2642 3040 XL,

1556 3042 1643 3091 62.
1718 3040 1858 3093 Add.
1880 3041 2185 3094 Blomfield.
2219 3043 2273 3093 in
2299 3044 2541 3096 Glossar.
2573 3047 2642 3097 ad

1554 3110 1806 3175 Aeschyl.
1840 3111 2079 3178 Choeph.
2099 3112 2221 3165 683.
2262 3115 2345 3163 De
2368 3118 2645 3167 structura

1555 3182 1858 3231 accusativi
1925 3175 2358 3248 (ψιλώσαντας)
2429 3202 2645 3250 praece-

1554 3250 1718 3300 dente
1756 3251 1944 3302 dativo
1992 3253 2146 3313 (σφι)
2184 3253 2327 3303 conf.
2370 3253 2415 3311 Ι.
2456 3256 2537 3306 13.
2579 3254 2643 3305 19

1555 3320 1739 3383 ibique
1765 3325 1904 3371 nott.
1930 3350 2000 3360 —-
2030 3322 2095 3370 In
2135 3337 2286 3386 seqq.
2318 3320 2512 3386 reliqui
2548 3312 2643 3380 ὁο-

1552 3386 1863 3451 μεώμενον,
1896 3390 2041 3454 quod
2076 3390 2267 3453 optimi
2306 3390 2554 3441 serebant
2581 3391 2645 3440 li-

1553 3458 1638 3506 bri
1673 3457 1891 3520 scripti,
1929 3464 1990 3509 ut
2037 3473 2202 3521 supra
2226 3452 2561 3520 χρεωμένων
2588 3464 2644 3509 et

1553 3522 1888 3588 χοέωμενος,
1919 3532 2205 3590 utrumque
2226 3542 2254 3575 e
2279 3526 2533 3579 Bredovii
2557 3544 2644 3578 ca-

1553 3609 1697 3672 non‘e
1742 3592 1895 3670 (pag.
1942 3597 2046 3647 387
2085 3595 2244 3671 squ'
2267 3597 2641 3661 corrigendum

1550 3661 1605 3710 in
1642 3675 1995 3725 ορμεομενον
2025 3669 2079 3712 et
2112 3678 2444 3728 χρεομενος,
2483 3681 2643 3731 χρεο-

1549 3723 1753 3789 μὲνων.
1793 3761 1865 3769 -
1908 3733 1995 3782 Ad
2049 3723 2445 3797 ἐπιμίσγεσθαι
2493 3737 2638 3788 conf.

1549 3799 1597 3860 1,
1636 3798 1737 3852 185
1774 3799 1907 3866 ibiq.
1942 3807 2083 3854 nott.

1928 4006 2060 4057 ΟΑΡ.
2100 4006 2268 4058 CLII.

1628 4099 1747 4156 Τὸν
1774 4102 1839 4156 δὲ
1884 4099 2260 4173 Ψαμμήτιχον
2292 4124 2344 4158 κ.
2371 4124 2417 4158 τ.
2450 4109 2522 4173 λ.]
2554 4111 2639 4160 De

1549 4181 1849 4240 temporum
1888 4179 2100 4227 ratione
2138 4179 2283 4229 conf.
2310 4183 2425 4228 not.
2464 4177 2532 4227 ad
2558 4179 2634 4238 11,

1552 4247 1676 4305 1473
1733 4244 1799 4295 de
1844 4246 1963 4311 ipso
2010 4246 2170 4297 huius
2221 4248 2419 4313 capitis
2479 4263 2638 4312 argu-

1547 4319 1731 4365 mento
1768 4316 1912 4366 conf.
1951 4317 2177 4367 Diodor.
2218 4317 2263 4380 Ι,
2308 4316 2396 4368 66.
2461 4317 2634 4366 Beck:

1546 4384 1778 4452 Allgem.
1794 4385 2130 4452 Weltgesch.
2158 4388 2205 4437 Ι.
2238 4402 2367 4451 pag.
2393 4388 2494 4436 722
2515 4401 2633 4454 seq.

2535 333 2658 396 779
2740 403 2748 410 ⁴
