3109 5092
490 341 615 401 576

1356 340 1899 403 HERODOTI

489 512 878 594 διαστάντες
943 513 1252 602 φυλακὰς
1319 519 1547 602 ἔχουσι
1626 520 1764 584 τῶν
1832 512 2243 603 αἰελούρων,
2314 510 2773 604 ἀμελήσαντες

485 616 854 705 σβεννύναι
906 616 982 687 τὸ
1031 618 1427 707 καιόμενον·
1500 623 1573 687 οἰ
1625 618 1700 687 δὲ
1751 622 2129 705 αἰέλουροι,
2203 617 2597 697 ὃιαδύοντες
2649 618 2770 686 καὶ

484 716 1087 809 ὑπερθρώσκοντες
1150 719 1308 801 τοὺς
1363 717 1809 811 ἀνθρώπους,
1885 720 2277 790 ἐσάλλονται
2342 724 2410 801 ἐς
2471 718 2548 789 τὸ
2600 726 2767 809 πῦρ.

481 829 691 892 ταῦτα
743 823 818 892 δὲ
866 824 1220 912 γινόμενα,
1275 828 1535 894 πένθεα
1590 823 1845 913 μεγάλα
1904 821 2062 903 τοὺς
2101 830 2520 910 Αἰγυπτίους
2553 850 2763 891 κατα-

482 927 830 1015 λαμβάνει.
923 930 997 996 ἐν
1049 924 1292 998 ὁτέοισι
1345 924 1410 996 δ’
1453 922 1540 996 ἂν
1583 934 1852 1010 οἰκίοισι
1888 930 2235 1015 αἰέλουρος
2265 923 2585 1013 ἀποθάνῃ
2624 922 2764 994 ἀπὸ

483 1035 605 1098 τοῦ
648 1028 1068 1118 αὐτομάτου,
1124 1034 1194 1100 οἱ
1235 1033 1646 1111 ἐνοικέοντες
1683 1029 1928 1109 πάντες
1964 1032 2314 1118 ξυρέονται
2350 1026 2466 1109 τὰς
2500 1026 2766 1117 ὀφρύας

484 1133 770 1221 μούνας,
804 1130 967 1221 παρ’
1005 1128 1254 1203 ὁτέοισι
1282 1130 1348 1202 δ’
1384 1129 1471 1203 ἂν
1501 1134 1725 1218 κύων,
1764 1137 1901 1202 πᾶν
1930 1130 2006 1201 τὸ
2034 1137 2225 1222 σῶμα
2250 1133 2363 1200 καὶ
2393 1129 2520 1219 τὴν
2545 1158 2760 1219 κεφα-

388 1244 465 1306 67
486 1237 634 1326 λήν.
693 1233 1092 1322 Ἀπάγονται
1129 1237 1204 1306 δὲ
1243 1240 1312 1305 οἰ
1343 1240 1681 1328 αἰέλουροι
1716 1232 2178 1315 ἀποθανόντες
2218 1240 2285 1316 ἐς
2322 1233 2471 1325 ι’ρᾶς
2502 1237 2764 1321 στέγας,

482 1394 786 1467 πρήγματα
839 1402 1055 1452 omnino
1112 1400 1322 1467 aliquid
1373 1402 1568 1451 mirum

484 1478 649 1537 atque
674 1471 914 1524 insolens
931 1510 944 1534 ,
979 1471 1125 1536 quod
1152 1487 1274 1521 cum
1299 1472 1569 1537 explicare

484 1556 750 1606 nequeas,
805 1541 1072 1591 divinitus
1123 1541 1393 1591 accidisse
1442 1556 1570 1591 con-

484 1615 802 1662 sentaneum
838 1611 929 1664 sit.
1006 1610 1166 1662 Conf.
1213 1611 1260 1674 1,
1310 1610 1428 1661 122.
1472 1610 1572 1660 174

485 1685 541 1731 et
574 1681 672 1743 VI,
708 1681 795 1733 69.

553 1744 614 1799 οἱ
636 1744 742 1815 μὲν
775 1742 881 1816 γὰρ
909 1741 1210 1814 Αἰγύπτιοι
1246 1738 1497 1797 διαστά
1511 1761 1571 1796 ν-

483 1819 616 1887 τες]
667 1821 705 1871 i.
743 1836 792 1871 e.
833 1836 930 1885 per
977 1818 1268 1872 intervalla
1304 1833 1350 1868 s.
1389 1816 1572 1881 spatia

484 1888 738 1955 dispositi
802 1889 988 1941 felium
1052 1887 1332 1940 custodias
1400 1890 1574 1950 agunt

484 1975 584 2010 nec
643 1959 938 2025 quidquam
989 1964 1181 2009 curant
1240 1956 1569 2007 incendium.

483 2029 772 2079 Caeterum
825 2028 1042 2079 dubitat
1083 2026 1415 2078 Wilkinson.
1451 2025 1489 2074 1.
1529 2025 1568 2074 l.

484 2112 612 2162 pag.
649 2099 736 2157 64,
776 2113 907 2147 num
935 2112 1124 2147 verum
1162 2097 1262 2160 sit,
1299 2094 1445 2160 quod
1481 2094 1571 2144 hic

485 2165 554 2215 de
588 2167 757 2217 nimia
792 2181 924 2216 cura
956 2171 1237 2226 narratur,
1276 2179 1414 2230 quae
1450 2163 1572 2214 feli-

482 2235 585 2284 bus
610 2234 912 2294 tribuatur3
940 2234 1148 2284 mavult
1168 2234 1241 2284 ad
1260 2249 1325 2283 ea
1349 2233 1571 2296 referre,

486 2318 627 2368 quae
659 2307 721 2353 ιιι
754 2303 999 2368 legentes
1047 2302 1445 2367 quodammodo
1482 2302 1572 2351 de-

481 2374 707 2436 tineret,
757 2374 957 2423 Noster
1003 2371 1307 2437 protulerit.
1387 2371 1572 2421 Fabu-

482 2443 591 2493 lam
636 2442 887 2493 consulto
933 2442 1005 2493 ab
1052 2441 1335 2492 Herodoto
1385 2440 1570 2490 fictam

484 2510 729 2563 declarat
750 2514 797 2563 Ι.
823 2513 878 2564 Β.
896 2512 957 2563 Ο.
985 2511 1355 2577 Schweigger:
1389 2510 1572 2560 Ueber

483 2582 1068 2633 naturwissenschaftl.
1117 2580 1421 2647 Mysterien
1463 2585 1570 2631 etc.

487 2650 692 2716 (1843).
731 2668 861 2718 pag.
900 2653 985 2704 35.
1022 2652 1106 2703 54.
1180 2653 1253 2702 At
1288 2651 1405 2700 veri
1441 2649 1572 2714 quid

483 2721 707 2772 subesse
741 2721 1091 2784 crediderim,
1140 2736 1262 2771 cum
1296 2733 1573 2784 nunquam

484 2790 619 2840 talia
655 2790 873 2842 finxerit
894 2806 959 2841 ac
984 2806 1083 2856 pro
1110 2791 1256 2840 veris
1285 2788 1575 2839 tradiderit

483 2859 746 2909 historiae
782 2866 958 2923 pater.

556 2925 735 2976 ταῦτα
761 2922 824 2978 δὲ
847 2920 1137 2995 γινόμενα]
1171 2929 1311 2979 Sunt
1336 2926 1575 2978 absoluti

488 2994 580 3060 qui
603 2994 856 3047 dicuntur
881 3012 1059 3047 casus.
1131 2998 1273 3048 Nam
1296 3001 1577 3062 exspecta-

486 3065 619 3113 bas:
665 3058 887 3115 τούτων
933 3058 996 3114 δὲ
1040 3057 1377 3130 γινομένων.
1447 3064 1573 3115 vid.

487 3134 631 3183 infra
665 3135 743 3198 11,
781 3135 878 3185 141
920 3133 1043 3185 coll.
1091 3135 1156 3186 41
1204 3134 1386 3199 ibique
1431 3139 1572 3184 nott.

488 3206 545 3253 et
579 3205 725 3255 conf.
772 3203 1028 3254 Kuehner
1072 3204 1167 3254 Gr.
1206 3203 1300 3254 Gr.
1344 3206 1397 3266 5.
1447 3203 1571 3255 670.

486 3270 655 3323 Plura
685 3273 782 3338 qui
820 3272 1093 3324 desiderat
1132 3271 1295 3322 huius
1329 3286 1462 3323 usus
1494 3276 1576 3322 te·

489 3342 769 3406 stimonia,
818 3341 983 3393 adeat
1014 3343 1196 3393 Reitz.
1236 3340 1304 3391 ad
1339 3341 1571 3392 Lucian.

487 3412 715 3464 Conviv.
753 3429 806 3478 p.
848 3411 968 3464 354.
1007 3411 1110 3464 355
1153 3415 1285 3461 tom.
1325 3411 1406 3460 IX
1437 3409 1571 3461 edit.

484 3482 706 3546 Bipont.
719 3509 787 3519 -—
799 3472 916 3531 άπὸ
940 3478 1045 3531 τοῦ
1057 3471 1381 3544 αὐτομάτου
1406 3484 1488 3531 est
1500 3482 1575 3529 ul-

487 3558 598 3615 tro,
634 3568 775 3613 casu,
811 3553 1041 3602 naturali
1052 3557 1223 3614 morte,
1262 3563 1402 3614 qnae
1421 3548 1572 3599 nulla

486 3622 821 3672 extrinsecus
854 3621 911 3670 vi
934 3624 1130 3671 coacta
1148 3618 1315 3680 venit,
1352 3623 1415 3667 ιιι
1451 3617 1575 3669 Gel-

489 3689 552 3739 lii
573 3697 699 3741 utar
732 3690 915 3740 verbis
935 3690 993 3740 in
1028 3690 1216 3740 Noctt.
1253 3688 1372 3738 Att.
1407 3687 1570 3748 XIII,

493 3758 542 3809 1.
593 3759 762 3810 Plura
781 3760 1037 3809 Lai-cher.
1057 3758 1125 3808 ad
1153 3757 1206 3837 13.
1224 3757 1265 3836 1,.
1316 3757 1401 3806 Τιι
1425 3755 1573 3837 qonf.

491 3841 726 3945 ἓιίιιῗίῖῗὲι
739 3828 815 3945 1(Ῑῖ
842 3818 1246 3961 ἐίἓῑιί-(Ῑξιῖςῗιῗ
1252 3822 1437 3944 albizi-id
1448 3839 1575 3944 agei

490 3968 618 4013 runt
667 3979 764 4028 pro
835 3956 991 4032 τέῃσι
1027 3990 1097 3999 -
1133 3959 1377 4029 οἰκίῃσι,
1428 3962 1576 4026 quod

489 4047 558 4082 ne
616 4033 882 4084 Graecum
942 4032 1154 4097 quidem
1213 4047 1334 4082 esse
1390 4036 1576 4082 monet

490 4101 688 4152 Struve
734 4101 892 4166 Spec.
943 4107 1154 4164 quaest.
1195 4100 1262 4152 de
1298 4100 1428 4152 dial.
1465 4101 1575 4151 He-

489 4169 606 4220 rod.
649 4170 696 4221 Ι.
735 4186 863 4236 pag.
901 4169 989 4221 48.

832 4289 965 4340 CAP-
999 4289 1228 4340 LXVII.

555 4364 913 4442 Ἂπάγονται]
951 4372 1170 4441 Reliqui
1214 4373 1346 4438 hoc,
1398 4379 1462 4425 nt
1521 4375 1570 4440 1,

1671 1401 1777 1453 209
1821 1407 1875 1452 et
1927 1402 2004 1465 11,
2062 1403 2147 1466 47,
2203 1402 2451 1467 quamvis
2507 1400 2767 1451 exhibeat

1671 1470 2225 1522 Schellershemianus
2251 1472 2391 1522 liber
2427 1463 2764 1535 ἅπαγὲαται,

1673 1541 1818 1606 quod
1851 1541 2152 1608 Schweigh.
2201 1547 2255 1592 et
2305 1541 2481 1593 Gaisf.
2530 1540 2765 1606 placuit.

1673 1609 1783 1661 Sed
1817 1611 1929 1661 vid.
1979 1616 2119 1662 nott.
2171 1611 2241 1661 ad
2284 1611 2323 1661 l.
2364 1612 2401 1661 1.
2474 1610 2607 1660 Mox
2640 1604 2765 1674 ἴραὶ

1676 1671 1865 1743 στέγαι
1914 1685 1969 1729 et
2014 1673 2136 1744 ῖραὶ
2186 1677 2399 1745 θῆκαι,
2445 1694 2582 1744 quas
2617 1680 2766 1729 infra

1675 1748 1835 1810 dicit,
1871 1764 1981 1799 non
2018 1749 2298 1812 differunt,
2337 1755 2487 1800 recte
2509 1753 2766 1800 mouente

1675 1817 2209 1884 Schweighaeusero.
2281 1821 2422 1870 Sunt
2465 1820 2607 1869 enim
2640 1833 2762 1868 con—

1674 1887 1889 1950 ditoria,
1943 1902 2201 1952 camerae,
2255 1891 2443 1950 cellae,
2492 1894 2542 1939 in
2588 1887 2766 1953 quibus

1671 1959 1856 2006 mortui
1881 1960 2175 2007 conduntur.
2255 1958 2347 2008 Sic
2367 1955 2549 2022 θῆκαι
2571 1957 2643 2018 11,
2669 1956 2762 2009 69.

1673 2024 1761 2074 90.
1802 2025 1904 2076 148
1950 2031 2005 2076 et
2050 2026 2196 2091 apud
2233 2027 2462 2079 Diodor.
2505 2025 2674 2077 Sicul.
2713 2026 2761 2088 1,

1674 2092 1760 2156 83,
1779 2093 1924 2144 unde
1940 2094 2075 2145 haec
2091 2095 2494 2147 adscribamus:
2520 2089 2766 2159 φέρουσι

1673 2158 1756 2220 εἰς
1790 2156 1890 2220 τὰς
1928 2163 2231 2243 ταριέείας·
2259 2160 2453 2216 ἔπειτα
2476 2164 2762 2228 θεραπευ-

1673 2225 1902 2283 θέντων
1936 2226 2128 2282 αύτων
2162 2232 2365 2303 κεδρίᾳ
2394 2265 2467 2275 —-
2500 2230 2763 2283 θάπτου·

1675 2315 1767 2351 σιν
1804 2292 1865 2350 ἐν
1890 2295 2075 2367 ἱεραῖς
2101 2296 2385 2367 θήκαις.
2457 2303 2610 2354 Alias
2630 2318 2760 2352 vero

1671 2372 1825 2437 ipsae
1857 2386 2072 2436 quoque
2106 2377 2318 2423 madae
2354 2372 2610 2423 dicuntur
2648 2370 2761 2436 θῆ-

1671 2456 1785 2489 και.
1846 2440 1971 2491 Vid.
2010 2442 2262 2493 Crenzer.
2289 2443 2611 2493 Commentt.
2650 2442 2762 2491 He-

1672 2510 1828 2560 rodd.
1866 2525 1920 2575 p.
1971 2511 2037 2561 67
2075 2517 2191 2563 not.
2242 2516 2298 2562 et
2335 2512 2481 2562 infra
2516 2512 2595 2573 11,
2636 2509 2756 2561 136.

1674 2580 1960 2630 Caeterum
1982 2580 2123 2630 hanc
2152 2580 2519 2632 conditionem
2548 2585 2604 2631 et
2634 2595 2761 2630 con-

1674 2649 2037 2698 secrationem
2085 2649 2413 2713 bestiarum,
2472 2665 2614 2714 quae
2665 2663 2760 2714 per

1674 2722 1849 2768 totam
1881 2719 2190 2783 Aegyptum
2223 2720 2486 2782 obtinuit,
2536 2720 2761 2770 coniun-

1675 2793 1819 2837 ctam
1858 2803 1981 2838 esse
2020 2803 2141 2838 cum
2173 2789 2295 2854 ipso
2333 2789 2632 2840 bestiarum
2665 2787 2763 2837 ha-

1673 2872 1793 2907 rum
1853 2856 2031 2920 cultu,
2092 2873 2249 2908 nemo
2305 2874 2416 2910 non
2478 2856 2758 2922 intelligit.

1677 2926 1836 2989 Quod
1871 2931 1933 2976 ut
1966 2926 2312 2992 aliquatenus
2348 2928 2760 2993 perspiciamus,

1676 2996 2056 3047 astronomicis
2112 2996 2419 3047 rationibus
2480 2996 2759 3059 adhibitis,

1675 3065 1971 3131 cogitanda
2004 3070 2134 3115 sunt
2157 3066 2376 3116 siderea
2413 3070 2658 3116 armenta
2693 3080 2762 3115 ac

1675 3149 1868 3199 greges
1915 3134 2066 3185 solis.
2142 3135 2275 3184 Cum
2316 3135 2457 3185 enim
2502 3133 2763 3185 animalia

1673 3204 1785 3253 sint
1809 3204 2029 3254 deorum
2053 3204 2211 3268 quasi
2231 3204 2519 3270 imagines,
2534 3204 2611 3254 dii
2629 3219 2761 3253 vero

1657 3272 2065 3337 Aegyptiorum
2110 3288 2363 3339 magnam
2414 3279 2625 3338 partem
2672 3287 2763 3323 ca-

1672 3340 1952 3402 lendares‚
1994 3341 2087 3407 qui
2117 3343 2380 3410 mensium
2426 3343 2586 3409 signa
2621 3343 2764 3392 inter

1674 3425 1735 3460 se
1782 3409 2200 3474 distribuerunt,
2262 3411 2469 3462 factum
2510 3416 2621 3474 est,
2678 3416 2759 3474 ut,

1673 3479 1875 3544 singuli
1909 3479 2004 3529 ubi
2037 3481 2198 3545 signa
2236 3495 2340 3531 sua
2382 3481 2763 3546 ingrediantur

1672 3548 2761 3684 Essssffffliiffiffitssrffifflffiss'ffig'sszi?

1675 3686 1795 3737 Iam
1828 3687 1923 3737 ubi
1959 3686 2094 3737 illud
2130 3686 2462 3751 invaluerat,
2498 3693 2562 3738 ιιι
2596 3689 2760 3739 certis

1675 3755 1992 3805 animalium
2019 3754 2205 3822 figuris
2229 3762 2510 3808 notaretur
2538 3763 2593 3808 et
2623 3756 2761 3807 side-

1675 3839 1793 3873 rum
1815 3826 2089 3889 potiorum
2111 3824 2377 3892 (zodiaci)
2414 3832 2470 3877 et
2494 3827 2760 3877 mensium

1678 3893 1852 3954 orbis,
1913 3895 1969 3944 in
2018 3894 2179 3945 fastis
2226 3895 2524 3946 condendis
2576 3910 2763 3945 couse-

1676 3968 1901 4013 crarunt
1935 3963 2034 4012 has
2076 3964 2224 4029 ipsas
2273 3963 2475 4030 figuras
2513 3964 2762 4015 sacerdo-

1676 4036 1784 4094 tes,
1838 4047 1943 4097 quo
1985 4033 2201 4097 penitus
2258 4049 2355 4084 eae
2398 4036 2458 4084 in
2499 4034 2761 4085 memoria

1675 4100 1952 4151 hominum
2001 4101 2382 4167 defigerentur.
2458 4105 2564 4154 Est
2606 4118 2757 4167 prae-

1675 4169 1867 4234 cipuus
1902 4170 2057 4222 locus
2091 4171 2251 4233 solis,
2289 4187 2324 4221 a
2365 4171 2518 4222 cuius
2554 4187 2651 4237 per
2687 4172 2758 4221 si-

1674 4253 1786 4303 gna
1822 4239 1957 4290 coeli
1987 4241 2290 4305 insigniora
2312 4241 2544 4291 meantis
2578 4247 2756 4290 annuo

1675 4308 1805 4357 orbe
1830 4308 2067 4372 pendent
2093 4309 2344 4373 plurima.
2416 4309 2599 4361 Solem
2626 4324 2757 4360 vero

1675 4374 1949 4428 Osiridem
1990 4391 2111 4428 esse
2147 4378 2353 4429 dictum
2385 4378 2616 4440 scimus3
2664 4379 2761 4443 qui
