3109 5092
479 318 605 379 676

480 492 716 584 ἄνεμοι
756 490 1158 581 ἐκβάλλουσι
1206 492 1272 570 ἐς
1329 487 1403 558 τὸ
1458 488 1839 575 Αἰγύπτιον
1886 489 2206 574 πέλαγος·

1345 313 1884 376 HERODOTI

2317 488 2646 554 ἐνθεῦτεν
2685 484 2765 554 δὲ

481 596 595 681 (οὐ
623 596 750 686 γὰρ
790 594 966 665 ἆνίει
994 592 1074 663 τὰ
1102 593 1493 681 πνεύματα)
1533 588 1921 661 ἀπικνέεται
1954 592 2021 670 ἐς
2064 599 2448 676 Αἰγυπτον,
2489 590 2603 657 καὶ
2630 594 2759 657 Αἰ-

482 701 693 789 γύτου
722 703 788 781 ἐς
813 696 889 768 τὸ
916 703 1048 767 νῦν
1075 695 1485 785 Κανωβικὸν
1524 693 1945 783 καλεύμενον
1971 692 2179 782 στόμα
2210 698 2333 761 τοῦ
2359 699 2618 761 Νείλου
2646 694 2763 760 καὶ

484 809 551 885 ἐς
590 809 966 894 Ταριχηΐας.
1036 791 1123 889 ἦν
1151 800 1225 869 δὲ
1262 802 1370 869 ἐπὶ
1401 805 1515 889 τῆς
1543 796 1771 887 ἠϊόνος
1790 849 1808 883 ,
1836 794 1875 865 ὃ
1902 799 2014 866 καὶ
2045 801 2179 866 νῦν
2206 797 2379 882 ἐστὶ,
2399 791 2765 887 ‘Hpaxze'og

484 906 665 997 ἱρόν·
738 910 804 987 ἐς
829 904 904 974 τὸ
930 898 1017 993 ἦν
1045 901 1457 991 καταφυγών
1484 905 1743 989 οἰκέτης
1770 895 2030 970 ὁτευῶν
2052 897 2447 989 ἀνθρώπων
2487 898 2724 986 ἐπιβά-
2751 916 2859 968 155

484 1020 676 1099 ληται
722 1016 1046 1098 στίγματα
1076 1004 1221 1095 ἱρὰ,
1268 1004 1523 1076 ἑωυτὸν
1554 1002 1788 1084 διδούς
1817 1008 1911 1097 τῷ
1949 1007 2129 1097 θεῷ,
2177 999 2304 1071 οὐκ
2349 1006 2560 1085 ἔξεστι
2598 1001 2758 1071 τού-

483 1177 656 1227 trario
704 1192 750 1228 s.
806 1192 873 1226 ex
916 1175 1149 1225 adverso
1209 1176 1406 1226 flantes
1452 1189 1571 1223 cur-

484 1261 712 1311 sumque
739 1250 943 1296 rectum
979 1244 1334 1309 impedientes
1357 1244 1573 1308 alioque

485 1317 812 1379 navigantes
864 1314 1266 1379 compellentes.
1363 1312 1571 1364 Eadem

484 1383 691 1433 locutio
728 1383 873 1448 apud
907 1383 1161 1435 Aeschin.
1200 1384 1381 1448 Epist.
1432 1382 1478 1432 1.
1512 1398 1569 1447 p.

486 1452 608 1514 659,
651 1454 743 1517 qui
793 1453 935 1502 idem
970 1453 1149 1517 Epist.
1184 1453 1252 1503 X.
1298 1468 1427 1517 pag.
1466 1452 1571 1501 684

486 1511 672 1642 ism
704 1512 1575 1656 hams?&23322132222

487 1675 639 1711 mare
697 1659 859 1723 illud,
933 1660 1076 1725 quod
1145 1662 1454 1725 Aegyptum
1518 1664 1573 1710 et

487 1731 759 1796 utrimque
815 1731 1028 1780 vicinas
1082 1745 1206 1779 oras
1261 1730 1447 1791 alluit,
1511 1734 1574 1779 ut

486 1799 732 1865 pluribus
781 1800 1108 1850 monstravit
1151 1798 1570 1863 Wesselingius.

488 1870 650 1920 Conf.
695 1869 944 1934 inprimis
1002 1869 1256 1919 Strabon.
1317 1869 1394 1920 11.
1441 1884 1567 1933 pag.

493 1938 592 1990 182
638 1939 697 1989 C.
747 1940 797 1989 D
857 1939 975 1988 sive
1019 1954 1146 2004 pag.
1199 1939 1288 1988 121
1341 1940 1391 1989 D
1440 1937 1565 1988 coll.

487 2023 613 2073 pag.
657 2009 754 2059 187
803 2023 850 2058 s.
902 2009 998 2058 125
1045 2008 1116 2057 Ι).
1169 2035 1241 2044 -
1286 2006 1575 2057 Caeterum

488 2078 545 2126 in
582 2079 829 2128 oratione
862 2076 984 2141 ipsa
1018 2076 1379 2126 animadverti
1414 2077 1578 2127 debet

487 2146 752 2195 transitus
812 2146 1027 2195 subitus
1072 2146 1141 2195 ab
1193 2146 1461 2195 indirecta
1505 2145 1576 2196 ad

488 2214 751 2264 directam
790 2229 950 2280 quam
995 2218 1198 2264 vocant
1240 2216 1574 2278 orationem3

488 2282 599 2332 vid.
634 2298 773 2348 quae
811 2284 992 2333 monui
1039 2283 1109 2333 ad
1152 2283 1435 2334 Plutarchi
1480 2287 1578 2336 Ar-

391 2392 404 2405 .
488 2356 699 2402 taxerx.
737 2368 855 2418 cap.
896 2355 928 2401 2
974 2352 1030 2401 in
1064 2351 1318 2403 Creuzeri
1361 2353 1575 2407 Melett.

487 2421 598 2473 ΙΙΙ.
634 2437 763 2487 pag.
804 2423 867 2472 12
904 2437 1019 2487 seq.

523 2550 628 2609 ·οὖ
665 2552 769 2625 γὰρ
804 2551 952 2609 ἀνίει
987 2550 1057 2609 τὰ
1090 2550 1407 2624 πνεύματα]
1443 2560 1482 2610 i.
1521 2575 1570 2611 e.

484 2646 645 2749 2²22}ssss
663 2629 1245 2766 wsss'ssfflgzz‘s·
1284 2629 1573 2749 3312&

485 2775 571 2820 est
613 2785 846 2835 persona
889 2769 1074 2835 tertia)
1119 2768 1350 2819 diximus
1405 2768 1473 2817 ad
1523 2770 1570 2832 I,

487 2840 549 2899 63
600 2838 815 2905 ellipsin
855 2838 1021 2889 facile
1066 2838 1351 2904 suppleas,
1409 2838 1570 2888 modo

487 2909 778 2971 cogitando
817 2908 989 2958 addas
1031 2907 1115 2968 id,
1165 2909 1311 2972 quod
1345 2922 1411 2956 ex
1449 2908 1570 2972 ipso

487 2975 734 3026 subiecto
751 2982 928 3026 mente
947 2976 1298 3040 repetendum
1316 2981 1421 3027 est.
1479 2978 1571 3026 Sic

486 3044 590 3093 hoc
633 3044 753 3095 loco
791 3045 1233 3109 Schweighaeus.
1306 3044 1571 3111 intelligit

488 3109 764 3177 πνέοντα,
832 3118 894 3163 ut
935 3114 1048 3163 fere
1108 3114 1212 3176 IV,
1267 3116 1383 3164 152.
1466 3115 1571 3165 Ne-

488 3197 594 3247 que
636 3182 738 3234 huc
784 3197 893 3232 non
942 3183 1175 3248 pertinet
1224 3182 1300 3245 11,
1353 3184 1468 3246 121,
1514 3187 1568 3236 2.

487 3251 584 3314 IV,
620 3252 707 3303 28.
754 3252 860 3314 111,
900 3251 1000 3303 109
1037 3258 1163 3314 etc„
1206 3267 1345 3317 quae
1379 3253 1437 3302 in
1471 3254 1572 3304 Le-

487 3322 610 3371 xico
665 3320 978 3373 Herodoteo
1026 3319 1255 3371 laudata
1310 3323 1572 3387 reperies.

489 3392 626 3442 Inde
675 3392 940 3453 cessandi,
996 3392 1355 3442 intermittendi
1398 3393 1573 3457 notio,

471 3467 629 3527 'quae
661 3461 788 3513 huic
825 3461 991 3511 verbo
1026 3466 1088 3511 ut
1120 3460 1406 3526 plurimum
1444 3479 1575 3513 con-

485 3532 667 3595 venit,
708 3536 828 3582 orta
867 3535 951 3581 est
986 3547 1051 3581 ex
1094 3532 1370 3595 primitiva
1406 3537 1574 3584 remit—

483 3601 639 3662 tendi,
677 3602 954 3652 dimittendi
985 3600 1402 3666 significatione.

559 3731 614 3796 ἐς
646 3733 710 3789 τὸ
758 3738 869 3791 νῦν
916 3731 1332 3807 Κανωβικὸν
1378 3730 1577 3788 καλεύ-

486 3822 663 3872 μενον
701 3802 881 3874 στόμα
912 3807 1016 3858 τοῦ
1050 3808 1283 3873 Νείλου]
1313 3808 1439 3859 Vid.
1468 3810 1574 3858 Ex-

488 3892 631 3928 curs.
650 3878 717 3927 ad
740 3878 813 3941 11,
841 3880 924 3928 17.
967 3875 1283 3943 Ταριχηΐας
1303 3893 1400 3942 pro
1421 3877 1570 3942 vulg.

492 3945 798 4009 Ταριχείας
822 3947 970 3997 edidi
1002 3962 1068 3996 ex
1092 3948 1188 4011 iis,
1225 3962 1364 4012 quae
1400 3947 1470 3997 ad
1493 3948 1572 4010 11,

493 4017 557 4067 15
605 4017 803 4065 monui.
904 4016 1211 4079 Taricheae,
1263 4032 1402 4082 quae
1447 4032 1572 4068 mox

487 4088 778 4147 vocantur,
813 4084 1095 4147 Canopicae
1127 4091 1283 4148 sunt,
1322 4086 1573 4136 diversae

490 4170 524 4204 a
565 4153 873 4215 PelusiaeiS,
929 4153 996 4203 de
1038 4154 1232 4218 quibus
1278 4169 1445 4220 supra
1493 4155 1568 4217 ΙΙ,

492 4224 575 4274 15.
648 4223 805 4273 Nunc
840 4221 961 4272 loco
996 4237 1189 4273 nomen
1230 4224 1436 4276 Medea.
1477 4225 1569 4275 Sic

488 4297 636 4344 certe
679 4291 1091 4343 Schlichthorst.
1138 4291 1176 4342 1.
1224 4292 1262 4342 1.
1302 4310 1430 4360 pag.
1481 4293 1567 4356 58,

485 4364 577 4429 qui
620 4361 917 4413 Taricheas
962 4366 1122 4427 putat
1167 4362 1294 4412 olim
1342 4362 1566 4414 eandem

1675 1172 1848 1223 fuisse
1882 1170 2097 1234 urbem,
2146 1186 2287 1236 quae
2337 1173 2579 1235 tempore
2620 1170 2765 1219 inse-

1674 1241 1861 1308 quenti
1900 1241 2187 1290 Heraclium
2228 1242 2475 1290 vocitata
2508 1239 2691 1289 fuerit.

1733 1302 2045 1374 ‘Hooeulaessoc
2074 1302 2225 1374 ἱρόν]
2256 1308 2537 1373 Templum
2575 1314 2765 1359 notum

1672 1396 1841 1445 prope
1871 1378 1984 1429 Nili
2009 1380 2155 1428 ostia
2184 1384 2349 1444 atque
2377 1378 2656 1443 Canopum
2677 1394 2769 1427 ur-

1674 1450 1823 1513 bem,
1865 1449 2018 1500 cuius
2065 1448 2383 1499 suburbium
2420 1447 2547 1497 inde
2588 1448 2764 1498 Hera-

1673 1522 1816 1568 clium
1872 1517 2230 1583 appellatum,
2305 1519 2589 1582 ipsumque
2651 1517 2769 1567 Nili

1677 1589 1874 1639 ostium
1914 1589 2334 1637 HeracIeoticum.
2407 1586 2534 1637 vid.
2577 1588 2764 1638 Strab.
2842 1619 2849 1623 -

1672 1658 1855 1709 XVII.
1901 1673 2028 1722 pag.
2076 1657 2175 1708 801
2228 1658 2294 1708 Β.
2351 1672 2398 1706 s.
2448 1672 2579 1722 pag.
2627 1657 2766 1707 1153

1673 1730 1741 1779 A.
1804 1729 1943 1777 Eum
1973 1741 2102 1777 vero
2121 1726 2411 1776 Herculem
2433 1726 2578 1776 haud
2604 1725 2767 1776 valde

1673 1797 1945 1847 diversum
1978 1811 2101 1846 esse
2136 1794 2457 1846 crediderim
2497 1811 2531 1845 a
2556 1796 2766 1846 Thasio

1672 1871 1839 1931 atque
1882 1866 2052 1931 Tyrio
2098 1865 2363 1928 Hercule,
2422 1880 2545 1914 cum
2590 1865 2765 1915 Phoe·

1672 1936 1855 1998 nicos,
1904 1950 2040 2000 quos
2085 1935 2142 1985 in
2183 1935 2763 2000 Aegypt0‚considen-

1679 2009 1762 2055 tes
1794 2020 1962 2069 supra
2001 2004 2079 2066 ΙΙ,
2135 2006 2230 2055 112
2270 2004 2606 2068 invenimus,
2658 2004 2765 2054 hac

1678 2075 1845 2125 ctiam
1879 2075 1937 2123 in
1972 2074 2137 2123 maris
2177 2089 2301 2137 ora,
2339 2074 2461 2123 loco
2497 2080 2767 2124 mercatu-

1676 2158 1773 2194 rae
1808 2141 2055 2209 inprimis
2091 2148 2246 2209 apto,
2282 2142 2543 2207 templum
2582 2143 2768 2194 condi-

1682 2213 1829 2264 disse
1855 2212 2143 2264 admodum
2166 2212 2448 2278 probabile
2475 2213 2565 2263 sit.
2607 2213 2763 2264 Conf.

1677 2287 1821 2334 nott.
1857 2283 1930 2333 ad
1965 2283 2043 2343 11,
2081 2282 2149 2334 43
2184 2286 2240 2333 et
2286 2285 2373 2332 44.
2445 2282 2552 2333 Pro
2595 2271 2630 2331 ὃ
2667 2279 2765 2331 καὶ

1682 2350 1795 2401 νῦν
1838 2343 1982 2415 ἐστὶ,
2014 2348 2136 2415 Ἡρ.
2184 2344 2341 2416 ἰρόν,
2383 2367 2452 2401 ex
2486 2352 2767 2403 constanti

1675 2422 1979 2471 usuNostri
1993 2420 2295 2485 scriptoris,
2317 2420 2515 2471 Struve
2533 2421 2763 2483 Quaest.

1676 2490 1744 2541 de
1785 2490 1915 2541 dial.
1959 2489 2162 2540 Herod.
2214 2491 2261 2540 1.
2308 2504 2439 2555 pag.
2483 2491 2565 2553 13,
2604 2506 2766 2555 quem

1678 2560 1798 2613 edd.
1853 2564 2082 2609 recentt.
2142 2564 2468 2625 sequuntur,
2537 2561 2765 2611 rescribi

1674 2630 1794 2679 vult
1816 2622 1887 2678 τὸ
1925 2625 2021 2677 καὶ
2057 2624 2167 2678 νῦν
2187 2619 2302 2677 ἐστὶ
2327 2620 2451 2693 Ἡρ.
2477 2621 2625 2693 ἱρόν,
2648 2631 2765 2680 fere

1674 2703 1736 2748 ut
1760 2699 1836 2760 ΙΙ,
1880 2697 1997 2748 181.
2070 2699 2185 2749 Nos
2220 2697 2375 2748 libris
2401 2700 2653 2750 omnibus
2683 2700 2766 2749 in-

1672 2768 1803 2817 vitis
1839 2767 1973 2817 nihil
2008 2771 2220 2818 mutare
2252 2783 2439 2819 sumus
2469 2770 2611 2820 ausi.

1746 2831 1970 2901 οἰκέτης
2005 2828 2221 2887 ὁτευῶν
2270 2828 2606 2901 ἀνθρώπων
2643 2828 2763 2887 ἔπι-

1672 2898 1909 2974 {idimon
1949 2905 2220 2971 στίγματα
2246 2899 2367 2974 ἱρὰ]
2394 2906 2573 2973 Vulgo
2601 2896 2762 2974 ὅτεῳ,

1673 2976 1819 3042 quod
1854 2976 1913 3025 in
1949 2965 2081 3025 ὅτευ
2116 2977 2320 3026 mutari
2352 2991 2514 3041 posse
2539 2978 2651 3028 iam
2684 2978 2763 3027 vi-

1674 3046 1829 3095 derat
1864 3045 2169 3111 Schweigb.
2205 3046 2473 3111 Equidem
2492 3047 2620 3097 inde
2640 3061 2762 3097 cum

1671 3119 1901 3165 recentt.
1938 3115 2063 3166 edd.
2088 3115 2213 3164 dedi
2246 3107 2481 3178 ὁτευῶν,
2518 3116 2623 3167 hoc
2645 3116 2763 3166 fere

1673 3199 1863 3235 sensu:
1922 3188 1972 3235 in
2018 3186 2154 3249 quod
2198 3184 2511 3251 (templum)
2556 3191 2603 3236 si
2652 3190 2765 3251 quis

1673 3258 2005 3319 cuiuscunque
2034 3253 2240 3305 hominis
2265 3270 2444 3305 servus
2478 3256 2765 3320 confuqerit

1673 3330 1725 3373 et
1754 3338 1940 3374 sacras
1986 3332 2134 3374 notas
2177 3323 2278 3374 sibi
2316 3326 2499 3387 ἰιιῳοπί
2538 3328 2761 3386 iusserit,

1675 3394 1771 3443 deo
1831 3408 1888 3443 se
1947 3395 2106 3455 ipsum
2170 3394 2384 3444 tradens
2449 3409 2494 3443 s.
2563 3396 2759 3445 dicans.

1673 3491 1746 3502 --
1798 3460 2070 3526 στίγματα
2122 3468 2250 3513 sunt
2307 3467 2499 3526 notae,
2569 3462 2761 3527 quales

1671 3532 2120 3596 imprimebantur
2153 3531 2299 3597 apud
2345 3537 2559 3583 veteres
2593 3531 2763 3582 bomi-

1677 3601 1840 3653 nibus
1878 3606 1991 3650 tum
2027 3602 2128 3664 iis,
2168 3602 2260 3667 qui
2296 3602 2468 3651 sacris
2506 3601 2760 3652 initiandi

1679 3675 1862 3732 erant,
1899 3676 2014 3720 tum
2048 3686 2178 3721 vero
2216 3670 2383 3721 etiam
2431 3672 2634 3734 servis,
2681 3670 2763 3726 fa·

1676 3740 1960 3801 cinerosis,
1981 3740 2123 3803 aliis,
2144 3739 2398 3804 supplicii
2416 3755 2606 3792 causa.
2656 3741 2764 3803 Qui

1675 3824 1746 3859 ne
1778 3808 1882 3858 hoc
1915 3808 2036 3859 loco
2066 3809 2472 3874 intelligantur,
2508 3809 2760 3861 consulto

1674 3878 1874 3929 Noster
1927 3878 2131 3929 dixisse
2184 3876 2429 3929 videtur:
2489 3878 2761 3945 στίγματα

1674 3941 1825 4011 ἱρὰ,
1872 3948 1909 4000 i.
1958 3964 2005 3998 e.
2054 3952 2216 3999 notas
2252 3964 2469 4011 sacras,
2507 3964 2646 4015 quae
2676 3965 2763 3999 sa-

1673 4032 1886 4067 crorum
1917 4033 2086 4068 causa
2127 4018 2526 4083 imprimuntur.
2593 4018 2762 4069 Plura

1673 4085 1741 4135 de
1784 4086 1868 4135 his
1917 4088 2062 4137 notis
2108 4086 2433 4151 interpretes
2480 4089 2552 4139 ad
2602 4088 2760 4139 Pauli

1675 4155 1836 4220 epist.
1867 4156 1936 4206 ad
1960 4156 2145 4207 Galat.
2167 4157 2263 4219 VI,
2302 4154 2383 4209 19.
2421 4158 2506 4210 Cr.
2545 4158 2762 4208 confert

1674 4224 1863 4276 Iacob.
1891 4224 2058 4276 'rollii
2084 4225 2330 4290 Insignia
2359 4226 2625 4277 itinerarii
2651 4228 2760 4277 Ita—

1669 4292 1762 4344 lici
1798 4294 1844 4345 1.
1884 4310 2011 4360 pag.
2049 4296 2134 4344 20.
2208 4295 2293 4344 Τιι
2338 4294 2465 4347 add.
2516 4296 2758 4349 Lobeck.

1667 4363 2028 4429 Aglaopham.
2062 4365 2112 4416 1.
2143 4380 2200 4429 p.
2234 4364 2357 4417 (558.
2676 4366 2685 4373 “
