3109 5092
490 282 616 343 672

1359 289 1897 351 HERODOTI

488 485 650 547 την,
691 465 786 554 τῷ
813 455 981 529 κατὰ
1016 455 1144 548 τὴν
1169 464 1308 529 τῶν
1329 456 1668 551 Ἑλλήνων
1698 468 2015 551 γλῶσσαν
2047 459 2308 552 οὔνομα
2336 464 2625 553 Πρωτέα
2670 463 2769 534 εἶ-

859 697 990 748 Cu’.
1024 697 1201 749 exn.

1681 661 1960 713 ctissimus
1976 662 2226 713 Nitzsch.
2243 661 2315 712 sd
2328 663 2555 713 Homeri
2568 663 2771 730 Odyss.

1679 729 1793 782 l.1.
1832 733 2021 797 p.271
2064 736 2230 797 atque
2272 731 2425 782 Cless
2462 734 2546 782 in:
2590 732 2771 799 Pauly

556 796 636 865 τῷ
687 792 844 849 κατὰ·
883 793 991 865 τὴν
1032 798 1148 850 τῶν
1181 791 1468 865 Ἑλλήνων
1505 831 1579 841 -
1678 800 2101 867 Beslencyclop.
2116 802 2217 865 VI,
2253 802 2299 853 1.
2336 818 2464 868 pag.
2504 801 2602 854 130
2630 809 2768 866 not„

491 850 727 931 Πρωτέα
774 864 944 938 εἶναι]
988 873 1318 936 Aegyptium
1379 886 1576 929 nomen
1677 870 1997 935 quibuscum
2056 872 2437 935 conferantur,
2492 887 2637 937 quae
2693 872 2768 922 le-

486 938 636 987 Ceten
676 940 845 990 fuisse
897 941 1080 1005 prodit
1125 940 1353 991 Diodor.
1404 940 1447 1003 1,
1484 942 1571 1003 62,

486 1008 581 1072 qui
616 1015 797 1059 tamen
832 1010 904 1074 (1,
943 1010 1013 1062 60
1043 1009 1183 1076 seq.)
1235 1012 1382 1060 intra
1415 1010 1574 1059 Seso-

483 1077 671 1127 stridis
705 1077 876 1130 filium
914 1085 967 1129 et
995 1080 1204 1131 huncce
1237 1080 1492 1130 Proteum
1519 1094 1566 1131 s.

483 1146 655 1198 Oeten
688 1147 870 1213 plures
906 1149 1142 1200 collocat
1176 1164 1362 1214 reges,
1398 1150 1571 1199 Hero-

483 1216 613 1268 doto
658 1233 883 1283 prorsus
935 1220 1173 1285 ignotos.
1258 1218 1568 1269 Larcherus

480 1287 820 1338 Herodotum
863 1294 1087 1339 secutus
1121 1290 1378 1339 Proteum
1412 1288 1568 1352 ponit

480 1356 537 1404 iu
573 1372 701 1407 aun.
747 1357 882 1408 1294
912 1374 964 1409 a.
1004 1358 1130 1409 Chr.
1160 1374 1214 1408 n.
1249 1357 1320 1407 ad
1339 1372 1567 1423 regnum

482 1432 758 1490 evectum,
822 1427 966 1492 quod
1019 1442 1115 1492 per
1168 1426 1568 1492 quinquaginta

481 1510 654 1546 annos
690 1496 947 1548 tenuerit.
1018 1498 1103 1547 De
1138 1496 1241 1546 hoc
1272 1512 1400 1561 rege
1423 1511 1566 1561 quae

479 1563 711 1628 plurima
745 1565 999 1632 leguntur
1030 1566 1175 1632 apud
1212 1565 1352 1616 alios
1385 1581 1565 1615 rerum

480 1635 802 1700 scriptores,
859 1636 948 1686 hic
1012 1642 1256 1702 repetere
1314 1650 1423 1685 uon
1481 1640 1565 1685 at-

478 1703 637 1758 tinet.
728 1706 868 1756 Sunt
921 1706 1063 1756 enim
1108 1705 1271 1768 talia,
1335 1705 1394 1754 in
1447 1704 1565 1770 qui-

477 1773 580 1825 bus
618 1773 818 1826 salsum
866 1791 901 1825 a
942 1791 1071 1826 vero
1117 1776 1422 1826 discernere
1465 1789 1564 1824 ne-

477 1858 667 1907 queas.
753 1846 838 1896 De
886 1845 1117 1911 singulis
1174 1845 1322 1896 conf.
1380 1843 1559 1894 Beck.

476 1912 679 1967 Anleit.
719 1931 771 1966 z.
815 1914 1151 1981 Weltgesch.
1202 1915 1248 1964 1.
1288 1929 1416 1978 pag.
1456 1914 1560 1964 714

476 1998 589 2050 seq.
672 1984 868 2036 Graeci
914 1985 1172 2035 Proteum
1230 1985 1403 2034 fuisse
1452 1987 1560 2032 tra·

477 2053 615 2103 dunt
624 2053 955 2119 Aegyptium
976 2068 1205 2119 eumque
1219 2052 1378 2104 modo
1397 2051 1556 2101 deum

477 2128 707 2186 vocant,
750 2122 910 2172 modo
947 2138 1131 2189 regem
1164 2138 1233 2173 ac
1271 2121 1558 2172 mortalem

477 2192 728 2255 (Homer.
779 2191 885 2242 Od.
945 2192 1039 2255 IV,
1098 2191 1219 2243 384.
1306 2189 1555 2256 Euripid.

473 2261 671 2313 Helen.
729 2262 801 2311 46
861 2275 1012 2326 seqq.
1073 2260 1200 2311 coll.
1260 2259 1558 2311 Stesichori

474 2330 724 2396 fragmm.
767 2344 895 2395 pag.
932 2330 1002 2379 02
1038 2345 1152 2395 seq.
1197 2329 1283 2381 ed.
1318 2329 1556 2392 Kleine).

473 2400 554 2450 Ac
598 2399 844 2451 nonnulli
889 2402 1047 2463 (sunt
1091 2399 1259 2450 verba
1302 2399 1559 2449 Creuseri

474 2469 686 2520 comm.
732 2470 866 2520 Her.
915 2484 1043 2534 pag.
1092 2467 1213 2521 313.
1260 2467 1365 2520 333
1418 2468 1552 2535 ibiq.

472 2539 731 2590 Eustath.
818 2538 889 2588 ad
967 2540 1194 2590 Homeri
1270 2537 1452 2590 locum
1514 2537 1552 2588 1.

472 2610 617 2661 Add.
664 2607 906 2675 Symbol.
967 2609 1044 2660 11.
1092 2624 1219 2674 pag.
1281 2608 1375 2660 151
1427 2611 1553 2658 tert.

474 2679 584 2745 ed.)
620 2680 878 2730 Proteum
920 2679 1268 2729 Homericum
1310 2677 1555 2743 adeoque

471 2750 799 2816 Aegyptium
844 2748 915 2799 ad
951 2748 1357 2799 vicissitudines
1392 2755 1559 2797 mate-

471 2821 588 2870 riae
598 2818 952 2885 primigeniae
968 2818 1238 2884 pertinere
1248 2816 1556 2877 voluerunt,

472 2903 614 3007 :¹2:²⁶
647 2888 1135 3007 ’ἒῖἓέοἶῖἱῗὲἓξῖ
1170 2887 1374 3006 ΞΜ..
1384 2885 1556 3005 ιὲΐέῗὲ

471 3025 861 3076 existimabant
879 3040 1056 3074 rerum
1071 3025 1307 3076 omnium
1330 3039 1396 3074 ex
1411 3038 1556 3088 aqua

472 3099 714 3146 ortarum
739 3098 795 3144 et
812 3094 1196 3158 prosectarum.
1235 3093 1558 3143 Recentiore

473 3167 656 3215 aetate
694 3163 1048 3226 exstiterunt,
1083 3163 1175 3227 qui
1203 3162 1339 3212 talia
1372 3177 1406 3212 a
1442 3162 1559 3226 phi·

468 3232 714 3298 losephis
737 3237 990 3298 posterae
1009 3233 1209 3283 aetatis
1243 3231 1559 3295 excogitata

471 3303 771 3354 clamantes
850 3302 1218 3352 Herodoteam
1290 3301 1556 3352 narratio-

470 3388 592 3423 nem
616 3372 903 3440 Aegyptiis
921 3371 1296 3423 sacerdotibus
1318 3370 1556 3421 adscribi

472 3442 670 3494 debere
732 3442 1151 3504 contenderent,
1210 3441 1407 3508 quippe
1459 3439 1552 3504 qui

472 3513 725 3576 Graecis,
775 3528 812 3563 a
864 3511 1061 3577 quibus
1113 3526 1279 3576 saepe
1324 3511 1553 3559 interro-

473 3583 585 3646 gati
625 3582 855 3645 fuerint,
890 3582 1059 3633 verba
1099 3579 1374 3641 dederint,
1421 3593 1553 3628 nau-

468 3655 756 3717 tarumque
778 3650 996 3702 fabulas
1030 3651 1203 3715 magis
1235 3648 1371 3700 adeo
1392 3662 1554 3697 auxe-

471 3719 582 3768 rint
619 3726 675 3770 et
711 3720 1049 3783 exemerint,
1084 3734 1263 3784 regem
1285 3717 1551 3783 fingentes

470 3788 727 3839 Proteum
788 3790 1184 3840 remotissimae
1234 3788 1552 3839 Troicarum

472 3871 648 3906 rerum
685 3862 910 3918 aetatis,
957 3858 1110 3908 miris
1158 3857 1365 3908 viribus
1402 3870 1555 3921 prae-

472 3924 661 3975 ditum.
719 3925 844 3976 Vid.
881 3926 927 3975 1.
964 3927 1037 3976 Η.
1064 3928 1225 3978 Voss.
1257 3941 1291 3976 a
1322 3925 1405 3975 Gr.
1438 3925 1554 3975 lau-

473 3993 659 4042 datum
695 3993 765 4044 ad
804 3994 996 4059 Virgil.
1035 3996 1233 4061 Georg.
1283 3994 1379 4055 IV,
1425 3993 1547 4044 384.

471 4076 599 4126 pag.
646 4061 749 4113 862
789 4077 941 4127 seqq.
1015 4064 1149 4113 Inde
1181 4062 1549 4126 navigationis

471 4144 569 4194 per
603 4132 776 4180 maria
817 4131 1009 4194 ignota
1042 4132 1332 4196 imaginem
1366 4130 1554 4182 Protei

473 4198 659 4249 fabula
700 4199 928 4248 indicari
963 4199 1128 4263 vulgo
1162 4202 1258 4249 isti
1283 4201 1553 4250 arbitran-

471 4269 586 4317 turl
632 4269 746 4319 Nec
770 4267 993 4317 multum
1019 4269 1146 4318 inde
1166 4268 1426 4319 recedunt
1452 4267 1550 4317 ali-

472 4350 624 4389 orum
669 4341 1000 4401 commenta,
1050 4352 1190 4403 quae
1235 4336 1423 4388 retulit
1459 4337 1551 4387 do·

1676 945 1879 1004 guntur
1919 941 2064 1005 apud
2115 940 2322 991 Herod.
2373 909 2451 1003 11',
2502 942 2604 993 113
2645 958 2761 1009 seq.

1672 1011 1747 1059 At
1782 1026 1913 1060 vero
1948 1009 2150 1062 fabulis
2184 1011 2366 1061 missis
2400 1011 2472 1061 ad
2501 1011 2769 1062 historiae

1669 1077 1829 1130 fidem
1888 1080 2022 1131 haec
2080 1080 2128 1130 si
2195 1081 2414 1146 exigere
2470 1079 2761 1147 locumque

1669 1163 1930 1212 quaerere
1980 1149 2240 1212 velimus,
2288 1165 2448 1216 quem
2491 1151 2550 1199 in
2586 1152 2769 1217 Aegy-

1667 1219 1903 1281 ptiorum
1938 1233 2126 1285 regum
2161 1220 2301 1269 serie
2335 1221 2386 1269 is
2424 1224 2612 1270 teneat
2647 1236 2765 1283 rex,

1668 1288 1760 1352 qui
1796 1288 1852 1340 h.
1886 1287 1926 1339 1.
1963 1289 2035 1339 ab
2063 1289 2347 1340 Herodoto
2382 1294 2612 1340 vocatur
2633 1290 2765 1340 Pro-

1666 1364 1778 1407 teus
1816 1358 2143 1423 Memphite,
2202 1359 2295 1408 vix
2341 1359 2483 1409 alius
2528 1359 2636 1409 hue
2682 1375 2766 1409 re·

1666 1426 1795 1476 ferri
1831 1428 2035 1492 poterit
2070 1433 2238 1493 atque
2272 1426 2497 1479 ultimus
2533 1428 2763 1479 undevi-

1666 1496 1902 1546 cesimae
1951 1497 2241 1563 dynastiae
2283 1499 2429 1562 apud
2474 1498 2761 1549 Manetho-

1664 1581 1788 1615 nem
1824 1582 1945 1629 rex,
1986 1567 2080 1632 qui
2116 1572 2331 1645 septem
2351 1583 2448 1632 per
2471 1582 2645 1618 anuos
2676 1583 2759 1618 re-

1665 1650 1865 1716 gnasse
1909 1603 2135 1699 dicitur,
2186 1629 2509 1714 Θούωρις
2555 1628 2587 1686 ὁ
2623 1633 2759 1718 παρ’
2844 1635 2849 1640 ’

1649 1697 1879 1772 Ὁμήρῳ
1916 1701 2268 1786 καλούμενος
2290 1698 2591 1787 Πόλυβος,
2640 1697 2755 1755 Ἀλ-

1660 1754 1915 1858 κάνδρας
1965 1766 2145 1838 ἀνὴρ,
2212 1765 2306 1839 ἐφ’
2356 1762 2428 1824 οὖ
2471 1766 2535 1824 τὸ
2576 1769 2758 1825 Ἴλιον

1661 1835 1803 1895 ἑάλω
1842 1844 1977 1909 (vid.
2017 1842 2255 1908 Syncell.
2287 1859 2415 1910 pag.
2449 1843 2560 1910 72),
2596 1860 2757 1910 quem

1659 1916 1883 1965 Bunsen
1933 1914 2194 1979 (Aegypt.
2253 1912 2421 1965 Stelle
2486 1914 2755 1965 etc.111.

1660 1999 1789 2049 pag.
1837 1982 1925 2034 94.
1977 1984 2103 2045 116)
2157 1998 2282 2033 cum
2332 1999 2397 2034 eo
2445 1998 2603 2061 rege,
2636 1983 2757 2064 qui

1660 2054 1899 2179 1523?
1906 2052 2164 2183 35:52²?
2151 2068 2296 2171 ¹¹03.
2331 2043 2756 2202 fflssssffitY‘ssi

1657 2207 1755 2256 pro
1810 2183 2074 2256 Θούωρις
2129 2191 2239 2256 legi
2283 2190 2418 2241 velit
2469 2183 2752 2255 Φούωρις.

1661 2262 1783 2323 Quo
1796 2261 1888 2310 vix
1899 2260 2125 2310 multum
2140 2260 2491 2311 lucrabimur.
2504 2260 2750 2313 Boeckh.

1657 2330 1695 2379 1.
1731 2330 1770 2379 1.
1806 2345 1934 2396 pag.
1976 2331 2073 2381 167
2111 2335 2166 2380 et
2194 2330 2302 2380 776
2348 2330 2571 2379 ΤΙιιιοι-ὑι
2604 2329 2751 2379 hunc

1658 2400 1815 2464 ponit
1857 2399 2003 2449 iutra
2045 2413 2171 2449 ann.
2228 2398 2573 2451 1190—1180
2621 2403 2752 2449 anto

1660 2484 1711 2519 a.
1755 2468 1881 2519 Chr.
1919 2484 1995 2531 n.,
2029 2483 2134 2533 quo
2184 2468 2307 2533 ipso
2343 2483 2488 2518 auno
2524 2469 2751 2519 Troiam

1658 2543 1876 2602 captam
1923 2552 2045 2588 esse
2089 2539 2304 2588 statuit.
2384 2537 2526 2587 Mihi
2571 2539 2750 2603 magis

1656 2609 1729 2658 ad
1781 2622 1966 2658 verum
2019 2608 2320 2658 accessisse
2370 2606 2590 2657 videtur
2640 2609 2751 2658 Le·

1656 2678 1834 2743 psius:
1872 2675 2201 2742 Chronolog.
2239 2676 2293 2727 d.
2327 2676 2565 2741 Aegypt.
2601 2675 2650 2727 1.
2689 2693 2745 2741 p.

1658 2745 1954 2810 295-299,
1977 2746 2070 2811 qui
2082 2747 2317 2797 Proteum
2338 2744 2609 2797 Herodoti
2632 2746 2753 2796 nul-

1657 2815 1767 2866 lum
1804 2816 1971 2865 alium
2012 2830 2134 2866 esse
2177 2815 2376 2866 statuit
2417 2816 2527 2865 nisi
2563 2814 2751 2866 Mane-

1656 2886 1839 2935 thonis
1884 2885 2133 2947 Timor-in,
2179 2887 2274 2950 qui
2315 2887 2433 2950 ipse
2478 2888 2567 2936 est
2604 2884 2749 2935 Sech-

1654 2954 1851 3018 nektes,
1861 2969 2194 3021 regnumque
2206 2957 2384 3007 tenuit
2395 2969 2524 3005 ann.
2540 2954 2746 3005 1284—

1661 3025 1793 3074 1277
1820 3038 1872 3073 a.
1895 3022 2021 3074 Chr.
2058 3039 2112 3073 n.
2152 3024 2315 3075 Hunc
2350 3039 2479 3085 vero
2516 3039 2613 3074 cur
2634 3024 2746 3074 He-

1655 3092 1882 3143 rodotus
1916 3093 2158 3154 Graeca,
2215 3098 2278 3144 ut
2313 3092 2558 3156 videtur,
2606 3108 2746 3143 voce

1663 3157 1900 3225 Πρωτέα
1922 3163 2163 3225 vocarit,
2201 3163 2250 3212 si
2286 3176 2630 3228 quaeramus,
2653 3163 2748 3212 vix

1659 3230 1896 3282 sufficiet
1930 3232 2059 3282 inde
2101 3230 2205 3282 hoc
2249 3247 2446 3282 nomen
2479 3236 2745 3296 repetere,

1657 3301 1803 3366 quod
1829 3301 1919 3351 hic
1945 3292 2212 3364 Πρωτεὺς
2238 3301 2442 3365 primus
2470 3297 2745 3364 (nomme)

1655 3374 1783 3435 post
1816 3370 2160 3431 auarchiam,
2198 3384 2361 3433 quam
2384 3385 2480 3434 per
2505 3370 2745 3434 quinque

1656 3440 2033 3503 generationes
2071 3439 2128 3488 in
2154 3439 2404 3504 Aegypto
2435 3443 2565 3489 ante
2599 3439 2743 3488 hunc

1652 3522 1836 3626 {eglem
1883 3507 2185 3628 olgttiguiizsse
2209 3508 2422 3626 ιε(ιι·1.1)11’.
2467 3506 2742 3625 Diodori-us

1678 3613 1693 3628 .
1754 3613 1790 3639 .,
1828 3592 1970 3628 exsi
2028 3592 2073 3626 ri
2133 3592 2206 3627 au
2304 3591 2471 3628 rimus
2494 3591 2627 3628 suae
2686 3592 2743 3625 a-

1654 3646 1837 3697 miliae
1872 3647 1958 3696 vel
2001 3661 2179 3697 novae
2226 3593 2515 3711 dgnastiae
2552 3645 2739 3708 fuerit,

1654 3720 1717 3765 ut
1748 3716 1940 3767 volunt
1986 3715 2103 3766 Iac.
2148 3715 2495 3767 Perizonius.
2547 3714 2738 3780 Origg.

1653 3786 1914 3851 Aegyptt.
1950 3800 2073 3850 cap.
2110 3784 2199 3845 15·
2244 3800 2347 3835 nec
2369 3784 2545 3850 magis
2573 3783 2741 3848 expli-

1654 3854 1870 3904 cabitur
1909 3819 2204 3934 Πρωτεὺς,
2249 3854 2299 3903 si
2333 3869 2457 3904 cum
2486 3854 2604 3903 viro
2644 3852 2741 3903 illo

1656 3922 1819 3973 docto
1876 3917 2168 3987 Φουωριν,
2234 3937 2392 3987 quem
2437 3922 2593 3988 ponit
2638 3936 2738 3986 pro

1655 3986 1954 4054 Θούωριν,
2003 3991 2109 4042 huc
2154 3990 2453 4043 trahamus.
2540 3990 2740 4041 Confu-

1653 4059 1859 4111 siouem
1895 4059 2169 4123 quandam
2201 4058 2291 4110 hic
2322 4059 2591 4111 accidisse
2627 4060 2737 4110 exi-

1653 4127 1895 4190 stimem,
1943 4144 2051 4193 qua
2087 4128 2289 4179 Noster
2319 4128 2532 4179 Graeca
2567 4128 2737 4179 admi-

1652 4212 1809 4247 scens
1852 4196 2137 4261 Aegyptiis
2180 4212 2301 4247 eum
2320 4211 2532 4262 regem,
2578 4212 2735 4262 quem

1650 4265 1909 4329 Aegyptii
1959 4264 2177 4315 Tkuorin
2212 4280 2260 4316 s.
2294 4264 2598 4316 Seomekoen
2643 4268 2737 4330 apss

1648 4333 1943 4399 pellebant,
1964 4332 2076 4384 alio
2088 4334 2307 4384 nomine
2320 4349 2495 4399 eoque
2504 4334 2736 4398 Graeco,
