3109 5092
490 340 615 406 678

1363 341 1714 404 ΗΕΒΟΙ)
1733 340 1904 402 ΟΤΙ

359 529 476 591 115
495 520 816 600 Ἀκούσας
849 518 924 588 δὲ
956 524 1166 587 ταῦτα
1195 514 1231 586 ὁ
1251 523 1471 597 Θῶνις
1505 515 1965 605 συλλαμβάνει
1993 511 2111 583 τὸν
2147 512 2624 601 Ἀλέξανδρον,
2662 516 2783 582 καὶ

493 625 610 705 τὰς
638 624 795 705 νέας
834 619 1046 692 αὐτοῦ
1076 631 1404 711 κατίσχει·
1459 619 1625 709 μετὰ
1653 620 1727 689 δὲ
1761 616 1971 688 αὐτόν
1998 645 2069 686 τε
2096 622 2340 717 τοῦτον
2381 615 2679 706 ἀνήγαγε
2712 620 2785 697 ἐς

497 730 788 817 Μέμφιν
817 730 930 796 καὶ
968 725 1092 815 τὴν
1124 722 1399 812 Ἑλένην
1437 752 1508 793 τε
1536 724 1651 792 καὶ
1677 720 1759 792 τὰ
1784 721 2086 813 χρήματα
2104 773 2122 805 ,
2170 719 2338 809 πρὸς
2364 721 2441 790 δὲ
2478 723 2591 789 καὶ
2618 718 2785 801 τοὺς

498 832 736 912 ἱκέτας.
818 827 1416 917 ἀνακομισθέντων
1458 827 1534 896 δὲ
1578 826 1853 895 πάντων
1898 824 2140 916 εἰρώτα
2180 822 2301 894 τὸν
2336 820 2787 912 Ἀλέξανδρον

495 932 532 1006 ὁ
577 931 934 1024 Πρωτεύς,
974 940 1074 1013 τίς
1104 943 1242 1021 εἴη,
1291 934 1402 1000 καὶ
1430 926 1681 1001 ὁκόθεν
1725 928 1935 999 πλέοι.
2010 924 2046 998 ὁ
2090 931 2173 998 δέ
2202 933 2273 997 οἱ
2314 930 2427 996 καὶ
2469 926 2544 996 τό
2586 931 2785 1029 γένρς

496 1042 824 1122 κατέλεξε,
858 1038 971 1104 καὶ
997 1042 1114 1123 τῆς
1143 1035 1396 1124 πάτρης
1427 1034 1574 1104 εἷπε
1601 1031 1677 1102 τὸ
1704 1030 1985 1122 οὔνομα,
2015 1034 2127 1101 καὶ
2156 1029 2241 1120 δὴ
2271 1033 2382 1100 καὶ
2414 1029 2535 1100 τόν
2564 1030 2781 1099 πλόον

495 1141 921 1231 ἀπηγήσατο,
952 1135 1204 1208 ὁκόθεν
1242 1140 1453 1208 πλέοι.
1546 1134 1713 1226 μετὰ
1741 1136 1815 1205 δὲ
1853 1132 1889 1204 ὁ
1916 1130 2239 1227 Πρωτεύς
2271 1133 2515 1223 εἰρώτα
2543 1131 2783 1219 αὐτὸν,

497 1244 750 1315 ὁκόθεν
802 1240 926 1330 τὴν
955 1238 1231 1331 Ἑλένην
1269 1240 1462 1329 λάβοι
1482 1263 1497 1278 ·
1558 1242 1986 1328 πλανομένον
2038 1240 2113 1309 δὲ
2182 1243 2304 1307 τοῦ
2334 1234 2786 1326 Ἀλεξάνδρου

501 1354 577 1419 ἐν
605 1354 697 1441 τῷ
752 1344 965 1437 λόγῳ,
1009 1347 1121 1413 καὶ
1149 1341 1232 1412 ού
1262 1347 1574 1431 λέγοντος
1598 1340 1723 1432 τὴν
1750 1341 2120 1431 ἀληθειήν,
2169 1334 2455 1429 ἤλεγχον
2484 1347 2554 1411 οἱ
2573 1341 2771 1429 γενό-

499 1478 689 1541 μενοι
732 1450 976 1533 ἱκέται,
1023 1446 1452 1536 ἐξηγεύμενοι
1492 1446 1711 1516 πάντα
1751 1445 1953 1533 λόγον
1988 1451 2112 1514 τοῦ
2140 1443 2565 1533 ἀδικήματος.

2674 1446 2782 1514 τέ-

500 1565 613 1635 λος
644 1553 720 1622 δὲ
746 1549 832 1641 δή
859 1570 982 1637 σφι
1011 1550 1217 1639 λόγον
1242 1550 1442 1620 τόνδε
1470 1552 1777 1638 ἐκφαίνει
1808 1546 1844 1619 ὁ
1871 1546 2195 1638 Πρωτεύς
2221 1552 2461 1635 λέγων,
2490 1543 2591 1617 ὅτι
2614 1545 2784 1634 Ἐγώ
2863 1617 2869 1621 ,

504 1664 568 1727 εί
598 1654 686 1746 μὴ
718 1656 873 1744 περὶ
903 1660 1160 1724 πολλοῦ
1186 1650 1492 1743 ἡγεύμην
1532 1655 1792 1742 μηδένα
1821 1656 2064 1736 ξείνων
2097 1658 2423 1734 κτείνειν,
2469 1648 2614 1719 ὅσοι
2652 1647 2780 1719 ὑπ’

501 1760 770 1849 ἀνέμων
797 1756 927 1847 ἤδη
957 1756 1517 1847 ἀπολαμφθέντες
1545 1747 1767 1844 ἦλθον
1795 1759 1861 1835 ές
1886 1754 2116 1844 χώρην
2142 1753 2267 1843 τὴν
2300 1751 2504 1843 ἐμὴν,
2534 1752 2666 1841 ἐγώ
2697 1752 2789 1822 ἄν

501 1886 575 1933 σε
602 1860 775 1951 ὑπὲρ
800 1858 1256 1950 τοῦἝλληνος
1287 1860 1627 1948 ἐτισάμην,
1655 1855 1748 1941 ὃς,
1784 1850 1836 1928 ὦ
1867 1858 2138 1927 κάκιστε
2170 1855 2478 1946 ἀνδρῶν,
2512 1860 2789 1938 ξεινίων

501 1964 761 2055 τυχών,
809 1970 1009 2052 ἔργον
1054 1962 1510 2035 ἀνοσιώτατον
1551 1961 1858 2049 έργάσαο.
1947 1959 2128 2049 παρὰ
2156 1967 2279 2030 τοῦ
2306 1966 2612 2029 σεωυτοῦ
2645 1964 2782 2042 ξεί-

501 2097 626 2140 νου
655 2066 781 2156 τὴν
808 2083 1101 2154 γυναῖκα
1128 2059 1369 2156 ἦλθες’
1412 2067 1526 2135 καὶ
1562 2064 1738 2153 μάλα
1766 2063 1977 2132 ταῦτά
2002 2090 2105 2133 τοι
2134 2061 2260 2134 οὐκ
2285 2062 2551 2153 ἤρκεσε,
2582 2061 2753 2133 ἀλλὰ
2774 2082 2883 2136 156

499 2246 585 2295 De
621 2244 676 2292 vi
707 2240 1011 2307 particulae
1047 2237 1143 2291 καὶ
1174 2243 1233 2292 in
1259 2242 1464 2293 talibus
1497 2242 1589 2292 ad-

501 2312 713 2363 monuit
733 2310 957 2362 Godofr.
993 2312 1290 2363 Hermann.
1313 2314 1382 2363 ad
1401 2313 1587 2377 Viger.

498 2398 625 2448 pag.
665 2380 786 2432 837.
861 2378 985 2430 Alia
1015 2381 1284 2431 excitavit
1323 2382 1592 2431 Matthiae

501 2452 595 2503 Gr.
645 2452 739 2503 Gr.
783 2464 908 2514 pag.
961 2451 1111 2502 1258.
1196 2450 1375 2512 ,‚Add.
1430 2453 1589 2501 Butt-

499 2537 683 2572 mann.
717 2520 785 2570 ad
809 2520 1029 2572 Platon.
1061 2519 1329 2572 Alcibiad.
1361 2521 1408 2573 1.
1440 2518 1591 2587 (pag.

505 2590 605 2644 106
642 2587 713 2655 C)
752 2604 879 2656 pag.
920 2590 1082 2643 119.“
1153 2590 1240 2640 Gr.

879 2760 1012 2812 Cn».
1045 2762 1208 2813 CXV.

563 2855 830 2920 Ἀκούσας
853 2857 918 2913 δὲ
947 2860 1124 2913 ταῦτα
1153 2854 1183 2913 ὁ
1212 2861 1587 2929 Θῶνις],,Ειι·

501 2933 738 2983 stathius
778 2931 913 2981 citat
958 2932 1093 2983 haec
1137 2933 1208 2983 ad
1246 2933 1444 2998 Odyss.
1484 2935 1584 2996 IV,

500 3003 602 3052 227
658 3016 809 3065 seqq.
860 3015 987 3065 pag.
1041 3001 1141 3053 164
1197 3018 1311 3067 seq.
1368 3003 1582 3054 Basil.“

503 3072 611 3133 Gr„
635 3070 728 3134 qui
762 3068 925 3133 paulo
945 3070 1089 3119 infra
1112 3070 1182 3120 ad
1213 3086 1407 3122 voces:
1455 3064 1594 3137 μετὰ

504 3133 567 3188 δὲ
604 3129 635 3188 ὃ
677 3130 947 3201 Πρωτεὺς
989 3137 1180 3188 laudat
1218 3142 1445 3191 eundem
1481 3143 1590 3191 Eu-

501 3208 670 3327 statlli.
713 3208 782 3258 ad
819 3207 1018 3273 Odyss.
1069 3208 1165 3271 IV,
1207 3210 1329 3261 385.
1380 3226 1435 3275 p.
1489 3212 1589 3262 174

498 3279 627 3330 Bas·
655 3314 670 3328 .

568 3346 656 3405 τίς
683 3342 791 3410 εἴη,
828 3340 925 3394 καὶ
962 3335 1183 3395 ὁκόθεν
1208 3345 1392 3414 πλέοι]
1426 3348 1585 3399 Conf.

498 3420 545 3483 Ι,
583 3417 650 3469 35
675 3417 811 3481 ibiq.
833 3420 951 3468 not.
1023 3415 1089 3465 In
1119 3432 1271 3483 seqq.
1302 3408 1590 3482 ἀληθείην

500 3488 620 3554 (pro
653 3477 974 3550 ἀληθηΐην)
1013 3486 1234 3551 scripsi,
1270 3493 1332 3537 ut
1367 3488 1445 3551 ΙΙ,
1486 3488 1587 3540 106

500 3556 743 3690 etur&
797 3615 966 3673 τόνδε
1028 3613 1285 3703 ἐκφαίνει
1338 3615 1369 3673 ὁ
1425 3623 1588 3689 Πρω-

501 3688 651 3760 τεὺς]
702 3686 1000 3759 ἐκφαίνειν
1055 3692 1227 3758 λογον
1274 3692 1586 3757 (declarare,

501 3765 711 3828 aperire
766 3766 1083 3825 sententiam,
1146 3760 1345 3826 dicere)
1402 3764 1591 3814 eodem

501 3833 662 3883 modo
697 3832 823 3896 VII,
863 3833 968 3884 160
995 3830 1120 3883 coll.
1153 3833 1221 3895 V,
1258 3833 1345 3883 36.
1367 3861 1434 3871 —-
1461 3835 1590 3883 Mox

503 3900 574 3951 ad
610 3897 814 3965 λέγων,
854 3893 963 3950 ὅτι
1002 3902 1147 3953 conf.
1185 3902 1453 3952 Matthiae
1494 3903 1587 3954 Gr.

502 3971 697 4022 Graec.
745 3984 869 4034 pag.
933 3970 1085 4022 1030.
1170 3970 1454 4022 Caeterum
1504 3987 1588 4034 ea,

501 4054 643 4104 quae
693 4037 749 4089 h.
798 4038 836 4088 l.
905 4040 1108 4089 Noster
1152 4040 1408 4091 Proteum
1454 4041 1588 4092 facit

500 4107 800 4169 dicentem,
846 4105 991 4157 haud
1029 4107 1144 4156 scio
1193 4126 1264 4160 an
1301 4111 1587 4161 Graeciam

498 4175 782 4228 redoleant
857 4178 1206 4241 Graecosque
1257 4194 1433 4229 mores
1495 4180 1588 4239 (de

499 4246 695 4313 quibus
754 4246 827 4296 cf.
882 4250 1021 4295 nott.
1071 4246 1142 4295 ad
1197 4247 1244 4309 I,
1297 4245 1393 4311 44)
1439 4249 1588 4314 cogi-

497 4315 758 4380 tandique
804 4330 869 4365 ac
913 4314 1184 4365 sentiendi
1230 4316 1446 4367 modum
1487 4318 1586 4371 ha-

498 4387 776 4450 bitumque
816 4384 1095 4436 declarent
1105 4385 1360 4452 adeoque
1386 4388 1584 4450 omnia,

1691 2257 1832 2306 quae
1869 2240 1972 2292 hoc
2006 2240 2128 2291 loco
2176 2240 2394 2291 omnino
2440 2245 2787 2303 enarrantur,

1694 2311 1989 2361 coniuncta
2024 2326 2145 2361 esse
2183 2310 2474 2360 videantur
2512 2325 2630 2359 cum
2672 2309 2789 2359 No-

1694 2381 1795 2431 stri
1829 2380 2105 2430 sententia
2138 2379 2205 2430 de
2239 2379 2456 2430 Nemesi
2492 2395 2559 2429 ac
2595 2378 2790 2428 divina

1695 2466 1871 2500 rerum
1925 2449 2303 2513 providentia,
2363 2465 2473 2516 qua
2518 2448 2790 2514 quidquid

1694 2519 1851 2583 pravi
1869 2518 1941 2568 ab
1967 2518 2273 2569 hominibus
2302 2518 2645 2568 commissum
2679 2523 2787 2579 est,

1693 2588 1749 2637 id
1789 2589 1961 2638 serius
1997 2588 2148 2638 ocius
2193 2587 2321 2638 deos
2358 2588 2607 2638 inveniat
2644 2586 2787 2638 ulto-

1691 2673 1804 2707 res:
1857 2656 2140 2707 declarant
2200 2657 2304 2708 hoc
2347 2657 2516 2707 verba
2571 2657 2629 2705 in
2675 2657 2787 2707 fine

1689 2727 1859 2779 totius
1902 2725 2062 2777 huius
2124 2726 2456 2777 narrationis
2504 2741 2626 2791 cap,
2684 2727 2787 2776 120

1691 2797 1901 2861 posita,
1950 2796 2044 2845 ubi
2082 2795 2157 2845 cf.
2194 2799 2336 2846 nott.
2413 2797 2592 2861 Atque
2639 2795 2787 2845 hanc

1688 2866 1863 2930 ipsam
1899 2865 2009 2914 vim
2046 2864 2316 2927 divinam,
2363 2881 2524 2930 quam
2578 2865 2635 2915 in
2672 2865 2783 2929 Ly—

1688 2934 1882 2985 dorum
1920 2950 1985 2984 ac
2029 2935 2347 3000 praesertim
2384 2934 2572 2986 Croesi
2620 2934 2784 2983 rebus

1688 3003 1785 3067 (cf.
1835 3005 1881 3066 I,
1920 3003 2003 3053 13.
2050 3004 2137 3055 34.
2189 3003 2302 3067 91),
2351 3005 2407 3053 in
2457 3003 2587 3069 Cyri
2632 3003 2784 3053 exitu

1692 3072 1787 3137 (cf.
1836 3072 1883 3135 1,
1931 3071 2056 3139 204)
2107 3072 2391 3138 probatam
2452 3073 2783 3135 invenimus,

1691 3158 1864 3208 aeque
1892 3142 2059 3192 etiam
2096 3143 2168 3192 ad
2204 3157 2289 3193 res
2311 3143 2580 3193 Troianas
2617 3143 2789 3193 Grae·

1690 3227 1874 3262 corum
1904 3227 1997 3262 ore
2033 3211 2468 3277 carminibusque
2496 3215 2787 3276 tantopere

1690 3280 1998 3332 celebratas
2046 3280 2289 3331 valuisse
2335 3284 2786 3332 commonstrata-

1690 3366 1782 3400 rus
1814 3351 2016 3401 Noster
2060 3349 2202 3400 hanc
2255 3366 2467 3402 omnem
2513 3350 2784 3401 narr'atio-

1691 3436 1812 3470 nem
1859 3420 1977 3470 sive
2022 3419 2445 3485 digressionem,
2492 3420 2687 3470 mediis
2725 3421 2784 3469 in

1690 3490 1853 3541 rebus
1890 3489 2279 3555 Aegyptiorum
2305 3489 2622 3540 enarrandis
2658 3504 2784 3540 cum

1690 3564 2033 3621 versaretur,
2082 3558 2371 3610 occasione
2409 3559 2599 3610 oblata
2636 3558 2783 3609 inse—

1690 3629 1866 3679 ruisse
1900 3627 2028 3679 mihi
2065 3628 2299 3680 videtur.

1763 3688 1890 3747 ὅσοι
1926 3687 2029 3746 ὑπ’
2066 3689 2291 3762 ἀνέμων
2327 3687 2444 3761 ἤδη
2478 3684 2781 3760 ἀπολαμ-

1693 3764 2000 3829 φθέντες
2036 3781 2087 3815 κ.
2138 3782 2186 3816 τ.
2224 3762 2293 3832 L]
2332 3765 2539 3816 Eadem
2574 3766 2782 3816 locutio

1694 3836 1791 3898 IX,
1841 3836 1959 3886 114.
2009 3826 2522 3902 ἀπολαμβάνεσθαι
2581 3836 2648 3885 de
2691 3836 2783 3897 iis,

1692 3905 1784 3969 qui
1820 3910 2103 3954 ventorum
2134 3906 2191 3953 vi
2229 3921 2262 3954 a
2287 3904 2567 3970 proposito
2589 3904 2785 3955 itinere

1691 3973 2049 4039 prohibentur
2119 3978 2284 4038 atque
2357 3974 2785 4038 intercipiuntur

1691 4043 1872 4093 aliove
1919 4043 2257 4094 deferuntur.
2350 4042 2511 4105 Quod
2564 4049 2783 4110 praeter

1689 4111 2016 4177 &vesseling
2039 4113 2109 4161 ad
2134 4113 2185 4161 h.
2207 4113 2244 4163 l.
2263 4115 2588 4163 monuerunt
2614 4113 2783 4163 etiam

1688 4182 2012 4247 interpretes
2053 4181 2123 4232 ad
2160 4183 2304 4233 Plat.
2340 4181 2622 4232 Phaedon.
2657 4183 2780 4233 init.

1688 4267 1816 4316 pag.
1854 4253 1922 4303 58
1956 4253 2022 4302 B.
2055 4281 2126 4291 -—
2154 4251 2240 4302 Ad
2271 4252 2440 4301 verba
2474 4239 2571 4313 ὃς,
2610 4239 2653 4300 ὦ
2678 4244 2782 4300 κά-

1688 4333 1841 4368 κιστε
1879 4336 1930 4370 κ.
1969 4336 2016 4369 τ.
2051 4320 2097 4369 λ.
2136 4320 2282 4371 conf.
2319 4320 2518 4371 Matth.
2556 4334 2611 4383 p.
2653 4319 2777 4371 598.

1757 4380 1914 4451 παρὰ
1962 4417 2028 4427 —
2067 4380 2174 4454 τὴν
2232 4390 2481 4455 γυναῖκα
2522 4383 2779 4457 ἦλθες]
