3109 5092
1095 375 1447 474 CL1031.
1485 387 1611 441 200.
1657 389 1781 443 201.
1824 389 1950 443 202.
2530 386 2653 447 403

380 575 489 617 ται
526 545 783 634 αὐτῶν,
846 544 963 617 ὅτε
1015 548 1227 637 μάζαν
1277 551 1649 641 μαξάμενος
1700 559 1870 642 ἔχει,
1922 550 1959 623 ὁ
2019 555 2095 625 δὲ
2142 552 2351 643 ἄρτου
2406 556 2657 646 τρόπον

379 649 691 740 ὀπτήσας.

529 752 644 836 Ὡς
682 755 758 824 δὲ
801 760 895 847 τῷ
937 755 1144 849 Κύρῳ
1189 759 1301 826 καὶ
1327 763 1525 828 τοῦτο
1564 756 1639 828 τό
1668 765 1867 839 ἔθνος
1908 764 2351 851 κατέργαστο,
2394 761 2647 830 ἐπεθύ-
2666 767 2783 828 201

380 880 550 948 μησε
581 862 1029 946 Μασσαγέτας
1059 854 1181 928 ὑπ’
1217 862 1445 954 ἑωυτῷ
1476 862 1908 952 ποιήσασθαι.
1982 861 2056 933 τὸ
2101 865 2177 934 δὲ
2220 870 2421 945 ἔθνος
2455 871 2654 936 τοῦτο

381 966 493 1032 καὶ
510 967 677 1051 μέγα
699 966 961 1050 λέγεται
985 962 1159 1033 εἶναι
1183 966 1293 1033 καὶ
1315 961 1622 1054 ἄλκιμον,
1652 969 2013 1055 οἰκημένον
2035 968 2111 1037 δὲ
2141 966 2305 1056 πρὸς
2331 964 2430 1056 ἠῶ
2451 995 2521 1037 τε
2542 970 2653 1037 καὶ

381 1062 578 1154 ἡλίου
608 1063 936 1147 ἀνατολὰς
954 1117 973 1151 ,
1005 1069 1218 1155 πέρην
1244 1073 1365 1137 τοῦ
1385 1065 1673 1158 Ἀράξεω
1703 1076 2040 1158 ποταμοῦ,
2073 1069 2307 1141 ἀντίον
2337 1071 2412 1139 δὲ
2441 1068 2650 1159 Ἰσση-

383 1168 608 1240 δόνων
633 1167 929 1259 ἀνδρῶν.
1003 1172 1134 1240 εἰσὶ
1162 1169 1242 1238 δὲ
1283 1176 1353 1240 οἵ
1389 1199 1569 1252 τινες
1607 1174 1719 1241 καὶ
1744 1171 2106 1245 Σκυθικὸν
2148 1177 2417 1260 λέγουσι
2458 1180 2654 1244 τοῦτο

379 1270 456 1341 τὸ
485 1279 687 1353 ἔθνος
720 1271 913 1343 εἶναι.
988 1269 1061 1342 Ὁ
1104 1273 1179 1341 δὲ
1205 1269 1479 1363 Ἀράξης
1519 1279 1779 1362 λέγεται
1814 1278 1925 1345 καὶ
1965 1280 2181 1365 μέζων
2208 1280 2318 1346 καὶ
2350 1276 2651 1346 ἐλάσσων
2667 1288 2789 1348 202

384 1375 557 1446 εἶναι
581 1381 703 1445 τοῦ
725 1374 1028 1465 Ἴστρου·
1082 1375 1328 1464 νήσους
1358 1375 1424 1446 δ’
1460 1381 1535 1448 ἐν
1562 1376 1746 1472 αὐτῷ
1762 1430 1779 1463 ,
1823 1382 2063 1473 Λέσβῳ
2102 1379 2405 1468 μεγάθεα
2432 1406 2649 1469 παρα-

385 1486 701 1568 πλησίας,
744 1479 994 1567 συχνάς
1038 1501 1204 1567 φασι
1235 1479 1429 1550 εἶναι.
1503 1484 1579 1552 έν
1609 1483 1685 1551 δὲ
1717 1479 1958 1571 αὐτῇσι
1987 1480 2427 1572 ἀνθρώπους,
2456 1490 2523 1551 οἳ
2548 1504 2649 1552 σι-

378 1586 640 1652 τέονται
671 1583 796 1671 μὲν
823 1586 1003 1670 ῥίζας
1026 1579 1102 1651 τὸ
1145 1587 1349 1672 θέρος
1390 1581 1792 1674 ὀρύσσοντες
1834 1592 2187 1669 παντοίας,
2232 1583 2531 1676 καρποὺς
2576 1586 2653 1655 δὲ

380 1683 511 1756 ἀπὸ
539 1688 881 1775 δενδρέων
907 1687 1389 1775 ἐξευρημένους
1417 1708 1540 1773 σφι
1570 1690 1636 1768 ἐς
1655 1687 1923 1777 φορβὴν
1941 1697 2427 1758 κατατίθεσθαι
2450 1685 2654 1778 ὧραί-

451 1871 549 1934 ἆτε
569 1912 638 1921 —
656 1877 790 1949 ἔχει]
819 1877 946 1950 ἔχει,
972 1885 1155 1950 habet,
1185 1903 1262 1941 sc.
1290 1887 1468 1953 pisces

385 1955 653 2016 siccatos,
687 1953 812 2003 dein
839 1954 894 2003 in
923 1958 1178 2007 mortario
1212 1963 1468 2007 contusos

384 2030 550 2089 atque
568 2025 647 2074 sic
671 2024 726 2072 in
745 2039 907 2074 unam
927 2041 1164 2076 massam
1188 2027 1468 2088 redactos,
1454 2044 1466 2055 ·

383 2095 579 2158 quibus
603 2093 743 2144 alius
773 2094 852 2143 sic
882 2095 1095 2155 fruitur,
1129 2099 1189 2145 ut
1207 2101 1468 2160 tanquam

383 2179 619 2213 massam
638 2164 933 2227 subegerit,
962 2165 1121 2246 alins,
1143 2171 1204 2214 ut
1224 2167 1379 2230 panis
1400 2165 1470 2215 ad

382 2234 558 2283 instar
584 2233 806 2283 coxerit.
840 2224 1043 2284 Ante
1003 2248 1101 2283 ατε
1120 2235 1357 2300 suppleri
1377 2252 1470 2301 po·

385 2307 493 2352 test
530 2295 560 2351 ὅ
603 2299 723 2367 μέν.

767 2489 900 2541 ΟΔΡ.
932 2491 1067 2542 CCI.

441 2599 781 2687 ἐπεθύμησε
805 2608 1182 2673 Μασσαγέτας
1205 2600 1303 2660 ὑπ’
1337 2604 1472 2660 ἑωυ-

384 2675 464 2758 τῷ
490 2670 870 2758 ποιήσασθαι]
901 2679 988 2728 Ad
1016 2679 1347 2730 locutionem
1369 2670 1466 2729 ὑπ’

382 2727 572 2815 ἑωυτῷ
592 2739 949 2812 ποιήσασθαι
974 2749 1119 2801 conf.
1144 2765 1284 2815 quae
1301 2765 1467 2815 supra

383 2817 454 2867 ad
480 2818 638 2880 1,94,
678 2816 1038 2880 0011.111,45‚
1070 2818 1326 2871 diximus.
1382 2821 1466 2870 De

385 2887 697 2950 Massagetis
713 2885 931 2951 plural,
953 2889 1075 2938 204.
1100 2890 1221 2950 215,
1242 2890 1337 2938 ubi
1360 2889 1467 2938 sin-

383 2956 512 3021 gula
545 2955 958 3007 illustrabimus.
1021 2959 1302 3009 Pertinere
1337 2974 1466 3008 vero

383 3026 598 3076 videtur
624 3024 759 3074 haec
783 3041 917 3090 gens
942 3026 1012 3076 ad
1041 3027 1297 3079 nomades
1321 3026 1466 3089 illos,

382 3096 475 3160 qui
502 3099 657 3144 extra
675 3094 883 3145 Persici
907 3097 1061 3159 regni
1085 3095 1237 3160 fines,
1260 3098 1298 3147 i.
1314 3112 1359 3146 e.
1384 3095 1467 3146 ul-

381 3169 472 3215 tra
517 3164 787 3214 Iaxartem
835 3165 1209 3228 vagabantur,
1265 3166 1466 3231 quique

385 3233 544 3284 modo
572 3233 773 3296 Sacae,
810 3234 970 3284 modo
998 3234 1263 3298 Scythae,
1302 3235 1463 3285 modo

382 3304 629 3363 Tartari,
668 3318 770 3352 nee
793 3302 956 3352 hodie
983 3303 1098 3354 fere
1122 3320 1232 3354 una
1256 3305 1465 3354 eadem-

382 3388 487 3437 que
515 3371 882 3437 appellatione
900 3378 1185 3423 vocantur.
1233 3373 1465 3438 Scythas

383 3442 552 3492 fuisse
569 3443 915 3505 Massagetas
944 3458 1116 3507 aeque
1140 3448 1306 3508 atque
1324 3444 1466 3493 Isse-

383 3510 579 3573 dones,
627 3509 839 3560 illorum
887 3512 1126 3575 vicinos,
1174 3519 1228 3562 et
1265 3517 1465 3562 utram-

383 3597 487 3646 que
511 3585 727 3646 gentem
755 3580 825 3629 ad
846 3580 1192 3645 Monqolorum
1220 3581 1461 3646 stirpem,

386 3664 522 3715 quos
547 3665 692 3701 nunc
715 3649 972 3711 dicimus,
999 3651 1345 3714 pertinuisse,
1375 3652 1468 3701 vix

382 3720 622 3771 dubium.
694 3718 820 3770 vid.
854 3719 1194 3783 potissimum
1230 3720 1465 3770 Heeren.

382 3789 549 3840 Ideen
576 3790 622 3851 Ι,
643 3789 677 3838 2
701 3803 826 3853 pag.
847 3787 945 3840 291
978 3804 1128 3854 seqq.
1171 3788 1294 3839 coll.
1327 3791 1467 3839 Ren-

384 3857 489 3908 nel.
529 3859 726 3923 Geogr.
766 3857 1032 3908 Herodot.
1070 3873 1196 3923 pag.
1225 3859 1324 3910 411
1351 3874 1465 3924 seq.

380 3928 486 3978 470
512 3943 663 3994 seqq.
703 3927 806 3978 473
833 3942 982 3992 seqq.
1021 3932 1186 3993 atque
1214 3928 1469 3978 Mannert

383 3997 582 4062 Geogr.
613 4002 718 4046 etc.
766 3995 862 4045 IV.
891 4012 947 4061 p.
973 3997 1095 4059 477,
1136 3997 1227 4061 qui
1255 3998 1467 4048 Massa—

381 4067 523 4131 getis
547 4063 833 4130 Mongolos
854 4102 867 4127 ,
905 4064 1059 4116 Sacis
1085 4066 1347 4116 Tartaros
1384 4067 1468 4116 in-

382 4135 555 4185 dicari
594 4135 908 4184 arbitratur.
965 4135 1051 4185 Tu
1078 4136 1190 4185 vid.
1218 4140 1356 4186 nott.
1399 4135 1464 4185 ad

379 4205 428 4265 Ι,
454 4205 576 4255 204.
632 4202 885 4254 Wheeler
912 4203 1237 4269 Geography
1275 4205 1334 4254 of
1360 4206 1468 4255 He-

381 4273 557 4324 rodot.
590 4290 644 4338 p.
674 4271 771 4324 193
807 4276 956 4323 reete
984 4273 1054 4322 ad
1076 4273 1364 4338 Mongolos
1388 4289 1467 4325 re-

381 4342 492 4393 fert
527 4343 874 4408 Massagetas
919 4357 1092 4407 aeque
1127 4347 1294 4407 atque
1327 4343 1467 4393 Isse-

381 4410 581 4475 dones,
617 4411 880 4462 orientem
906 4425 1097 4462 versus
1126 4426 1161 4462 a
1190 4409 1315 4462 lacu
1335 4409 1468 4462 Aral

1572 1886 1884 1938 habitantes
1906 1904 1971 1938 ae
1990 1888 2268 1953 palantes3
2298 1888 2444 1937 conf.
2464 1904 2519 1952 p.
2538 1888 2654 1940 191.

1571 1982 1642 1993 -
1690 1958 1772 2006 De
1820 1957 2146 2008 Issedonibus
2196 1957 2340 2007 conf.
2391 1957 2658 2006 Ammian.

1572 2025 1818 2076 Marcell.
1840 2026 2115 2090 xxnm.
2141 2025 2369 2077 Rennel.
2396 2025 2508 2090 (1.1.
2531 2041 2656 2091 pag.

1572 2093 1675 2145 435
1701 2093 1846 2160 seq.)
1885 2095 1997 2146 illic
2027 2112 2119 2146 eos
2149 2095 2426 2145 habitasse
2455 2101 2657 2156 censet,

1570 2165 1666 2213 ubi
1693 2180 1837 2215 nunc
1860 2166 2155 2231 praecipua
2183 2171 2268 2215 est
2297 2165 2453 2215 sedes
2482 2165 2660 2228 gentis

1574 2234 1943 2286 Calmuceorum
1982 2250 2046 2285 ac
2083 2236 2249 2296 ditio,
2287 2250 2425 2300 quae
2462 2235 2660 2284 dicitur

1576 2302 1795 2368 Oiquren
1834 2320 1877 2355 s.
1920 2306 2145 2370 Jnyuren
2183 2320 2228 2355 s.
2274 2304 2447 2354 Elath.
2495 2303 2661 2354 Plura

1575 2373 1862 2424 afferemus
1900 2374 1970 2424 ad
1999 2375 2205 2425 Herod.
2242 2375 2337 2438 IV,
2372 2376 2458 2423 25.

1646 2453 1955 2538 οἰκημένον
1973 2453 2035 2510 δὲ
2050 2452 2194 2524 πρὸς
2212 2450 2296 2525 ἦαῖ
2317 2474 2374 2508 τε
2386 2454 2479 2508 καὶ
2494 2450 2661 2524 ἡλίου

1574 2518 1878 2608 ᾇνατολὰς]
1916 2530 2038 2579 Hoc
2069 2529 2371 2593 Schweigh.
2407 2535 2660 2579 monente

1578 2596 1657 2647 ita
1694 2598 2096 2662 accipiendum·
2138 2603 2354 2662 gentem
2382 2598 2661 2662 Massage-

1578 2670 1754 2716 tarum
1784 2666 2020 2717 incolere
2056 2671 2288 2731 reqiones
2324 2668 2398 2715 ad
2424 2672 2662 2717 orientem

1572 2734 1650 2798 (in
1679 2733 1928 2800 partibus
1958 2733 2343 2796 orientalibus)
2376 2737 2523 2786 sitas.
2572 2737 2657 2785 De

1570 2804 1673 2854 hac
1711 2804 2013 2866 locutione,
2078 2820 2185 2870 qua
2226 2805 2389 2853 etiam
2433 2820 2557 2853 mox
2602 2821 2653 2869 p.

1568 2876 1672 2924 204
1730 2873 1930 2924 Noster
1976 2873 2177 2935 utitur,
2238 2874 2349 2924 vid.
2405 2879 2543 2924 nott.
2587 2873 2657 2923 ad

1570 2944 1672 3007 IV,
1707 2945 1792 2992 44.
2197 2977 2208 2990 .

1939 3116 2071 3166 CAP.
2112 3114 2279 3166 CCII.

1630 3225 1697 3285 Ὁ
1739 3227 1803 3284 δὲ
1842 3225 2073 3300 Ἀραξης
2098 3232 2314 3314 λέγεται
2350 3228 2445 3283 καὶ
2476 3226 2656 3297 μέζων

1567 3299 1662 3354 καὶ
1683 3293 1930 3354 ἕλασσων
1949 3299 2097 3355 εἶναι
2120 3302 2223 3354 τοῦ
2233 3294 2478 3369 Ἴστρου]
2500 3306 2655 3355 Haec

1567 3374 1648 3423 ita
1673 3373 2058 3438 intelligenda,
2097 3381 2158 3424 ut
2182 3372 2520 3432 HerodotuS,
2561 3373 2653 3436 qui

1568 3443 1703 3493 haec
1745 3458 1810 3492 ex
1848 3443 2077 3494 aliorum
2122 3442 2402 3493 auditione
2440 3443 2651 3505 accepit

1566 3511 1886 3576 retulitque,
1919 3513 2163 3562 diversas
2191 3527 2257 3560 ac
2278 3509 2653 3574 discrepantes

1567 3582 1899 3646 spectaverit
1913 3582 2193 3647 opiniones
2209 3579 2559 3642 (Graecorum
2573 3594 2652 3629 sc.

1571 3665 1703 3699 suae
1728 3650 1980 3715 aetatis),
2009 3665 2235 3715 quarum
2257 3647 2397 3696 aliae
2420 3648 2654 3698 Araxem

1570 3719 1713 3769 Istro
1749 3720 2037 3782 maiorem,
2075 3718 2215 3768 aliae
2249 3716 2510 3766 minorem
2536 3733 2653 3781 per-

1568 3787 1833 3838 hiberent.
1874 3789 2052 3852 Magis
2087 3786 2392 3853 quaesitum
2418 3786 2651 3848 videtur,

1570 3857 1618 3906 si
1642 3856 1939 3907 Niebuhrio
1971 3865 2193 3907 auctore
2221 3854 2325 3919 (De
2353 3855 2649 3920 geograph.

1569 3926 1832 3977 Herodot.
1854 3926 1910 3976 in
1931 3926 2318 3977 commentatt.
2343 3924 2536 3976 societ.
2553 3926 2652 3975 Be-

1569 3996 1826 4050 rolinens.
1869 3996 2001 4047 edit.
2042 3997 2194 4046 1816.
2224 4009 2349 4059 pag.
2379 3994 2503 4060 222)
2545 4010 2655 4043 ma-

1571 4066 1735 4115 iorem
1759 4064 1866 4115 dici
1894 4065 2113 4115 fluvium
2148 4067 2381 4125 statuas,
2413 4068 2656 4128 propter-

1572 4150 1637 4184 ea
1684 4134 1827 4199 quod
1877 4135 2082 4185 insulas
2121 4132 2300 4184 Lesbo
2343 4132 2455 4182 sere
2496 4147 2653 4197 pares

1570 4203 1944 4269 magnitudine
1973 4205 2279 4262 contineat,
2320 4202 2655 4267 eundemque

1570 4274 1859 4336 minorem,
1912 4273 2056 4338 quod
2100 4270 2381 4323 Herodoto
2424 4270 2518 4320 ille
2563 4270 2655 4319 vix

1569 4348 1782 4393 tantum
1803 4344 2056 4408 spatium,
2077 4345 2338 4407 quantum
2357 4339 2519 4402 Ister,
2538 4353 2655 4403 per·

1568 4427 1749 4463 meare
1780 4412 1932 4463 visus
1967 4411 2149 4463 fuerit.

2105 4488 2235 4552 26*
