3109 5092
477 374 589 434 112

1338 377 1871 439 HERODOTI

632 541 732 602 καὶ
776 537 935 621 τότε,
982 542 1151 607 Λυδὲ
1194 543 1489 625 ποδαβρὲ,
1537 540 1943 623 πολυψήφιδα
1984 539 2126 627 παρ’
2150 537 2384 626 Έρμον

635 640 908 725 φεύγειν,
955 643 1106 722 μηδὲ
1148 645 1380 723 μένειν,
1423 640 1566 726 μηδ’
1617 648 1925 708 αἰδεῖσθαι
1965 639 2152 720 κακὸς
2192 642 2367 709 εἶναι.

377 775 458 837 56
484 766 776 839 Τούτοισι
831 765 1108 838 ἐλθοῦσι
1163 785 1333 841 τοῖσι
1380 776 1567 842 ἔπεσι
1618 769 1655 843 ὁ
1696 781 1986 861 Κροῖσος
2038 767 2289 839 πολλόν
2338 798 2402 840 τι
2456 772 2744 860 μάλιστα

472 870 734 943 πάντων
760 867 972 961 ἥσθη,
1015 869 1299 956 ἐλπίζων
1341 869 1621 963 ἡμίονον
1660 871 1924 961 οὐδαμοὶ
1961 868 2108 942 ἄντ’
2144 868 2391 961 ἀνδρὸς
2418 877 2738 962 βασιλεύ-

469 997 616 1046 σειν
640 975 933 1064 Μήδων·
990 971 1137 1046 οὐὸ’
1172 967 1270 1046 ὦν
1309 975 1508 1060 αὐτὸς
1537 976 1698 1076 οὐδὲ
1730 984 1801 1048 ol'
1822 974 1890 1059 ἐξ
1929 973 2142 1044 αὐτοῦ
2168 976 2562 1047 παύσεσθαί
2586 1006 2740 1048 κοτε

468 1157 628 1206 bante
651 1155 937 1221 Spitznero
970 1156 1055 1206 De
1092 1170 1235 1207 vers.
1259 1155 1462 1207 heroic.
1490 1173 1546 1222 p.

470 1229 539 1277 50
575 1231 622 1277 et
663 1225 894 1275 Bredov,
952 1241 1005 1289 p.
1056 1225 1173 1289 41„
1236 1226 1331 1276 ubi
1383 1227 1547 1291 vulgo

468 1292 842 1359 πολυψηφῐδα
860 1300 958 1344 aut
976 1292 1380 1361 πολυψηφίδα,
1403 1296 1548 1362 quod

467 1366 611 1416 idem
643 1365 860 1430 praebet
896 1362 1169 1413 Diodorus
1205 1363 1240 1413 l.
1277 1365 1315 1414 l.
1386 1366 1544 1415 Conf.

470 1436 633 1485 etiam
653 1435 851 1498 Unger.
876 1432 1148 1484 Paradox.
1173 1433 1382 1483 Thebb.
1415 1450 1542 1500 pag.

469 1506 593 1555 200.
661 1504 978 1565 „Invenitur
1023 1501 1159 1552 haec
1206 1503 1453 1554 clausula
1489 1507 1543 1554 in

473 1572 669 1625 Athen.
702 1573 850 1623 XIV.
891 1588 945 1638 p.
966 1570 1119 1636 630„
1156 1572 1358 1624 Euseb.
1387 1574 1551 1625 Prae·

473 1659 588 1708 par.
627 1644 832 1708 Evang.
868 1643 943 1706 V,
983 1643 1077 1705 24,
1126 1642 1182 1690 in
1216 1641 1433 1695 Platon.
1472 1645 1551 1695 Re

474 1713 620 1778 publ.
668 1712 832 1774 VIII,
872 1713 956 1762 16.
1007 1728 1060 1777 p.
1104 1711 1225 1762 566.
1304 1712 1483 1763 Aliam
1521 1730 1551 1764 e

473 1783 745 1833 Prisciano
773 1783 1023 1832 lectionis
1052 1781 1378 1833 varietatem
1405 1782 1551 1832 exhi-

472 1853 566 1902 bet
589 1852 934 1903 Lindemann.
960 1852 1021 1902 in
1044 1852 1223 1916 Epist.
1251 1853 1550 1917 praemissa

473 1923 733 1974 Prisciani
772 1924 910 1987 Opp.
939 1922 1159 1972 minorr.
1187 1921 1363 1986 (Leid.
1389 1922 1548 1987 1818)

472 2007 600 2057 pag.
648 1992 789 2043 XXI.
832 2020 895 2028 —
942 1992 1050 2041 Pro
1091 1986 1236 2054 μηδὲ
1280 1992 1338 2040 in
1386 1993 1550 2042 tertio

472 2077 630 2112 versu
665 2065 844 2112 exstat
885 2062 1049 2111 etiam
1086 2056 1163 2124 μὴ
1201 2055 1291 2123 δὲ,
1343 2061 1410 2111 de
1442 2077 1548 2127 quo

473 2131 623 2181 Bast.
662 2132 697 2181 1.
740 2131 817 2182 l.“
860 2132 957 2180 Cr.

538 2226 771 2297 ἡμίονος
805 2223 1065 2299 βασιλεὺς
1098 2223 1357 2295 Μήδοισι
1389 2231 1551 2297 γένη-

472 2304 587 2368 ται]
617 2302 734 2364 Quo
762 2316 925 2350 sensu
957 2300 1132 2365 Cyrus
1152 2300 1366 2351 dicatur
1389 2295 1551 2366 ἡμίο-

475 2386 575 2429 νος
597 2386 638 2422 s.
660 2374 845 2434 mulus,
883 2370 1192 2420 declaratur
1225 2371 1365 2420 infra
1392 2372 1438 2433 1,
1463 2371 1549 2435 91,

475 2442 569 2492 ubi
610 2441 716 2490 vid.
802 2440 926 2491 Alia
974 2440 1045 2490 ad
1099 2439 1152 2489 h.
1208 2440 1245 2490 l.
1300 2441 1551 2491 Platonis

476 2512 714 2577 disputat
771 2509 1108 2571 Scholiasta,
1168 2524 1306 2574 quae
1366 2509 1551 2560 malim

474 2582 615 2647 apud
670 2581 845 2647 ipsum
901 2580 1026 2645 legi.
1114 2578 1339 2642 „Simile
1398 2580 1553 2644 quid-

475 2652 594 2701 dam
654 2651 709 2701 in
766 2650 1005 2700 Arabum
1061 2648 1289 2713 sabulis,
1348 2650 1549 2715 quibus

474 2736 665 2772 nomen
700 2720 936 2770 Tausend
960 2719 1062 2769 und
1080 2722 1189 2769 eine
1211 2718 1390 2779 Naekt,
1429 2735 1550 2769 nar-

474 2797 622 2841 ratur
655 2791 720 2840 de
758 2789 951 2852 Hind„
992 2803 1133 2854 quae
1162 2789 1431 2839 Naamani
1466 2794 1550 2838 est

464 2860 606 2920 filia,
668 2859 1059 2920 Hedschacho,
1120 2859 1550 2922 Mesopotamiae

471 2928 743 2993 praefecto
787 2934 976 2992 nupta.
1047 2927 1187 2976 Nam
1219 2930 1456 2977 misellum
1478 2944 1550 2978 ecc

473 3014 530 3047 se
574 3001 746 3046 mulum
794 3006 1113 3059 procreatum
1162 2997 1230 3045 iri
1271 2997 1551 3061 conqueri-

473 3072 588 3127 tur,
626 3081 729 3130 quo
768 3065 915 3115 dicto
950 3065 1071 3129 ipsa
1106 3064 1361 3114 maritum
1394 3080 1549 3114 suum

474 3150 595 3185 cum
625 3136 780 3184 asino
816 3139 1245 3198 comparaverat.
1309 3133 1467 3184 Unde
1502 3134 1549 3182 is

475 3220 597 3254 cum
653 3219 718 3255 ea
762 3203 1010 3267 protinus
1057 3203 1350 3253 divortium
1398 3203 1547 3253 facit.

473 3275 597 3325 Vid.
634 3273 891 3323 Tausend
926 3287 980 3324 u.
1008 3288 1057 3323 e.
1083 3271 1264 3322 Nacht
1296 3287 1404 3321 von
1429 3273 1548 3324 Jos.

472 3361 524 3395 v.
565 3345 819 3395 Hammer
855 3342 934 3394 11.
974 3358 1028 3407 p.
1069 3342 1230 3393 167.“
1269 3341 1367 3391 Gr.

538 3444 689 3497 Λυδὲ
708 3438 983 3513 ποδαβρὲ]
1017 3437 1308 3511 ποδαβρὸς
1333 3444 1553 3507 dicitur,

470 3519 559 3585 qui
592 3517 817 3582 pedibus
855 3520 951 3565 est
970 3519 1153 3577 tener,
1190 3513 1393 3575 mollis3
1430 3529 1554 3565 mox

469 3603 598 3638 vero
635 3587 703 3637 de
739 3586 933 3651 quavis
977 3584 1204 3636 mollitie
1255 3589 1310 3635 et
1340 3583 1554 3634 luxuria

471 3657 691 3718 diuitum
740 3671 849 3721 qua
893 3656 1016 3719 ipsa
1049 3655 1234 3719 Lydos
1286 3652 1423 3704 male
1461 3669 1554 3703 no-

471 3731 557 3775 tos
594 3727 763 3775 fuisse
809 3728 1042 3774 constat.
1118 3723 1243 3774 vid.
1291 3727 1432 3773 nott.
1482 3722 1554 3771 ad

473 3796 519 3857 1,
549 3794 663 3843 155.
712 3788 871 3858 Apud
898 3792 1230 3858 Hesychium
1261 3783 1407 3858 ἁβρὰ
1432 3788 1555 3858 βαί-

472 3875 588 3910 νων
626 3866 710 3910 est
742 3854 1148 3928 τροφερόβιοςς
1194 3876 1334 3925 quae
1377 3861 1552 3909 citans

470 3930 797 3994 wesseling.
824 3929 980 3978 addit
1002 3929 1265 3982 Themist.
1291 3930 1385 3979 Or.
1399 3929 1549 3979 XIX.

471 4014 523 4063 p.
578 3999 682 4049 ²26
728 3999 807 4047 D:
866 3989 1005 4045 ἀλλὰ
1059 3996 1281 4061 τρυφῆς
1336 3986 1410 4062 ἦν
1456 3993 1552 4046 καὶ

471 4058 578 4116 οὐκ
612 4058 816 4130 ἀρετῆς
848 4056 877 4113 ὁ
915 4058 1206 4131 ποδαβρὸς
1241 4057 1550 4129 ἐπωνυμία,

473 4141 528 4185 et
564 4133 810 4199 Euripid.
857 4134 1061 4184 Troad.
1102 4134 1221 4183 506.
1301 4134 1424 4184 Alia
1460 4134 1554 4183 da-

474 4205 554 4255 bit
606 4201 890 4255 Blomfield
940 4204 996 4252 in
1041 4200 1287 4253 Glossar.
1337 4202 1408 4252 ad
1452 4203 1554 4252 Ae-

472 4273 644 4338 schyl.
691 4274 845 4323 Pers.
885 4272 1047 4333 1073,
1093 4270 1186 4319 ubi
1233 4260 1554 4336 ἁβροβάτῃς

473 4343 673 4393 dicitur
738 4343 812 4403 is,
886 4342 979 4405 qui
1038 4338 1267 4389 delicate
1330 4340 1551 4391 incedit.

473 4411 671 4478 „Apud
688 4411 916 4475 Dionys.
930 4409 1302 4460 Halicarnass.
1321 4408 1387 4458 de
1410 4423 1553 4460 com-

1651 1174 1771 1223 pos.
1808 1159 1997 1210 verbb.
2036 1175 2090 1224 p.
2128 1158 2231 1209 390
2267 1159 2352 1211 cd.
2388 1158 2610 1209 Schaes.
2652 1173 2742 1207 ex-

1651 1233 1765 1277 stat
1816 1219 2032 1293 ἐλαφρὰ
2074 1224 2294 1276 ποδοῖν.
2377 1228 2534 1279 Conf.
2584 1229 2738 1278 Bast.

1649 1297 1685 1348 l.
1725 1296 1801 1348 l.“
1841 1300 1939 1348 Gr.

1718 1359 2103 1431 πολυψήφιδα
2145 1356 2288 1430 παρ’
2315 1354 2555 1432 ”Ερμον]
2604 1366 2744 1414 Her-

1648 1452 1752 1485 mus
1802 1436 1999 1486 fluvius
2045 1436 2101 1485 in
2144 1434 2416 1500 Phrygiae
2463 1436 2740 1485 montibus

1649 1511 1800 1556 ortus
1860 1522 1958 1571 per
2009 1504 2278 1555 Sardium.
2336 1521 2556 1570 campos
2615 1504 2739 1553 inde

1651 1574 1884 1637 labitur,
1936 1580 2240 1639 auctusque
2277 1576 2503 1625 Pactolo
2540 1576 2595 1623 in
2630 1589 2744 1623 ma—

1652 1646 1729 1693 ris
1766 1644 1971 1710 Aegaei
2019 1645 2196 1693 sinum
2230 1643 2585 1710 Smyrnaeum
2621 1659 2742 1693 sese

1652 1713 1894 1764 effundit.
1977 1714 2135 1764 Nunc
2180 1713 2230 1762 ei
2275 1729 2470 1764 nomen
2514 1713 2744 1764 Sombat

1652 1800 1697 1835 s.
1737 1783 1963 1834 Ketion-e.
2021 1784 2104 1834 Tu
2143 1782 2286 1832 cons.
2322 1784 2369 1845 Ι,
2401 1784 2488 1835 80.
2523 1784 2589 1845 V,
2619 1783 2739 1835 101.

1650 1855 1890 1905 Pausan.
1926 1853 1992 1915 V,
2034 1852 2116 1903 13.
2142 1850 2195 1913 §-
2228 1854 2282 1902 4.
2320 1853 2627 1903 Tzschuck.
2670 1852 2742 1901 ad

1650 1924 1914 1986 Pompon.
1952 1922 2079 1971 Mel.
2114 1921 2160 1985 1,
2201 1922 2283 1972 17.
2314 1926 2431 1985 5.·2.
2471 1926 2526 1972 et
2549 1922 2740 1972 Forbi-

1654 2008 1749 2058 ger
1791 1991 2013 2043 Handb.
2061 1992 2115 2042 d.
2167 1990 2264 2040 alt.
2319 1992 2519 2057 Geogr.
2560 1991 2637 2041 11.
2683 2007 2736 2055 p.

1657 2063 1754 2114 102
1770 2076 1903 2127 seq.,
1917 2063 2010 2126 qui
2030 2066 2272 2111 veterum
2293 2060 2443 2110 locos
2462 2061 2530 2110 de
2540 2063 2742 2111 Hermo

1655 2146 1839 2181 omnes
1875 2130 2148 2181 exhibent.
2181 2160 2250 2169 -
2286 2132 2351 2179 ln
2377 2145 2528 2196 seqq.
2566 2130 2742 2179 infini-

1652 2202 1826 2251 tivum
1875 2200 2180 2265 imperativi
2215 2199 2337 2249 loco
2385 2201 2624 2263 positum
2663 2201 2742 2248 in-

1654 2273 1900 2320 venimus
1916 2306 1929 2332 ,
1973 2269 2039 2319 de
2067 2284 2173 2334 quo
2199 2268 2345 2318 conf.
2364 2269 2618 2319 Kuehner
2643 2269 2738 2319 Gr.

1655 2341 1749 2390 Gr.
1789 2342 1841 2401 ξ.
1880 2341 1984 2389 044
2030 2348 2084 2388 et
2132 2338 2304 2388 allata
2353 2337 2424 2388 ad
2470 2338 2739 2389 Herodot.

1654 2409 1781 2471 VII,
1827 2407 1941 2459 159.

2043 2580 2175 2629 Cn.
2215 2578 2358 2630 LVI.

1720 2673 1956 2741 ἐλπίζων
1988 2712 2059 2721 —-
2096 2672 2342 2747 οὐδαμὰ]
2381 2671 2607 2746 οὐδαμὰ
2641 2696 2741 2745 pro

1653 2742 1880 2816 οὐδαμὰ
1925 2767 2047 2801 cum
2091 2757 2320 2802 recentt.
2367 2751 2486 2801 edd.
2526 2751 2740 2814 scripsi.

1652 2852 1723 2862 -
1757 2821 1822 2871 In
1859 2836 1918 2870 se
1958 2836 2008 2885 q.
2048 2822 2227 2871 verbis
2272 2812 2405 2871 οὐδ’
2446 2808 2531 2868 οἷν
2564 2812 2743 2877 αὐτὸς

1652 2881 1788 2939 οὐδὲ
1825 2883 1895 2939 οἱ
1920 2836 1984 2950 (ἒξ
2013 2882 2194 2940 αὐτοῦ
2228 2890 2291 2955 (ἰ.
2320 2907 2368 2942 e.
2401 2893 2600 2953 posteri
2609 2909 2631 2947 ‚·
2666 2889 2739 2939 cf.

1651 2960 1905 3009 Kuehner
1953 2959 2044 3010 Gr.
2095 2959 2187 3011 Gr.
2234 2962 2283 3022 §-
2329 2958 2449 3011 510.
2496 2963 2614 3010 not.
2663 2958 2740 3024 2.)

1650 3021 1987 3077 παύσεσθαί
2027 3042 2156 3077 κοτε
2203 3027 2304 3093 τῆς
2350 3020 2529 3093 ἀρχῆς
2564 3028 2741 3079 Cobet

1652 3097 1808 3148 Varr.
1860 3099 2038 3149 Lectt.
2085 3113 2211 3163 pag.
2260 3098 2324 3148 01
2372 3099 2740 3148 necessarium

1653 3181 1772 3217 esse
1805 3173 1966 3232 putat
2010 3168 2248 3217 scribere
2292 3157 2429 3216 οὐδὲ
2483 3158 2645 3224 τοὺς
2681 3158 2739 3226 ἐξ

1653 3227 1854 3286 αὐτοῦ.
1939 3236 2050 3289 Sed
2089 3236 2370 3303 vulgatam
2416 3240 2560 3287 recte
2607 3234 2741 3285 mihi

1653 3305 1826 3357 tuitus
1862 3321 1983 3356 esse
2027 3305 2240 3355 videtur
2282 3306 2526 3357 Schoene
2569 3306 2625 3354 in
2673 3320 2742 3355 ea

1654 3375 1974 3439 scriptione,
2015 3390 2177 3440 quam
2210 3376 2284 3426 ad
2319 3376 2366 3438 I,
2393 3377 2458 3425 27
2498 3373 2740 3438 laudavi,

1654 3460 1781 3510 pag.
1821 3448 1852 3494 2
1888 3445 2156 3510 insignem
2189 3460 2257 3494 ac
2292 3444 2523 3494 forsitan
2556 3445 2743 3509 singu-

1655 3514 1822 3564 larem
1879 3530 1999 3565 esse
2057 3528 2281 3563 monens
2344 3514 2740 3584 nominativum

1657 3599 1765 3633 non
1802 3582 1974 3633 solum
2007 3585 2296 3648 primariae
2323 3596 2587 3648 personae
2617 3586 2742 3643 (αυ-

1655 3645 1795 3717 τὸς),
1841 3668 2023 3703 verum
2067 3654 2234 3703 etiam
2268 3652 2625 3702 secundariae
2661 3645 2746 3716 (οἱ

1656 3714 1713 3782 ἐξ
1739 3713 1942 3787 αὐτοῦ)
1965 3723 2026 3771 'in
2050 3721 2154 3772 hac
2176 3727 2452 3772 structura
2473 3724 2737 3785 positum:

1656 3791 1801 3855 quod
1834 3792 2037 3842 Noster
2072 3790 2321 3841 consulto
2361 3791 2559 3841 fecisse
2592 3790 2741 3840 vide-

1654 3864 1766 3922 tur,
1805 3862 1899 3925 qui
1936 3861 2194 3910 Croesum
2229 3861 2454 3925 eiusque
2490 3864 2740 3924 posteros

1655 3930 1933 3994 appellans
1962 3935 2136 3979 totam
2171 3930 2386 3979 domum
2421 3930 2538 3979 sive
2573 3931 2742 3995 dyna-

1654 3998 1818 4048 stiam
1851 3998 2163 4063 significare
2197 3998 2371 4049 voluit
2398 4002 2562 4063 atque
2596 3999 2740 4049 hanc

1655 4066 1724 4116 ob
1741 4065 1983 4117 ‘causam
2027 4067 2254 4117 eundem
2301 4083 2515 4133 quoque
2554 4084 2740 4118 casum

1653 4136 1909 4196 retinuit;
1961 4151 2068 4200 quo
2119 4143 2330 4186 mutato
2366 4137 2742 4188 diversitatem

1654 4203 1924 4268 quandam
1982 4206 2124 4254 inter
2178 4205 2438 4255 Croesum
2503 4212 2558 4257 et
2622 4208 2741 4257 eius

1653 4277 1901 4337 posteros
1948 4273 2310 4337 declarasset,
2370 4275 2586 4339 qualem
2644 4278 2742 4327 mi-

1651 4342 1795 4391 nime
1826 4341 2104 4392 declarare
2132 4342 2399 4393 voluerat.
2472 4345 2559 4395 Tu
2593 4346 2740 4396 conf.

1653 4410 1819 4460 etiam
1855 4416 1995 4462 nott.
2037 4412 2109 4462 ad
2146 4412 2223 4474 11,
2263 4412 2383 4462 118.
