3109 5092
1128 324 1627 386 EUTERPE.
1673 324 1758 384 H.
1796 330 1884 386 63.

2512 317 2637 380 569

362 520 507 569 στοι
558 504 821 586 ἔχοντες
856 498 1022 579 ξύλα
1059 498 1172 566 καὶ
1211 487 1431 583 οὖτοι,
1482 499 1595 567 ἐπὶ
1648 496 1729 567 τὰ
1777 499 1972 585 ἕτερα
2008 491 2200 577 ἁλέες
2238 497 2481 567 ἑστᾶσι.
2562 495 2638 567 τὸ

365 603 440 673 δὲ
502 599 806 691 ἄγαλμα,
878 598 991 671 ἐὰν
1055 604 1130 670 ἐν
1192 606 1334 694 νηῷ
1392 605 1611 694 μικρῷ
1658 604 1907 693 ξυλίνῳ
1960 603 2636 696 κατακεχρυσωμένῳ,

365 712 918 797 προεκκομίζουσι
949 709 1032 795 τῇ
1066 710 1429 794 προτεραίῃ
1469 708 1536 784 ές
1571 701 1737 774 ἄλλο
1775 713 2020 792 οἴκημα
2056 702 2223 791 ἱρόν.
2301 708 2371 773 οἱ
2393 706 2520 792 μὲν
2553 704 2638 796 δὴ

363 806 579 896 ὀλίγοι
633 813 704 878 οἰ
768 808 924 897 περὶ
984 804 1302 896 τῶγαλμα
1362 810 1783 896 λελειμμένοι
1853 810 2124 876 ’ἕλκουσι
2185 806 2666 897 τετράκυκλον.

363 909 654 1002 ἅμαξαν,
693 910 994 999 ἄγουσαν
1022 908 1141 981 τὸν
1168 909 1334 1000 νηόν
1366 938 1438 980 τε
1472 912 1585 981 καὶ
1616 909 1692 978 τὸ
1723 913 1799 979 ἐν
1828 914 1922 1003 τῷ
1952 914 2095 1004 νηῷ
2125 906 2320 980 ἐνεὸν
2349 909 2635 1001 ἄγαλμα.

363 1021 435 1085 οἱ
477 1015 551 1085 δὲ
603 1011 729 1086 οὐκ
767 1018 958 1100 ἐῶσι,
1011 1016 1087 1083 ἐν
1121 1032 1290 1084 τοῖσι
1322 1020 1800 1102 προπυλαίοισι
1838 1014 2183 1097 ἑστεῶτες,
2237 1015 2516 1084 ἐσιέναι·
2573 1020 2641 1087 οἰ

365 1118 441 1189 δὲ
479 1115 942 1206 εὐχωλιμαῖοι,
978 1122 1416 1206 τιμωρέοντες
1448 1121 1541 1211 τῷ
1577 1122 1758 1211 θεῷ,
1815 1122 2086 1185 παίουσι
2123 1113 2371 1196 αὐτοὺς
2405 1114 2633 1201 ἀλεξό-

364 1249 577 1310 μενοι.
663 1224 962 1289 ένθαῦτα
1014 1219 1187 1309 μάχη
1232 1219 1487 1303 ξύλοισι
1535 1215 1825 1309 καρτερὴ
1875 1225 2132 1306 γίνεται
2151 1270 2169 1304 ,
2219 1220 2517 1308 κεφαλάς
2564 1249 2637 1294 τε

356 1321 891 1412 συναράσσονται
912 1375 929 1407 ,
968 1324 1080 1392 καὶ
1117 1319 1207 1403 ὥς
1243 1321 1375 1410 ἐγω
1408 1326 1659 1408 δοκέω,
1706 1324 1940 1393 πολλοὶ
1976 1323 2089 1392 καὶ
2123 1319 2636 1412 ἀποθνήσκουσι

362 1432 436 1497 ἐκ
486 1431 623 1496 τῶν
665 1425 1062 1514 τρωμάτων*
1111 1424 1193 1497 οὗ
1230 1430 1458 1516 μέντοι
1506 1431 1579 1497 οἵ
1619 1454 1697 1514 γε
1742 1424 2101 1513 Αἰγύπτιοι
2155 1431 2418 1513 ἔφασαν
2466 1424 2633 1499 ἄπο-

357 1603 597 1653 Verbum
618 1591 890 1651 ἐπιτελεῖν
910 1602 1150 1668 (solvere,
1172 1601 1446 1668 peragere)

359 1672 648 1738 frequens
632 1686 689 1721 m
708 1686 768 1722 re
785 1686 968 1732 sacra3
995 1671 1104 1723 vid.
1132 1678 1248 1724 not.
1273 1678 1445 1723 nostr.

362 1741 431 1792 ad
470 1741 692 1793 Ctesiae
736 1741 985 1806 fragmm.
1036 1755 1165 1806 pag.
1210 1743 1333 1794 436.
1376 1771 1444 1782 -

358 1802 452 1861 ἐπὶ
489 1803 558 1860 τὰ
594 1805 756 1873 ἕτερα
789 1811 846 1859 iu
891 1826 1043 1876 seqq.
1092 1814 1205 1861 est.
1255 1812 1321 1862 ab
1369 1815 1446 1862 al-

358 1889 474 1931 tera
496 1886 665 1942 parte,
701 1881 738 1930 i.
776 1895 824 1930 e.
852 1896 924 1930 eae
958 1881 1196 1932 adverso.
1269 1881 1442 1944 0121,

360 1951 447 2001 51.
476 1949 553 2012 ΙΙ,
589 1948 678 1999 36.
748 1949 1265 2029 Interpunctionem,
1304 1966 1444 2016 quae

357 2018 523 2083 vulgo
569 2021 697 2068 ante
743 2013 838 2066 καὶ
882 2004 1045 2067 οὖτοι
1094 2023 1240 2080 erat,
1298 2035 1443 2072 nunc

357 2087 516 2153 posui
553 2090 681 2137 ante
717 2076 809 2135 ἐπὶ
832 2078 901 2135 τὰ
934 2081 1095 2151 ἕτερα
1118 2103 1242 2139 cum
1262 2089 1440 2141 Gaisf.

359 2162 414 2207 et
451 2155 723 2221 Schwgh„
759 2160 822 2206 ut
860 2155 981 2206 scil.
1020 2158 1191 2208 verba
1216 2153 1314 2207 καὶ
1345 2146 1442 2208 οὖ-

357 2240 449 2275 τοι
485 2226 667 2289 aptius
697 2239 819 2274 cum
841 2226 1289 2278 antecedentibus
1318 2243 1444 2278 con-

355 2299 665 2346 nectantur.

427 2357 492 2412 τὸ
514 2357 579 2413 δὲ
603 2354 850 2427 αγαλμα,
887 2353 984 2411 ἐὸν
1007 2355 1067 2414 ἐν
1091 2362 1214 2431 νηῷ
1232 2363 1439 2430 μικρῷ]

358 2424 500 2498 νηὸς
531 2433 621 2484 hic
652 2436 736 2483 est
770 2432 1022 2483 aedicula.
1047 2449 1220 2499 parva
1243 2434 1444 2500 lignea,

356 2518 412 2621 ιόι
448 2517 557 2622 σξιο
570 2501 950 2632 Ῑῗιιηὸιξαοῗέιιι
973 2503 1103 2624 fill?8
1109 2505 1441 2624 ‘reffsitfflg

403 2587 473 2621 on
902 2587 930 2620 ·)
1254 2610 1268 2634 ,

355 2640 452 2698 VI,
496 2640 561 2691 19
594 2640 778 2705 ibique
817 2645 958 2690 nott.
1032 2641 1156 2692 Alia
1201 2642 1445 2707 exempla

356 2709 751 2771 aedicularum,
793 2710 849 2758 in
869 2710 1066 2775 quibus
1092 2710 1312 2762 deorum
1332 2716 1445 2761 sta·

357 2783 488 2830 tuae
504 2780 932 2843 reponebantur,
974 2779 1132 2830 affert
1159 2780 1355 2846 cuper.
1384 2782 1442 2831 in

356 2849 411 2899 Η
515 2853 685 2899 ocrat.
762 2848 937 2900 131.

413 2863 586 2967 “lvd-²3
616 2907 1005 2984 ευχωλιμαῖοι]
1045 2918 1084 2968 i.
1138 2934 1187 2969 e.
1240 2911 1300 2967 οἰ
1344 2910 1444 2976 τοὶς

355 3000 418 3036 ευ
400 2975 606 3050 ’χωλὰς
635 2979 1039 3051 ἐπιτελέοντες,
1078 2991 1165 3054 qui
1195 2995 1310 3038 vota
1332 3004 1445 3039 sus-

352 3063 499 3118 cepta
535 3058 775 3137 eaeseqm‘
777 3059 960 3106 volunt.

423 3122 662 3174 παίουσι
705 3117 940 3192 αὐτοὺς]
981 3139 1059 3175 sc.
1099 3141 1220 3188 eos,
1255 3126 1350 3191 qui
1381 3126 1441 3175 in

350 3194 581 3245 introitu
616 3193 806 3259 templi
850 3199 1060 3244 stantes
1105 3195 1320 3245 turbam
1355 3211 1442 3245 eo-

352 3275 498 3324 rum,
545 3264 639 3329 qui
674 3278 891 3314 currum
925 3279 1048 3314 cum
1095 3263 1183 3313 dei
1218 3263 1438 3328 simula·

353 3347 446 3382 cro
482 3332 731 3394 trahunt,
771 3332 1061 3397 prohibent
1097 3333 1164 3383 ab
1189 3333 1435 3396 introitu,

352 3401 591 3451 caedunt
625 3401 930 3452 resistendo
968 3416 1033 3451 ac
1062 3404 1436 3465 repugnandO.

354 3470 514 3532 Quod
557 3470 674 3521 bini
726 3470 854 3519 libri
902 3468 1133 3521 offerunt
1178 3468 1439 3532 ἀλεξομέ-

351 3552 517 3598 νους,
568 3544 629 3589 ut
662 3539 735 3590 ad
778 3529 992 3595 αὐτοὺς
1036 3539 1304 3590 referatur
1341 3537 1435 3601 (cf.

350 3608 395 3667 1,
434 3607 579 3671 211),
615 3608 673 3657 id
711 3607 892 3657 malim
925 3607 1030 3657 hoc
1056 3607 1178 3658 loco
1197 3607 1438 3658 tribuere

349 3645 589 3727 librariis
625 3677 912 3727 Herodoti.
948 3706 1021 3716 —-
1057 3676 1344 3727 Caeterum
1380 3678 1438 3726 in

349 3746 740 3811 Aegyptiorum
800 3745 1163 3796 monumentis
1226 3747 1439 3810 conspi-

350 3814 570 3864 ciuntur
610 3816 718 3865 viri
757 3814 968 3865 baculis
1012 3815 1297 3875 instructi,
1346 3814 1440 3879 qui

352 3888 591 3935 certant:
650 3885 795 3936 unde
842 3882 1009 3932 talem
1052 3882 1331 3948 pugnandi
1382 3887 1439 3934 et

348 3952 596 4004 certandi
632 3955 898 4004 rationem
934 3951 1081 4001 haud
1127 3952 1437 4017 infrequen-

349 4025 460 4071 tem
493 4037 591 4086 per
622 4022 933 4088 Aegyptum
959 4020 1127 4071 fuisse
1151 4022 1433 4074 coniicias.

348 4089 504 4141 Conf.
544 4090 872 4141 Wilkinson.
918 4090 1175 4141 Manners
1210 4093 1315 4141 etc.
1355 4091 1430 4141 11.

387 4159 561 4211 4.34.
600 4158 723 4210 439.
761 4161 883 4210 442.

417 4218 487 4276 οὖ
550 4225 797 4290 μέντοι
858 4225 926 4278 οἵ
978 4241 1050 4292 γε
1108 4218 1428 4293 Αἰγύπτιοι]

344 4296 495 4346 Bene
541 4296 621 4347 sic
678 4311 823 4348 nunc
883 4297 1112 4358 editum,
1171 4296 1430 4346 librorum

344 4365 670 4429 scriptorum
694 4366 978 4432 adeoque·
962 4367 1136 4431 ipsius
1159 4365 1429 4418 Herodoti

1550 1602 1882 1654 auctoritate
1932 1602 1979 1664 Ι,
2028 1604 2115 1654 51.
2155 1603 2241 1654 80.
2290 1603 2367 1665 ΙΙ,
2411 1604 2502 1656 81.
2546 1604 2633 1658 83.

1547 1673 1660 1724 Alii
1695 1662 1765 1720 οὖ
1797 1669 1992 1735 μέντοι
2028 1686 2100 1736 γε
2138 1670 2206 1722 οἴ
2224 1686 2282 1722 τε
2318 1641 2636 1738 Ᾱίγύπτιοι.

1548 1743 1623 1793 At
1648 1740 1827 1792 solent
1864 1740 2062 1793 Graeci
2094 1741 2420 1806 particulam
2464 1758 2524 1806 γε
2555 1745 2641 1795 sio

1546 1810 1842 1873 collocare,
1910 1814 1973 1860 ut
2033 1810 2146 1861 alia
2202 1812 2468 1878 quaedam
2529 1829 2637 1864 vox

1545 1880 1725 1931 media
1760 1880 1834 1930 sit
1858 1879 2200 1945 interposita.
2255 1881 2409 1931 Infra
2431 1882 2507 1944 11,
2547 1883 2634 1946 98,

1545 1950 1642 2000 ubi
1680 1964 1791 2000 non
1824 1950 2071 2013 sequitur
2108 1949 2399 2014 articulus,
2436 1950 2638 2017 legitur

1546 2010 1616 2068 οὐ
1651 2015 1845 2082 μέντοι
1880 2032 1968 2082 γε,
2018 2021 2164 2083 quod
2196 2020 2518 2084 saepissime
2552 2021 2636 2073 sic

1550 2087 1659 2139 dici
1694 2087 2000 2153 (nunquam
2039 2104 2169 2140 vero
2218 2081 2291 2139 οὔ
2323 2103 2383 2153 γε
2417 2086 2633 2157 μέντοι)

1545 2162 1727 2208 monet
1745 2158 2010 2223 Krueger.
2037 2158 2108 2208 ad
2125 2157 2469 2223 Xenophont.
2493 2161 2638 2211 Ana-

1549 2224 1844 2290 bas.1,9,
1884 2228 1968 2278 14.
2035 2229 2374 2294 Quamquam
2411 2243 2471 2292 γε
2504 2226 2636 2294 μέν-

1546 2310 1665 2360 τοι,
1702 2296 2062 2362 praecedente
2095 2300 2288 2364 utique
2322 2314 2487 2361 voce,
2524 2298 2635 2350 dici

1547 2381 1765 2431 quoque
1801 2381 1963 2431 posse
2009 2373 2345 2430 monstrant,
2391 2383 2534 2433 quae
2568 2384 2637 2419 ex

1549 2436 1739 2486 eodem
1787 2436 2146 2501 Xenophonte
2199 2436 2390 2488 attulit
2433 2440 2636 2489 Borne-

1547 2520 1714 2554 mann
1762 2505 1834 2555 ad
1881 2504 2185 2570 Cyropaed.
2235 2506 2304 2569 V,
2342 2509 2393 2570 4,
2446 2507 2530 2558 12.
2562 2537 2635 2549 —-

1547 2574 1708 2635 Quod
1743 2573 1813 2623 ad
1841 2573 2018 2637 ipsam
2049 2574 2255 2626 hancce
2285 2590 2522 2640 pugnam
2553 2579 2637 2626 at-

1545 2643 1711 2704 tinet,
1769 2643 1922 2692 cuius
1967 2657 2129 2705 quam
2170 2645 2336 2709 vulgo
2385 2644 2634 2695 dederint

1544 2711 1838 2773 rationem,
1876 2725 2002 2760 mox
2032 2712 2233 2762 Noster
2257 2713 2479 2763 subiicit
2509 2728 2630 2777 cap.

1544 2780 1633 2841 64,
1682 2796 1839 2830 nemo
1887 2780 2079 2844 opinor
2127 2780 2366 2843 diffidet,
2418 2783 2634 2846 symbo-

1543 2849 1638 2899 lici
1659 2849 1791 2914 quid
1811 2865 1878 2900 ac
1902 2851 2180 2900 tesserarii
2203 2851 2259 2902 in
2275 2851 2428 2902 hisce
2455 2853 2634 2903 inesse

1546 2934 1614 2969 ex
1634 2918 1882 2970 interiori
1909 2920 2254 2970 sacerdotum
2279 2921 2529 2972 doctrina
2552 2937 2636 2972 re-

1544 2988 1863 3053 petendum,
1900 2991 2217 3053 praesertim
2243 3007 2365 3042 cum
2390 2993 2449 3042 in
2468 2991 2634 3044 Grae-

1544 3058 1633 3108 cia
1695 3074 1910 3125 quoque
1967 3057 2275 3110 huiusmodi
2331 3062 2635 3112 certamina

1543 3143 1704 3178 sacra
1737 3129 2076 3193 reperiantur
2136 3129 2208 3179 ad
2252 3131 2634 3194 mysteriorum

1544 3197 1847 3248 doctrinam
1884 3213 2057 3262 aeque
2090 3199 2395 3250 referenda.
2468 3199 2631 3251 Cous.

1539 3266 1791 3316 Lobeck:
1830 3267 2187 3332 Aglaopham.
2214 3285 2269 3332 p.
2305 3269 2428 3320 681.
2490 3269 2634 3329 Quid

1540 3351 1671 3386 vero
1707 3335 1811 3385 hoc
1847 3337 2023 3400 ipsum
2056 3337 2155 3397 sit,
2193 3338 2337 3400 quod
2375 3336 2634 3401 Aegyptii

1541 3403 1854 3454 sacerdotes
1878 3404 1981 3455 hoc
2007 3406 2303 3454 certamine
2332 3405 2632 3454 indicatum

1540 3471 1838 3534 voluerint,
1880 3472 1937 3522 id
1974 3473 2281 3538 accuratius
2318 3477 2484 3537 atque
2521 3488 2633 3523 cer-

1541 3542 1653 3590 tius
1691 3546 1753 3590 ut
1789 3540 2072 3602 definiam,
2118 3541 2210 3589 vix
2257 3557 2291 3591 a
2326 3557 2410 3591 me
2445 3546 2633 3605 postu-

1539 3609 1735 3660 labunt
1772 3611 1932 3674 aequi
1976 3625 2041 3660 ac
2086 3610 2249 3673 periti
2284 3624 2460 3659 rerum
2496 3610 2633 3660 iudi·

1543 3693 1652 3728 ces.
1736 3677 1902 3728 Haud
1960 3678 2174 3743 quidem
2223 3693 2342 3727 sum
2393 3679 2630 3742 nescius,

1540 3746 1772 3797 Martem
1809 3762 1843 3796 a
1877 3748 2072 3810 priscis
2109 3747 2362 3810 gentibus
2406 3763 2501 3811 pro
2538 3764 2632 3799 na-

1540 3818 1699 3865 turae
1726 3815 1839 3865 deo
1866 3830 1985 3865 esse
2013 3815 2287 3873 habitum,
2325 3816 2419 3879 qui
2452 3833 2632 3868 rerum

1540 3885 1751 3934 semina
1774 3884 2084 3944 contineat3
2112 3899 2249 3950 quae
2273 3885 2489 3950 quando
2508 3902 2630 3937 cum

1538 3956 1686 4002 terra
1733 3954 2241 4014 communicaverit,
2284 3954 2466 4004 omnia
2500 3956 2631 4006 oriri

1535 4035 1605 4071 ac
1652 4022 1827 4073 nasci.
1908 4022 2066 4083 Quod
2115 4026 2179 4072 ut
2241 4021 2405 4074 semel
2458 4025 2628 4076 totius

1536 4090 1722 4140 muudi
1774 4091 2044 4155 principio
2105 4091 2315 4142 factum
2369 4097 2482 4154 est,
2549 4094 2632 4143 ita

1533 4160 1828 4223 quotannis
1872 4159 1935 4210 fit
1981 4161 2248 4224 principio
2293 4163 2470 4222 veris,
2533 4163 2630 4213 ubi

1531 4231 1679 4278 terra
1715 4244 1904 4280 recens
1955 4231 2112 4294 quasi
2148 4229 2237 4292 fit,
2287 4246 2398 4281 non
2435 4233 2626 4281 statim

1531 4312 1745 4362 semper
1777 4299 1986 4350 semina
2016 4300 2313 4364 recipiens,
2352 4299 2450 4350 sed
2477 4299 2626 4350 haud

1530 4380 1655 4416 raro
1690 4368 1854 4418 etiam
1888 4367 2164 4420 reluctans
2210 4372 2265 4418 et
2302 4368 2618 4431 adversans,
