3109 5092
509 333 632 397 718
1371 332 1913 394 HERODOTI

373 521 492 582 126
509 516 698 592 ζοντο
714 559 732 592 ,
764 504 889 577 οὐκ
915 504 1146 595 ὀλίγον
1172 506 1437 599 χρόνον.
1515 505 1616 587 Ἐς
1643 512 1843 575 τοῦτο
1869 505 1945 574 δὲ
1970 508 2208 575 έλθετν
2234 507 2464 574 Χέοπα
2491 504 2790 594 κακότη-

507 639 615 692 τος
632 664 650 696 ,
680 608 850 681 ὥστε
879 610 1236 700 χρημάτων
1262 610 1587 699 δεόμενον
1618 608 1743 699 τὴν
1766 612 2118 697 θυγατέρα
2142 605 2269 698 τὴν
2296 611 2557 678 ἑωυτοῦ
2585 617 2787 679 κατί-

505 736 715 784 σαντα
743 711 853 784 έπ’
888 714 1275 804 οἰκήματος,
1319 713 1678 803 προστάξαι
1713 712 2135 801 πρήσσεσθαι
2171 708 2501 801 ἀργύριον
2531 708 2790 782 ὁκόσον

505 817 591 908 δή
629 845 692 886 τι
714 839 728 853 ·
785 815 868 888 οὗ
905 819 1034 908 γὰρ
1063 816 1146 905 δὴ
1172 818 1371 887 τοῦτό
1397 844 1473 905 γε
1501 823 1768 903 ἔλεγον·
1824 812 1953 904 τὴν
1989 815 2065 884 δὲ
2105 814 2189 884 τά
2227 843 2300 884 τε
2324 811 2461 884 ὑπὸ
2486 821 2609 884 τοῦ
2640 841 2781 885 πα-

503 919 657 1011 τρὸς
693 924 1028 1009 ταχθέντα
1068 920 1527 1011 πρήσσεσθαι,
1582 924 1723 1008 ἰδίῃ
1763 918 1839 987 δὲ
1868 920 1980 987 καὶ
2021 914 2240 1006 αὐτὴν
2287 923 2749 1007 διανοηθῆναι
2768 934 2874 990 165

501 1023 839 1114 μνημήῖον
868 1030 1357 1094 καταλιπέσθαι
1377 1076 1395 1110 ,
1432 1025 1544 1092 καὶ
1577 1028 1699 1091 τοῦ
1726 1020 2021 1101 ἐσιόντος
2052 1019 2218 1111 πρὸς
2245 1019 2462 1110 αὐτὴν
2490 1021 2786 1091 ἑκάστου

507 1129 820 1213 δέεσθαι,
862 1124 1034 1207 ὅπως
1076 1123 1164 1197 ἄν
1202 1124 1373 1217 αὐτῇ
1413 1130 1535 1195 ἕνα
1577 1133 1778 1195 λίθον
1815 1127 1892 1193 έν
1930 1140 2103 1193 τοῖσι
2147 1130 2399 1214 ἔργοισι
2431 1127 2781 1216 δωρέοιτο.

503 1234 578 1299 ἐκ
604 1231 863 1301 τούτων
899 1230 975 1299 δὲ
1003 1235 1139 1299 ταῖν
1166 1238 1388 1299 λίθων
1414 1235 1679 1316 ἔφασαν
1705 1225 1830 1315 τὴν
1856 1233 2205 1317 πυραμίδα
2232 1232 2779 1315 οἰκοδομηθῆναι

502 1332 627 1422 τὴν
664 1336 737 1402 ἐν
772 1334 951 1424 μέσῳ
978 1338 1117 1402 τῶν
1142 1338 1351 1421 τριῶν
1380 1336 1761 1428 ἑστηκυῖαν,
1796 1335 2139 1418 ἔμπροσθε
2167 1335 2283 1418 τῆς
2309 1330 2602 1419 μεγάλης
2633 1356 2775 1398 πυ-

503 1442 812 1524 ραμίδος,
840 1441 955 1523 τῆς
982 1438 1118 1504 έστι
1147 1434 1221 1504 τὸ
1249 1441 1470 1505 κῶλον
1500 1437 1782 1504 ἕκαστον
1811 1428 1980 1502 ὅλου
2002 1434 2117 1502 καὶ
2142 1428 2413 1522 ἡμίσεος
2440 1436 2779 1521 πλέθρου.

500 1609 714 1668 tempus
766 1603 1130 1653 consumsisse
1183 1603 1238 1653 in
1294 1604 1586 1656 caedendis

501 1672 772 1738 lapidibus
808 1689 874 1724 ex
909 1671 1242 1738 lapicidinis,
1279 1675 1443 1739 inque
1476 1673 1584 1723 illis

502 1743 832 1793 advehendis
868 1747 924 1792 et
948 1743 1005 1789 in
1044 1742 1195 1791 fossa
1230 1744 1587 1793 subterranea

502 1811 854 1862 conficienda.
891 1803 956 1860 τὸ
978 1801 1092 1859 ὑπὸ
1118 1826 1150 1875 γ
1166 1808 1226 1858 ’ν
1261 1802 1480 1880 ὄρυγμα
1506 1826 1589 1860 re-

503 1883 618 1931 sero
656 1882 726 1932 ad
747 1875 816 1930 τὰ
846 1870 963 1930 ὑπὸ
991 1877 1100 1945 γῆν
1127 1893 1158 1927 ο
1186 1873 1408 1945 πήματα
1444 1896 1585 1946 quae

501 1953 757 2002 dicuntur
793 1967 913 2016 cap.
954 1949 1082 2012 124,
1117 1950 1213 1999 ubi
1246 1951 1357 2001 vid.
1396 1955 1538 2001 nott.

831 2121 962 2172 Cn.
1003 2120 1247 2172 CXXVI.

571 2214 626 2280 ές
653 2220 824 2273 τοῦτο
859 2217 924 2271 δὲ
950 2214 1228 2272 ἐλθεῑν-
1245 2212 1579 2287 κακότητος]

502 2291 660 2342 Conf.
702 2292 776 2354 11,
808 2293 906 2341 124
944 2292 1064 2343 init.
1094 2292 1171 2341 ibi
1217 2326 1229 2340 .
1253 2295 1369 2342 not.
1390 2317 1458 2328 -
1494 2292 1581 2341 Ad

498 2362 669 2412 verba
689 2360 996 2410 κατίσαντα
1016 2351 1108 2410 ἐπ’
1136 2307 1446 2424 οῗκήματος
1468 2360 1578 2410 vid.

500 2445 666 2496 supra
699 2434 874 2480 notat.
914 2430 986 2481 ad
1024 2432 1102 2490 11,
1144 2429 1259 2480 121.
1299 2432 1350 2492 §-
1391 2431 1440 2479 5.

567 2493 926 2566 πρήσσεσθαι
962 2491 1238 2565 ἀργύριον
1252 2537 1265 2561 ,
1316 2491 1346 2549 ὁ
1361 2514 1392 2547 κ
1409 2492 1443 2547 ό
1457 2511 1532 2547 σο
1546 2513 1581 2547 ν

497 2562 582 2634 δή
617 2569 716 2636 τι]
766 2570 803 2621 i.
842 2585 888 2621 e.
928 2574 1135 2636 exigere
1178 2569 1296 2618 inde
1331 2571 1582 2631 pecuniae

495 2655 723 2690 sunmmm
759 2645 1248 2705 qumttulamcunque.
1323 2637 1405 2688 Ad
1454 2629 1583 2686 ὁκό-

497 2722 601 2759 σον
636 2701 709 2774 δή
731 2723 784 2758 τι
814 2711 1002 2761 confer
1036 2708 1239 2761 similes
1274 2706 1579 2758 locutiones

495 2779 541 2842 1,
588 2781 701 2832 160.
738 2778 853 2829 109.

565 2841 634 2897 οὐ
682 2842 788 2912 γὰρ
853 2840 927 2911 δὴ
976 2840 1191 2895 τοῦτό
1247 2859 1307 2909 γε
1359 2839 1576 2909 ἔλεγον]

494 2908 665 2964 τοῦτό
699 2930 783 2978 γε,
822 2917 859 2965 i.
896 2931 947 2965 e.
984 2929 1273 2976 summam,
1313 2929 1476 2978 quam
1511 2929 1580 2964 ex

496 2983 599 3033 hoc
638 2988 869 3048 quaestu
904 2984 1218 3046 acquisierit
1250 2982 1364 3031 filia
1397 2998 1462 3031 ex
1486 2998 1580 3048 pa-

496 3052 604 3110 tris„
629 3057 941 3117 praecepto,
998 3047 1188 3113 ἔλεγον
1222 3051 1292 3100 ad
1328 3053 1580 3102 sacerdo-

495 3127 579 3170 tes
624 3126 859 3186 spectat,
925 3135 1032 3169 non
1080 3120 1152 3169 ad
1207 3120 1577 3184 interpretem,

495 3203 603 3256 quo
631 3191 686 3239 in
711 3189 942 3254 leg-enda
974 3194 1029 3238 et
1065 3189 1471 3252 interpretanda
1500 3190 1578 3238 in-

493 3259 789 3325 scriptione
822 3273 952 3308 usus
989 3261 1108 3308 erat
1141 3258 1360 3308 Noster.
1394 3287 1463 3298 —-
1508 3258 1575 3307 In

493 3344 646 3395 seqq.
685 3328 754 3379 ad
790 3329 1012 3378 verbum
1045 3316 1250 3375 ἐσιέναι
1283 3327 1469 3378 confer
1503 3328 1576 3378 ad

492 3399 674 3475 11,„o4
705 3398 931 3478 monita.

562 3482 710 3524 οκως
731 3481 805 3515 αν
825 3459 970 3532 αὐτῇ
1008 3461 1106 3514 ἕνα
1142 3462 1319 3513 λίθον
1338 3454 1400 3513 ἐν
1428 3467 1577 3514 τοῖσι

490 3531 701 3602 ἔργοισι
738 3533 1028 3601 δωρέοιτο]
1069 3530 1229 3584 Hunc
1263 3532 1471 3595 locum,
1517 3534 1575 3582 in

467 3609 597 3674 ‘quo
619 3606 790 3656 verba
810 3596 870 3654 έν
888 3605 1035 3653 τοῖσι
1062 3596 1274 3667 ἔργοισι
1296 3604 1574 3667 negotium

489 3675 772 3725 facessunt
796 3674 927 3723 viris
952 3672 1146 3734 doctis,
1169 3670 1475 3735 Schweigh.
1493 3670 1575 3720 ita

489 3744 751 3793 reddidit:
774 3747 873 3803 „ut
887 3756 1052 3792 unum
1071 3739 1306 3805 lapidem
1326 3740 1406 3788 ad
1421 3754 1574 3802 opus

484 3813 858 3875 faciendum
896 3812 1190 3860 idoneum
1223 3808 1331 3858 sibi
1366 3808 1573 3858 conser-

489 3881 629 3930 ret.“
669 3879 1064 3930 Valckenarius
1084 3877 1331 3928 voculam
1361 3868 1422 3925 ἐν
1448 3875 1573 3927 eiici

488 3948 634 4010 vult,
683 3952 744 3997 ut
788 3949 937 3997 τοῖσι
975 3941 1186 4011 ἔργοισι
1223 3946 1437 3996 dicatur
1471 3960 1569 4010 pro

489 4013 571 4073 εἰς
624 4008 694 4065 τὰ
746 4011 895 4079 ἔργα.
967 4015 1246 4065 Werferus
1306 4015 1362 4063 in
1418 4014 1567 4066 Actt.

487 4084 639 4151 phin.
676 4084 923 4134 Monacc.
962 4083 1007 4146 1,
1043 4085 1097 4133 2.
1132 4098 1259 4148 pag.
1289 4082 1412 4133 267.
1451 4088 1566 4133 not.

439 4189 448 4198 ·
489 4155 556 4206 14
599 4152 881 4203 Herodoto
926 4151 1240 4201 restitutum
1285 4150 1405 4201 vult
1453 4143 1569 4200 ἐπὶ

481 4224 628 4271 τοῖσι
676 4215 916 4284 ἔργοισι,
969 4219 1008 4270 i.
1058 4235 1106 4270 e.
1160 4221 1232 4268 ad
1270 4221 1568 4285 pyramides

484 4291 846 4342 eaestruendas.
894 4289 1133 4350 Quorum
1161 4293 1411 4338 neutrum
1436 4289 1567 4337 mibi

481 4361 765 4426 probatur,
801 4356 956 4408 libris
978 4357 1269 4424 praecipue
1287 4357 1566 4422 refragan-

1688 1601 1852 1651 tibus.
1923 1600 2113 1651 Malim
2149 1600 2522 1664 interpretari:
2574 1599 2627 1647 in
2659 1599 2783 1659 ipso

1686 1686 1869 1732 opere,
1918 1671 2054 1734 quod
2087 1668 2299 1719 scilicet
2328 1669 2559 1732 parabat
2589 1669 2779 1730 mm,

1682 1741 1993 1802 pyramidum
2030 1739 2471 1790 exstruendorum.
2545 1737 2781 1802 Stegero

1688 1806 1883 1872 (praef.
1909 1806 1978 1857 ad
2003 1807 2207 1858 Herod.
2228 1822 2355 1871 pag.
2376 1806 2508 1870 XII)
2536 1806 2593 1854 in
2625 1821 2779 1855 men-

1686 1882 1797 1926 tem
1834 1877 2013 1926 venit:
2060 1866 2207 1934 ὅπως
2250 1866 2325 1924 ἄν
2358 1868 2506 1941 αὐτῇ
2554 1869 2656 1923 ἕνα
2690 1873 2777 1923 λί-

1687 1945 1807 1994 θον
1863 1934 1947 1994 ἂν
1999 1948 2149 1995 τοῖσι
2204 1940 2417 2009 ἔργοισι
2472 1935 2772 2007 δωρέοιτο,

1686 2015 1853 2078 „dass
1890 2029 1950 2065 er
1994 2015 2077 2065 ihr
2114 2018 2255 2064 etwa
2299 2016 2456 2066 einen
2492 2013 2647 2063 Stein
2680 2013 2777 2062 fiir

1685 2086 1775 2135 die
1807 2086 2020 2134 Bauten
2056 2084 2328 2134 sebenken
2359 2082 2642 2144 miicbte‚“
2680 2080 2777 2130 vel

1683 2153 1877 2204 etiam:
1931 2143 2078 2211 ὅκως
2125 2142 2199 2201 ἄν
2242 2145 2388 2219 αὐτῇ
2441 2147 2542 2201 ἕνα
2593 2148 2777 2200 λίθον

1683 2215 1797 2272 ἐπὶ
1851 2225 2001 2271 τοῖσι
2053 2219 2268 2302 ἔργοισι
2318 2223 2414 2283 (ad
2464 2236 2623 2296 opgra
2670 2237 2774 2298 effi>-

1680 2292 1946 2356 struenda)
1980 2289 2271 2356 δωρεοιτο.
2307 2317 2374 2328 -—
2409 2290 2494 2340 Ad
2524 2304 2675 2345 οκως
2697 2304 2774 2337 αν

1636 2371 1643 2378 ·
1683 2362 1827 2411 conf.
1863 2360 1968 2424 111,
2007 2362 2076 2410 44
2111 2361 2296 2425 ibique
2326 2365 2466 2411 nott.

1751 2422 1858 2494 τὴν
1912 2421 1973 2478 ἐν
2015 2423 2166 2496 μέσῳ
2220 2427 2335 2478 τῶν
2385 2427 2560 2493 τριῶν
2611 2418 2772 2490 ἕστη-

1683 2501 1878 2562 κυῐαν,
1929 2493 2225 2563 ἔμπροσθε
2259 2495 2360 2564 τῆς
2385 2490 2629 2562 μεγάλης
2661 2511 2770 2544 πυ-

1683 2564 1941 2633 ραμίδος]
1971 2570 2207 2618 Parvam
2230 2567 2581 2633 pyramidem,
2606 2580 2770 2629 quam

1682 2637 1828 2701 regis
1862 2635 1977 2686 filia
2022 2635 2343 2687 aedificasse
2386 2636 2585 2697 fertur,
2642 2649 2771 2684 cen-

1682 2710 1796 2755 tum
1823 2706 2219 2771 quinquaginta
2248 2706 2413 2770 pedes
2444 2704 2613 2754 latam
2640 2718 2769 2768 qua·

1683 2789 2010 2839 quaversus,
2055 2777 2240 2840 Zoega
2283 2774 2322 2826 l.
2355 2774 2391 2826 l.
2434 2789 2489 2838 p.
2528 2772 2633 2825 389
2668 2787 2767 2836 pro

1682 2858 1749 2893 ea
1782 2844 1973 2905 habet,
2019 2858 2180 2910 quam
2217 2845 2359 2894 inter
2392 2843 2676 2908 sphingem
2711 2845 2769 2890 et

1680 2913 1969 2963 maximam
2026 2911 2361 2977 pyramidem
2405 2914 2769 2963 observarunt

1679 2982 1917 3032 Norden.
1970 2989 2025 3031 et
2070 2983 2338 3033 Pococke.
2423 2981 2582 3032 Conf.
2627 2978 2765 3030 ibid.

1678 3066 1808 3116 pag.
1866 3052 1986 3101 411.
2033 3052 2157 3101 412.
2239 3052 2497 3101 Dubitari
2557 3049 2764 3114 nequit,

1679 3120 1909 3170 indicari
1945 3120 2034 3170 hic
2069 3136 2189 3171 eam
2223 3120 2585 3185 pyramidem,
2622 3131 2765 3182 quae

1679 3187 1859 3239 adhuc
1908 3190 2184 3239 invenitur
2227 3190 2406 3240 media
2456 3190 2598 3239 inter
2648 3193 2762 3236 tres

1676 3257 1910 3308 minores
1946 3259 2279 3323 pyramides,
2324 3272 2465 3324 quae
2499 3257 2763 3307 orientem

1676 3341 1869 3378 versus
1903 3342 1937 3377 a
1967 3329 2204 3377 maxima
2225 3327 2460 3392 Cbeopis
2483 3324 2762 3391 pyramide

1676 3394 1910 3462 indeque
1944 3401 2072 3446 ante
2104 3398 2243 3446 hanc
2277 3399 2470 3461 ipsam,
2504 3395 2665 3460 plane
2699 3398 2763 3443 ut

1676 3464 1937 3516 historiae
1984 3470 2140 3530 pater
2178 3466 2400 3528 scribit,
2450 3467 2762 3514 exstructae

1677 3533 1853 3584 adhuc
1889 3540 2179 3598 supersunt
2201 3539 2501 3599 temporum
2531 3533 2762 3583 decursu

1676 3606 1745 3652 et·
1765 3603 2117 3653 barbarorum
2148 3604 2396 3654 manibus
2431 3601 2593 3652 valde
2622 3601 2760 3652 affli-

1676 3675 1800 3721 ctae
1820 3686 1996 3737 neque
2020 3678 2133 3722 tam
2152 3673 2290 3723 bene
2321 3677 2574 3723 servatae
2597 3684 2760 3735 quam

1673 3744 1786 3790 tres
1820 3740 1950 3790 illae
1981 3742 2240 3804 maiores,
2291 3742 2485 3807 quibus
2524 3740 2629 3788 hae
2664 3739 2759 3787 mi-

1672 3823 1833 3859 nores
1869 3813 1981 3859 tres
2016 3809 2177 3874 longe
2209 3809 2407 3860 cedunt
2441 3809 2619 3874 operis
2642 3823 2759 3857 am-

1673 3877 1794 3927 bitu
1840 3883 1896 3927 et
1937 3878 2318 3943 pulcritudine.
2399 3880 2613 3929 Primus
2669 3891 2759 3926 ac·

1672 3952 1859 3996 curate
1892 3962 1987 4012 per
2024 3947 2212 3996 uisivit
2235 3950 2382 4012 Vyse
2404 3946 2755 4012 (Operations

1671 4018 1777 4065 etc.
1810 4014 1885 4065 11.
1914 3962 2032 4080 pfl
2071 4030 2097 4064 s
2167 4030 2221 4080 q.
2259 4016 2328 4066 66
2364 4014 2576 4081 seqq.)‚
2609 4012 2757 4064 unde

1669 4082 1858 4133 retulit
1901 4084 2077 4134 Raoul
2163 4084 2379 4136 ochette
2423 4085 2481 4134 in
2522 4081 2755 4134 Journal

1669 4151 1724 4201 d.
1744 4152 1874 4203 Sav,
1908 4152 2062 4203 1844.
2092 4168 2147 4217 p.
2170 4153 2273 4204 209
2302 4167 2451 4218 seqq.
2508 4153 2584 4201 Et
2605 4150 2753 4201 conf.

1667 4235 1879 4286 quoque
1914 4222 2216 4272 Prokescb:
2263 4222 2666 4284 Erinnerungg.
2704 4219 2751 4269 Ι.

1666 4305 1720 4353 p.
1744 4289 1830 4352 88,
1868 4289 2100 4355 Lepsius
2119 4289 2449 4355 Chronolog.
2470 4292 2520 4341 Ι.
2548 4305 2601 4353 p.
2628 4287 2749 4339 302.

1664 4358 1978 4409 Mensuram
1999 4359 2296 4425 pyramidis
2309 4396 2323 4423 ‚
2348 4372 2511 4425 quam
2539 4356 2638 4408 150
2659 4370 2752 4422 pe·
