3109 5092
475 320 599 383 238
1337 324 1879 386 HERODOTI

472 506 762 587 κομένην
815 496 890 566 δὲ
932 494 1306 585 ἐφύλασσε,
1366 497 1778 586 βουλόμενος
1833 496 1908 567 τὸ
1965 497 2398 588 γεννώμενον
2439 503 2504 584 ἐξ
2548 498 2753 591 αὐτῆς

474 594 871 691 διαφθεῖραι
895 622 908 636 ·
967 604 1041 670 ἐκ
1089 602 1217 691 γάρ
1260 607 1331 672 οἰ
1358 608 1473 691 τῆς
1518 599 1710 684 ὄψιος
1760 608 1827 672 οἱ
1870 607 2007 671 τῶν
2045 601 2283 690 μάγων
2327 600 2749 694 ὀνειροπόλοι

473 705 867 795 ἐσήμαινον,
921 699 1022 774 ὅτι
1061 708 1291 794 μέλλοι
1332 701 1368 775 ὃ
1412 709 1526 794 τῆς
1562 703 1904 794 θυγατρὸς
1949 703 2160 775 αὐτοῦ
2191 706 2391 792 γόνος
2430 711 2748 796 βασιλεύ-

470 829 622 880 σειν
651 806 800 879 ἆντὶ
832 811 1116 879 ἐκείνου.
1210 814 1431 878 Ταῦτα
1470 807 1554 897 δὴ
1596 800 1694 877 ὧν
1739 808 2246 897 φυλασσόμενος
2282 805 2317 879 ὁ
2358 807 2747 902 Ἀστυάγης,

471 908 559 993 ὥς
606 916 869 1000 ἐγένετο
914 908 950 980 ὁ
995 918 1259 1003 Κῦρος,
1314 914 1600 992 καλέσας
1638 908 2015 1001 Ἅρπαγον,
2072 910 2290 1001 ἄνδρα
2332 914 2596 1004 οἰκήιον
2638 919 2749 986 καὶ

470 1015 868 1085 πιστότατόν
917 1043 988 1085 τε
1030 1016 1298 1105 Μήδων
1356 1017 1466 1085 καὶ
1528 1014 1804 1086 πάντων
1850 1018 2216 1106 ἐπίτροπον
2275 1022 2413 1087 τῶν
2468 1021 2746 1106 ἑωυτοῦ,

470 1121 664 1206 ἔλεγέ
692 1124 762 1188 οἱ
789 1118 1048 1188 τοιάδε·
1086 1116 1422 1210 Ἅρπαγε,
1467 1123 1770 1207 πρῆγμα,
1821 1117 1895 1188 τὸ
1944 1115 2031 1188 ἄν
2064 1147 2166 1189 τοι
2214 1123 2567 1210 προσθέω,
2617 1151 2743 1211 μη-

470 1228 695 1311 δαμῶς
736 1221 1160 1312 παραχρήσῃ·
1218 1222 1387 1312 μηδὲ
1428 1224 1548 1309 ἐμέ
1590 1248 1662 1291 τε
1710 1221 2104 1311 παραβάλῃ,
2163 1225 2274 1292 καὶ
2315 1220 2561 1305 ἄλλους
2597 1226 2743 1296 ἑλό-

468 1389 732 1439 Thomam
797 1388 1049 1452 Magistr.
1125 1403 1178 1452 p.
1252 1387 1352 1438 357
1417 1388 1550 1453 ibiq.
1657 1388 1763 1451 111,
1790 1387 1877 1438 62.
1911 1389 1978 1450 V,
2016 1387 2102 1438 30.
2140 1388 2224 1438 De
2254 1389 2574 1441 accusativo
2604 1387 2747 1454 πρῆ-

468 1457 867 1508 Hemsterhusii
897 1461 1033 1519 not„
1062 1456 1356 1521 Phrynieh.
1381 1474 1433 1522 p.
1450 1457 1554 1508 333
1658 1473 1771 1522 γμα
1820 1455 2051 1508 relativo
2092 1459 2397 1522 pronomini
2445 1475 2541 1525 per
2577 1466 2748 1510 attra-

469 1528 598 1593 ibiq.
626 1527 867 1578 Lobeck.
906 1527 972 1576 In
1007 1525 1405 1591 significatione
1439 1527 1554 1577 nul·
1658 1527 1893 1578 ctionem
1931 1527 2146 1577 adiecto
2182 1528 2255 1579 ef.
2294 1528 2493 1579 Matth.
2534 1533 2586 1592 §-
2623 1531 2743 1581 474.

467 1597 522 1646 la
548 1597 934 1662 discrepantia.
975 1596 1254 1646 Iudicatur
1281 1597 1421 1646 enim
1442 1613 1555 1648 mu-

466 1666 583 1730 lier,
619 1683 751 1746 guae
777 1669 960 1744 partyi
990 1673 1067 1716 est
1092 1669 1352 1729 proxima.

536 1751 715 1785 ταυτα
759 1727 833 1799 δὴ
878 1750 962 1784 ων
1016 1728 1551 1800 φυλασσόμενος

466 1795 497 1855 ὃ
530 1797 851 1871 Ἀστυάγης]
890 1806 926 1855 i.
967 1819 1013 1855 e.
1059 1805 1186 1855 haec
1217 1805 1316 1855 sibi
1347 1820 1547 1855 cavens.

466 1875 551 1926 Of.
596 1875 802 1926 Herod.
849 1875 977 1938 VII,
1027 1874 1128 1924 130
1178 1875 1360 1940 ibique
1405 1878 1548 1924 nott.

467 1951 523 1995 et
570 1944 824 2009 Aeschyl.
885 1943 1122 2009 Choeph.
1180 1944 1302 1996 861.
1361 1944 1548 2008 Suppl.

464 2014 568 2065 344
618 2013 861 2077 (Both.).
927 2013 1084 2076 Quod
1146 2014 1256 2063 noli
1318 2029 1550 2064 eommu-

465 2090 584 2134 tare
619 2099 742 2134 oum
779 2083 825 2142 Ι,
878 2083 947 2132 49
992 2075 1248 2146 φυλάξας
1302 2076 1409 2148 τὴν
1455 2099 1550 2132 κυ-

467 2152 602 2217 ριήν
645 2150 760 2201 τῷν
803 2141 1085 2216 ἡμερέων,
1144 2169 1268 2202 nam
1318 2152 1394 2203 ibi
1444 2167 1551 2216 φυ-

465 2213 692 2271 λάσσειν
739 2219 817 2285 (in
871 2220 1075 2286 activo)
1133 2227 1217 2271 est
1259 2223 1551 2273 observare.

463 2322 535 2331 --
587 2290 650 2339 In
708 2306 859 2355 seqq.
918 2280 1104 2353 ἄνδρα
1156 2285 1385 2356 οἰκήϊον
1443 2305 1555 2340 non

458 2361 791 2425 familiarem,
847 2359 944 2409 sed
1003 2369 1260 2424 cognatum
1313 2360 1554 2411 indicare

465 2435 685 2495 propter
717 2429 887 2479 verba
935 2444 1058 2494 cap.
1108 2445 1222 2495 seq.
1271 2445 1368 2495 μοι
1423 2443 1552 2494 συγ-

464 2492 634 2565 γενής
670 2490 782 2548 ἐστι
821 2489 851 2548 ὁ
897 2501 1034 2556 παίς
1069 2505 1254 2550 monet
1289 2499 1547 2550 Larcher.

464 2571 650 2636 Ipsum
687 2570 928 2634 Har-pagi
958 2585 1171 2632 nomen,
1210 2570 1355 2635 quod
1386 2584 1550 2634 supra

463 2641 509 2703 Ι,
544 2641 614 2691 80
639 2640 746 2689 iam
781 2639 1104 2703 invenimus,
1127 2640 1378 2705 quodque
1401 2655 1553 2703 prae-

463 2717 547 2759 ter
580 2710 722 2758 hunc
757 2709 1074 2774 Harpagum
1119 2725 1258 2760 unus
1307 2710 1473 2759 etiam
1521 2724 1550 2757 e

462 2780 621 2829 Darii
678 2778 907 2828 ducibus
963 2779 1105 2842 gerit
1167 2780 1394 2840 (Herod.
1451 2778 1547 2840 VI,

463 2849 573 2912 28),
621 2849 712 2896 vix
750 2848 820 2896 ad
867 2849 1140 2898 Persicam
1186 2865 1231 2900 s.
1277 2847 1549 2906 Medicam

464 2918 685 2980 stirpem
719 2917 943 2978 referaS,
964 2918 1229 2966 Graecum
1260 2918 1402 2967 enim
1431 2931 1550 2965 esse

464 2986 682 3034 videtur
733 3001 798 3035 ac
855 2985 948 3033 vix
1002 2985 1274 3035 diversum
1321 3001 1354 3034 a
1413 3001 1550 3035 voce

462 3043 672 3117 ἅρπαξ,
710 3069 850 3118 quae
884 3053 1152 3103 hominem
1199 3071 1436 3118 rapacem
1482 3055 1550 3103 si-

465 3122 709 3188 gnifieat.
761 3122 1089 3172 Observavit
1120 3123 1394 3173 Letronne
1429 3122 1553 3184 (Re-

465 3207 571 3242 vue
606 3189 930 3257 Archdolog.
969 3192 1065 3242 IV.
1115 3208 1168 3255 p.
1211 3194 1331 3242 472.
1384 3190 1546 3242 Mem.

466 3263 533 3312 de
572 3260 784 3311 l'Aead.
826 3261 920 3311 des
957 3262 1128 3313 lusor.
1166 3262 1314 3324 XIX,
1347 3262 1394 3310 l.
1423 3277 1548 3326 pag.

467 3328 613 3395 124),
632 3330 687 3380 id
705 3330 983 3395 adiiciens,
1012 3330 1248 3381 Graecos
1275 3346 1549 3395 nunquam

461 3400 769 3451 huiusmodi
806 3415 967 3450 voees
991 3398 1304 3449 adhibuisse
1334 3401 1404 3451 ad
1429 3415 1552 3450 suo-

461 3486 580 3520 rum
630 3470 847 3521 nomina
891 3469 1125 3534 propria,
1176 3469 1274 3520 sed
1319 3485 1385 3519 ea
1429 3469 1548 3535 ipsa

463 3539 530 3589 de
565 3554 734 3590 causa
764 3540 836 3591 ad
853 3541 1077 3591 Persam
1117 3553 1162 3589 s.
1201 3539 1420 3590 Medum
1456 3554 1548 3604 ap-

461 3609 724 3673 plicasse,
777 3608 934 3660 cuius
978 3624 1163 3659 verum
1217 3624 1412 3660 nomen
1467 3610 1547 3659 ita

464 3678 830 3729 adulteratum
865 3678 1047 3729 fuerit.

531 3746 779 3813 πρῆγμα,
803 3740 867 3797 τὸ
898 3737 971 3797 ἄν
1003 3761 1093 3797 τοι
1119 3742 1409 3811 προσθέω,
1439 3761 1545 3809 μη-

462 3812 655 3879 δαμῶς
689 3808 1055 3881 παραχρήσῃ]
1101 3811 1373 3879 μηδαμῶς
1418 3814 1545 3865 offe-

461 3887 587 3933 runt
613 3884 909 3946 Mediceus,
944 3883 1547 3935 Schellershemcalius-

461 3968 564 4017 que
602 3951 756 4003 liber.
828 3954 974 4002 Hine
1019 3969 1140 4004 cum
1186 3953 1361 4004 Gaisf.
1406 3952 1542 4003 illud

461 4022 694 4085 recipere
723 4037 833 4071 non
870 4020 1258 4071 dubitavimus.
1297 4020 1404 4071 Alii
1436 4037 1540 4086 μη-

459 4088 630 4153 δαμῆ,
658 4089 753 4138 alii
775 4082 1026 4153 μηδαμὰ,
1040 4090 1183 4154 quod
1218 4095 1540 4153 receperunt

457 4158 697 4210 Dindorf
727 4163 783 4208 et
809 4152 1055 4210 Dietsch.
1088 4158 1173 4208 Ad
1209 4158 1540 4208 coniunctivi

458 4229 688 4290 §ormam
733 4224 1006 4291 προσθέω
1062 4227 1136 4276 cf.
1194 4226 1426 4276 Bredov.
1479 4243 1534 4292 p.

459 4298 582 4349 394.
618 4294 780 4346 Valet
815 4294 869 4346 h.
902 4294 938 4346 l.
965 4292 1346 4360 προστιθέναι
1383 4296 1535 4359 W·

1656 1627 1726 1637 —-
1779 1593 2189 1663 παραχρῆσθαι
2244 1596 2434 1662 obiter,
2494 1601 2746 1664 neylectim

1654 1674 1900 1728 tractare,
1940 1668 2210 1731 neqlt'qerz
2249 1667 2486 1718 occurrit
2519 1668 2597 1731 11,
2628 1669 2743 1731 141,

1654 1736 1750 1786 ubi
1783 1735 1893 1786 vid.
1931 1739 2072 1786 nott.

1721 1799 1865 1869 μηδὲ
1904 1795 1997 1868 ἐμὲ
2032 1818 2090 1853 τε
2135 1796 2459 1871 παραβάλῃ,
2506 1799 2600 1853 καὶ
2648 1794 2743 1852 ἅλ-

1652 1872 1787 1931 λους
1824 1863 2105 1936 ἑλόμενος,
2136 1863 2193 1933 ἐξ
2231 1863 2471 1937 ὑστέρης
2499 1887 2589 1922 σοι
2607 1863 2743 1922 ἑωυ-

1652 1940 1733 2009 τῷ
1769 1940 2098 2008 περιπέσῃς]
2130 1935 2429 2008 παραβάλῃ
2448 1957 2571 1992 eum
2588 1943 2743 2007 Wyt-

1654 2012 1941 2062 tenbachio
1981 2012 2034 2060 in
2072 2011 2296 2062 Selectt.
2345 2012 2475 2062 hist.
2521 2028 2573 2077 p.
2618 2011 2739 2063 351.

1654 2087 1866 2133 vertere
1897 2081 2054 2132 licet:
2093 2097 2225 2144 „nec
2259 2098 2334 2132 me
2369 2082 2622 2145 deceptum
2655 2081 2744 2131 ob-

1654 2155 1800 2204 iic-ias
1831 2153 2116 2215 pericnloff‘
2166 2151 2414 2216 Namque
2456 2143 2743 2216 παραβάλ-

1655 2220 1854 2270 λεσθαι
1875 2221 2030 2270 alibi:
2066 2223 2291 2283 periculo
2320 2236 2432 2271 sese
2467 2236 2740 2283 exponere,

1650 2292 1942 2354 periclitari
1948 2309 1969 2348 ‚·
2005 2290 2072 2339 de
2108 2305 2213 2355 quo
2253 2290 2485 2340 diximus
2520 2289 2592 2340 ad
2618 2288 2742 2340 Plu-

1654 2359 1830 2410 tarchi
1864 2359 2196 2424 Philopoem.
2236 2375 2362 2424 pag.
2401 2361 2488 2410 52.
2524 2360 2608 2410 Cf.
2631 2361 2741 2409 He-

1654 2431 1832 2480 rodot.
1870 2429 2000 2491 VII,
2030 2430 2112 2480 10.
2154 2432 2204 2492 §-
2242 2429 2295 2480 8.
2332 2459 2396 2468 --
2427 2429 2607 2479 Verba
2644 2419 2740 2477 ἅλ-

1653 2499 1787 2556 λους
1830 2488 2095 2562 ἐλόμενος
2144 2499 2296 2560 (alios
2342 2498 2558 2563 eliqens)
2596 2497 2739 2548 idem

1651 2567 2107 2632 Wyttenbachius
2131 2567 2392 2632 explicat:
2419 2570 2630 2618 aliorum
2652 2564 2741 2615 αἴ-

1653 2650 1826 2702 ρεσιν,
1856 2639 2140 2701 factionem,
2174 2639 2468 2700 ειιςοίρίεηε,
2500 2639 2615 2689 aliis
2650 2638 2739 2686 ἀο-

1650 2709 1792 2756 minis
1849 2706 2077 2770 studens,
2134 2711 2518 2772 comparatque
2562 2707 2740 2756 Xeno-

1651 2776 1839 2854 phont.
1888 2775 2157 2825 Hellenic.
2207 2775 2314 2839 111,
2368 2776 2416 2838 1,
2464 2778 2514 2827 2.
2563 2807 2633 2815 —
2678 2766 2734 2835 ἐξ

1654 2843 1893 2909 υστέρης
1928 2845 2101 2895 valet:
2133 2846 2405 2907 postmodo,
2436 2851 2497 2895 ut
2518 2846 2583 2908 V,
2615 2844 2733 2895 106.

1653 2915 1750 2977 VI,
1789 2916 1876 2965 85.
1915 2915 2073 2964 Conf.
2112 2929 2276 2977 supra
2294 2914 2363 2963 ad
2387 2915 2432 2976 Ι,
2458 2912 2733 2965 sssslaudd.

1652 3015 1721 3023 —
1756 2983 1823 3032 In
1860 2984 2117 3048 proximis
2166 2984 2347 3034 verbis
2395 2983 2560 3049 vulgo
2597 2982 2737 3033 desi-

1653 3054 1875 3102 deratur
1930 3066 2050 3114 σοι,
2098 3053 2242 3116 quod
2294 3053 2519 3117 praebet
2566 3051 2735 3102 Medi-

1651 3137 1778 3172 ceus
1807 3121 1942 3171 liber
1981 3127 2036 3171 et
2072 3121 2211 3171 alius
2243 3123 2544 3185 Parisinus,
2569 3121 2735 3188 quod·

1652 3207 1753 3256 que
1791 3191 2064 3242 Gronovio
2113 3196 2167 3241 et
2201 3192 2565 3257 Wesselingio
2614 3205 2735 3256 pro-

1650 3261 1839 3310 batum
1875 3276 2019 3313 nunc
2055 3260 2110 3309 in
2148 3266 2299 3311 textu
2343 3261 2562 3327 legitur.
2624 3260 2733 3310 Alii

1650 3330 1775 3379 libri
1808 3328 2041 3379 offerunt
2079 3322 2176 3392 σύ,
2224 3330 2370 3395 quod
2413 3346 2514 3381 nee
2555 3330 2734 3395 ipsum

1650 3398 1902 3462 displicet
1918 3398 2300 3463 Wesselingio,
2326 3400 2420 3464 qui
2452 3401 2509 3450 in
2527 3405 2733 3449 utram-

1651 3484 1753 3533 que
1789 3471 2118 3518 structuram
2153 3467 2343 3518 laudat
2376 3469 2628 3520 Aeschin.
2665 3469 2733 3519 de

1650 3536 1800 3587 Fals.
1837 3537 2030 3601 Legat.
2070 3552 2123 3601 p.
2162 3535 2259 3589 311
2300 3538 2385 3590 ed.
2420 3538 2606 3590 Reisk.
2645 3539 2726 3588 10.

1650 3606 2019 3671 chrysostom.
2058 3606 2124 3657 V.
2164 3622 2218 3671 p.
2258 3609 2327 3658 24
2381 3609 2447 3659 Β.
2480 3609 2546 3659 F.
2601 3607 2728 3657 VII.

1571 3697 1575 3702 ’
1646 3691 1702 3740 p.
1743 3676 1842 3727 831
1896 3674 1955 3725 C.
2005 3676 2276 3727 Matthiae
2324 3677 2500 3728 denuo
2548 3676 2733 3728 omisit

1649 3757 1756 3806 σοι,
1789 3745 1988 3809 quippe
2019 3759 2139 3795 eum
2181 3741 2271 3795 σοὶ
2324 3736 2516 3814 ἑωυτῷ
2557 3745 2731 3796 soloe·
2765 3755 2773 3764 ·

1646 3829 1767 3862 cum
1802 3814 2071 3864 videatur.
2111 3814 2268 3876 Quod
2316 3815 2450 3864 mihi
2493 3816 2731 3865 nondum

1645 3897 1864 3947 prorsus
1910 3888 1994 3933 est
2041 3898 2384 3949 persuasum,
2435 3886 2527 3948 qui
2568 3884 2731 3934 libro-

1644 3966 1763 4001 rum
1798 3951 2080 4003 meliorum
2123 3954 2506 4004 auctoritatem
2548 3953 2604 4002 in
2644 3952 2729 4002 his
2809 3975 2817 3983 ·

1645 4036 1855 4086 quoque
1893 4023 2046 4087 sequi
2080 4021 2264 4074 malui.
2315 4023 2638 4073 Sohaeferus
2675 4026 2730 4072 et

1641 4095 1869 4141 recentt.
1906 4091 2029 4143 edd.
2071 4106 2192 4142 cum
2221 4091 2489 4144 Bredovio
2538 4109 2588 4156 p.
2626 4091 2729 4142 284

1640 4161 1974 4225 seripserunt
2008 4159 2262 4229 σεωυτῷ,
2309 4162 2453 4227 quod
2488 4161 2544 4209 in
2578 4159 2727 4210 nullo

1639 4227 1778 4279 libro
1811 4228 2029 4295 legitur.
2067 4230 2295 4281 Sensum
2328 4232 2466 4281 bene
2494 4228 2730 4280 reddidit

1636 4297 1869 4348 Latinus
1896 4299 2185 4363 iuterpres=
2222 4315 2401 4364 „cz-ave,
2430 4315 2494 4350 ne
2518 4329 2588 4339 —
2611 4300 2728 4348 αιὶίε

457 4380 595 4430 nere,
623 4366 895 4431 t‘aezae'unyere,
915 4362 1149 4431 indeque
1177 4364 1444 4429 imperare,
1473 4369 1535 4415 ut
1632 4365 1902 4418 hominibus
1955 4368 2163 4419 suadens
2227 4370 2325 4419 tuis
2376 4370 2486 4432 ipse
2531 4367 2727 4419 artibus
