3109 5092
515 302 638 363 836
1344 298 1885 361 EXCURSUS
1932 298 1997 357 Π

1251 719 1886 797 EXCURSUS
1966 719 2045 793 H

984 888 1158 953 AD
1247 888 1968 956 HERODOT.
2060 888 2124 969 1,
2210 890 2312 950 93.

1307 1222 1394 1279 De
1434 1221 1695 1295 sepulcro
1741 1221 1993 1293 Alyauis.

689 1404 806 1437 ‚‚-
853 1373 1188 1426 Franciscns
1231 1374 1634 1442 Inghiramius,
1682 1373 1771 1425 vir
1815 1373 1883 1425 de
1923 1378 2395 1425 monumentorum
2436 1370 2811 1440 antiquorum

519 1457 835 1526 cognitione
874 1458 1287 1526 meritissimus,
1343 1460 1398 1511 in
1433 1458 1777 1511 Monumenti
1808 1457 2073 1510 Etruschi
2113 1456 2258 1509 serie
2290 1456 2385 1508 lv,
2430 1474 2484 1524 p.
2523 1458 2625 1515 167
2667 1474 2807 1526 seq.

519 1550 808 1613 postquam
823 1542 1142 1596 Porsennae
1176 1544 1327 1611 regis
1359 1543 1615 1612 sepulcro
1631 1542 1864 1595 Clusino
1895 1541 2037 1613 (vid.
2064 1542 2239 1592 Varro
2269 1541 2413 1609 apud
2436 1540 2579 1591 Plin.
2613 1540 2685 1607 ῌ.
2720 1541 2805 1593 N.

521 1626 767 1680 XXXVI.
810 1645 928 1698 cap.
963 1630 1059 1694 13)
1109 1637 1164 1681 et
1197 1630 1252 1681 ἰιι
1286 1629 1418 1681 Asia
1458 1635 1515 1680 et
1550 1628 1608 1679 in
1640 1627 1799 1679 ltalia
1842 1625 2144 1679 consimilia
2184 1625 2290 1676 alia
2331 1625 2508 1676 fuisse
2550 1624 2803 1687 dixerat,

519 1714 598 1765 ita
638 1713 855 1782 pergit:
897 1752 932 1779 „
948 1753 983 1780 ,‚
999 1712 1100 1765 Del
1142 1713 1263 1783 pari
1293 1713 1380 1766 nel
1410 1730 1577 1782 paese
1619 1712 1675 1764 di
1705 1711 1862 1778 Lidi,
1907 1710 2146 1762 secondo
2195 1710 2293 1761 che
2321 1710 2568 1761 Erodoto
2603 1726 2804 1774 narra,

518 1797 556 1849 il
607 1797 883 1850 mausoleo
927 1796 1185 1851 d'Aliatte
1245 1798 1553 1850 consistera
1598 1798 1656 1850 in
1690 1814 1807 1851 una
1843 1798 1968 1849 base
2010 1798 2412 1866 quadrilunga,
2465 1800 2804 1846 sostenente

521 1901 740 1936 enorme
779 1881 985 1935 tumulo
1022 1883 1078 1935 di
1113 1892 1261 1936 terra
1305 1886 1450 1937 della
1474 1886 1673 1954 figura
1713 1883 1771 1935 da·
1808 1898 1885 1935 un
1925 1898 2088 1947 cono,
2141 1879 2285 1933 sulla
2331 1879 2421 1931 cui
2462 1884 2801 1930 troncatura

522 1985 691 2019 erano
721 1968 922 2036 cinque
949 1970 1157 2038 grandi
1191 1967 1371 2033 stelli,
1416 1985 1564 2020 come
1597 1966 1672 2034 gli
1719 1964 1979 2017 obelischi
2011 1964 2155 2016 della
2189 1965 2370 2017 tomba
2399 1962 2741 2015 Chiusina.‘·
2761 1968 2799 1993 ‘³

521 2051 665 2103 Tum
697 2052 949 2103 amandat
982 2050 1218 2104 lectores
1260 2068 1395 2104 snos
1440 2051 1509 2103 ad
1539 2069 1650 2103 ser.
1681 2049 1850 2101 Vltae
1878 2048 2116 2102 tabulam
2147 2050 2213 2101 F.
2245 2055 2310 2117 63
2357 2064 2469 2117 qua
2503 2048 2559 2100 in
2600 2046 2799 2098 tabula

521 2134 710 2188 icones
752 2134 1026 2187 exhibitae
1069 2142 1204 2188 sunt
1238 2153 1357 2188 cum
1404 2133 1755 2205 reliquiarum
1795 2134 2004 2203 aliquot
2047 2133 2309 2202 anitiquae
2352 2132 2625 2196 fabricae,
2673 2140 2798 2183 tum

523 2238 651 2284 eae,
687 2235 829 2289 quae
857 2218 1164 2271 inserviant
1191 2219 1535 2273 illustrandis
1568 2217 2038 2289 descriptionibus
2074 2226 2319 2271 veterum
2351 2218 2697 2286 scriptorum,
2738 2217 2795 2268 in

526 2303 611 2354 his
643 2321 788 2355 num.
821 2307 855 2361 6
886 2308 941 2354 et
971 2308 1007 2362 8
1033 2303 1195 2356 huius
1229 2304 1407 2373 ipsius
1438 2304 1767 2357 monumenti
1798 2300 2175 2373 (‚‚Prospetto
2206 2302 2466 2372 ipotetico
2497 2300 2638 2353 della
2677 2300 2793 2351 ele-

527 2387 754 2439 vazione
785 2403 930 2439 num.
958 2392 992 2446 6
1021 2407 1050 2439 e
1081 2388 1268 2457 pianta
1297 2394 1494 2447 num.8
1528 2389 1614 2441 del
1650 2386 1902 2457 sepolcro
1934 2385 1989 2437 di
2022 2385 2221 2438 Aliatte
2253 2385 2472 2439 esistito
2502 2385 2589 2438 nel
2622 2403 2795 2454 paese

525 2472 593 2523 de
622 2471 749 2524 Lidi
788 2490 817 2523 e
850 2472 1113 2524 descritto
1143 2473 1212 2525 da
1243 2472 1591 2541 Erodoto“),
1635 2471 1784 2543 quod
1819 2487 1938 2524 cuin
1979 2471 2252 2523 mausoleo
2285 2470 2606 2522 Porsennae
2646 2488 2791 2522 com-

525 2562 684 2626 parat
718 2556 1102 2623 Ingbiramius.
1180 2559 1258 2610 Ac
1289 2558 1355 2610 de
1391 2558 1520 2623 hoc,
1565 2557 1661 2625 qui
1690 2556 2002 2608 accuratius
2043 2573 2379 2623 cognoscere
2410 2553 2573 2620 velit,
2620 2555 2669 2606 ei
2712 2554 2792 2605 le—

524 2641 737 2708 gendae
774 2648 906 2694 sunt
948 2643 1425 2696 commentationes
1459 2641 1639 2693 Orioli
1682 2640 1806 2693 Itali
1847 2647 1905 2692 et
1941 2640 2306 2702 Quatremere
2347 2640 2416 2692 de
2459 2638 2702 2706 Quincyi
2730 2634 2792 2704 ⁴¹)

526 2726 801 2797 huiusque
833 2727 1075 2794 collegae
1103 2728 1279 2781 Raoul
1308 2726 1576 2780 Rocbette
1615 2725 1700 2797 (in
1732 2724 2033 2777 Achilleide
2060 2744 2115 2794 p.
2147 2727 2213 2783 97
2242 2724 2458 2794 seqq.):
2500 2724 2569 2775 de
2598 2721 2789 2789 Alyat-

528 2811 602 2862 tis
634 2818 980 2864 monumento
1011 2813 1194 2865 mirari
1225 2813 1451 2879 subeat,
1494 2810 1592 2881 qui
1622 2808 1992 2877 lnghiramius
2022 2809 2255 2861 Graecis
2287 2807 2558 2860 Herodoti
2599 2807 2790 2859 verbis

523 2894 648 2961 illa,
698 2913 839 2965 quae
869 2896 1272 2963 insignioribus
1302 2894 1712 2948 characteribus
1747 2893 2139 2958 indicavimus,
2192 2892 2381 2945 Italice
2412 2891 2652 2944 adiicere
2689 2910 2787 2961 po-

524 2979 697 3030 tuerit
744 2988 799 3030 et
843 2980 1110 3048 quomodo
1155 2981 1315 3032 etiam
1367 2978 1694 3031 Minutolius
1737 2978 1854 3030 loco
1911 2978 1967 3030 in
2031 2984 2220 3029 annot.
2278 2977 2499 3028 laudato
2558 2978 2790 3044 figuram

529 3061 770 3127 Alyattei
812 3063 1054 3131 sepulcri
1096 3065 1218 3116 coni
1261 3063 1495 3133 speciem
1539 3062 1801 3115 habuisse
1833 3062 2016 3114 dicere
2047 3061 2322 3132 potuerit3
2370 3060 2789 3130 laudandusque

527 3144 782 3198 videatur
809 3147 1022 3214 zoega,
1079 3149 1173 3216 qui
1207 3147 1324 3199 loco
1355 3147 1552 3199 ibidem
1585 3147 1752 3200 citato
1796 3147 1852 3198 in
1886 3147 1969 3198 bis
1998 3165 2061 3199 se
2109 3145 2473 3199 continuerit:
2533 3185 2568 3211 „
2584 3145 2791 3209 „Vidit

528 3229 847 3283 Herodotus
866 3230 1103 3299 Alyattis
1123 3233 1265 3299 Lydi
1294 3231 1605 3301 sepulcrum
1632 3232 1876 3284 maximis
1904 3247 2047 3301 quae
2076 3238 2210 3282 tunc
2239 3231 2535 3282 exstabant
2559 3228 2790 3281 molibus

528 3315 956 3380 accensendum,
1003 3317 1150 3386 quod
1193 3316 1274 3369 sic
1316 3316 1583 3369 describit
1624 3322 1761 3369 etc.‘
1747 3319 1813 3348 “⁴
1799 3321 1834 3348 ‘⁶
1894 3315 2005 3368 Sed
2044 3322 2221 3367 tamen
2267 3315 2317 3366 si
2355 3331 2387 3365 a
2422 3314 2608 3367 verbis
2651 3314 2790 3382 ipsis

529 3400 795 3452 Herodoti
840 3401 1198 3454 discedimus.
1244 3434 1310 3443 -
1357 3404 1532 3473 σῆμα,
1575 3402 1677 3455 τοῦ
1706 3421 1741 3471 η
1778 3397 1981 3470 κρηπὶς
2008 3397 2106 3470 μέν
2150 3393 2261 3454 ἔστι
2299 3401 2480 3452 λίθων
2518 3392 2790 3468 μεγάλων,

665 3614 719 3682 *)
762 3615 903 3683 [Vid.
942 3617 1295 3680 Quatremere
1330 3617 1396 3668 de
1433 3618 1680 3682 Quincyt
1716 3617 2066 3669 Monuments
2100 3620 2155 3667 et
2192 3630 2462 3680 ouvrages
2510 3614 2660 3664 d'art
2693 3629 2789 3664 au-

529 3684 713 3751 tiques
758 3685 1017 3738 restitues
1055 3687 1275 3753 d'apres
1312 3687 1390 3738 les
1427 3686 1797 3751 descriptione
1842 3688 1938 3738 des
1973 3686 2246 3738 ecrivains
2284 3685 2452 3735 Grees
2497 3689 2553 3734 et
2591 3684 2789 3734 Latius

530 3764 585 3807 et
622 3754 1019 3822 accompagnes
1055 3757 1121 3807 de
1158 3758 1462 3807 dissertatt.
1499 3755 1844 3820 archeologg.
1883 3758 2041 3807 Paris
2067 3756 2215 3806 1829.
2254 3755 2319 3803 T.
2336 3755 2393 3803 1.·
2420 3754 2787 3818 p.127—160‚

531 3826 626 3874 ubi
660 3826 971 3876 Porsennae
1006 3825 1312 3891 sepulcrum
1349 3827 1640 3877 restituere
1680 3832 1735 3876 et
1773 3842 1914 3890 quae
1949 3825 2162 3875 Plinius
2198 3840 2265 3873 ex
2302 3825 2551 3874 Varrone
2583 3823 2650 3872 de
2688 3822 2787 3871 hoc

530 3900 878 3945 monumento
913 3895 1164 3957 tr‚adidit
1202 3895 1477 3960 explicare
1512 3900 1744 3946 conatus
1780 3901 1883 3957 est,
1919 3896 1990 3945 ad
2026 3893 2270 3959 Alyattis
2312 3891 2621 3956 sepulerum
2658 3908 2789 3957 quo-

532 3980 633 4029 que
669 3965 968 4028 respiciens
1004 3933 1215 4046 13.15'1.
1287 3967 1584 4017 Praeterea
1619 3964 1763 4015 conf.
1803 3963 2086 4016 Thierseh.
2125 3965 2184 4013 in
2218 3962 2681 4012 commentatione
2716 3961 2789 4009 ad

532 4035 578 4091 1,
616 4032 685 4083 93
717 4033 975 4093 laudata,
1012 4034 1070 4082 in
1106 4050 1214 4098 qua
1253 4051 1306 4098 p.
1332 4036 1436 4087 413
1471 4051 1624 4100 seqq.
1665 4034 1787 4084 coll.
1812 4034 1917 4085 433
1946 4049 2098 4099 seqq.
2137 4033 2607 4097 comparationem
2646 4031 2789 4080 inter

530 4106 819 4165 utrumque
856 4108 1289 4165 monumentum,
1341 4104 1443 4170 Aly
1448 4105 1584 4154 attis
1633 4120 1699 4154 ae
1735 4104 2078 4163 Porsennae,
2134 4101 2396 4152 instituit.
2467 4102 2604 4151 Post
2638 4099 2790 4149 illum

532 4171 748 4221 Gallum
781 4171 959 4222 virum
993 4171 1215 4221 doctum
1250 4175 1308 4222 in
1341 4172 1443 4224 hoc
1480 4173 1731 4238 sepulcro
1768 4140 2110 4223 restituendo
2146 4176 2398 4223 versatus
2436 4176 2522 4222 est
2556 4168 2685 4218 Dux
2721 4167 2788 4217 de

529 4242 575 4290 L
557 4257 750 4306 „uynes
787 4239 989 4290 Annali
1021 4239 1143 4289 dell'
1179 4243 1360 4292 Instit.
1400 4243 1639 4293 archeol.
1672 4244 1737 4292 Τ.
1754 4244 1798 4292 Ι.
1839 4247 1951 4295 tav.
1991 4241 2128 4291 XIII
2158 4245 2213 4290 et
2251 4241 2316 4290 T.
2333 4241 2379 4290 I.
2418 4255 2471 4304 p.
2511 4237 2790 4291 304—309

531 4326 596 4361 ac
651 4310 884 4374 denique
932 4310 1145 4444 Caniqa
1194 4312 1486 4363 Architett.
1543 4313 1701 4363 Grec.
1751 4313 1817 4362 T.
1868 4313 1945 4362 11.
2000 4310 2225 4361 CLXIX
2282 4310 2348 4359 Τ.
2388 4308 2433 4358 Ι.
2488 4309 2642 4358 Part.
2684 4307 2791 4357 111.

530 4394 583 4446 p.
629 4380 918 4431 los-111.
991 4379 1087 4432 Br.
