3109 5092
507 317 630 381 858
1281 316 1826 380 EXCUBSUS
1874 317 2001 376 VII

515 498 616 551 der
649 492 907 546 bildende
927 491 1197 546 Kinstler
1231 509 1334 545 ans
1358 492 1520 544 Thou
1560 489 1871 543 oderStein
1910 489 2074 544 einen
2106 490 2413 547 Meu-eben
2442 491 2581 544 oder
2615 491 2787 546 einen

516 583 658 635 Gott
697 578 944 631 macbt.
1015 578 1098 629 An
1143 578 1232 629 ein
1267 577 1525 629 Schafl'en
1580 576 1713 627 oder
1750 575 2019 628 Erfinden
2060 577 2216 629 einer
2254 576 2591 631 Gotterwelt
2630 577 2789 630 hitto

509 685 632 720 man
679 665 770 717 aie
809 663 1026 716 denken
1058 662 1296 716 sollen.“
1353 662 1615 713 Conferri
1648 676 1871 730 quoque
1894 677 2013 713 cum
2046 661 2133 714 bis
2156 668 2447 731 poterunt,
2486 678 2629 731 quae
2664 668 2786 713 sta-

512 753 624 805 tuit
643 749 850 803 Rinck:
885 748 975 800 die
999 747 1251 815 Religion
1275 748 1375 801 der
1392 746 1666 799 Helleuen
1688 764 1744 815 p.
1768 749 1840 803 29
1874 752 1933 797 et
1951 747 2235 799 Ges-hard:
2270 746 2630 800 Griechische
2650 746 2785 814 My-

511 835 720 902 tbolog.
746 839 799 897 S.
821 837 936 890 134.
985 832 1207 896 Quibus
1229 832 1483 885 omnibus
1505 832 1563 883 id
1584 831 1723 882 satis
1745 831 1893 882 effici
1916 831 2173 899 arbitror,
2198 832 2349 902 quod
2370 832 2530 884 initio
2553 838 2787 885 nostrae

513 917 907 990 disputationis
939 918 1254 987 posuimus,
1307 917 1530 970 alteram
1565 915 1725 986 quasi
1767 916 2051 985 periodum
2086 917 2376 985 religionis
2416 918 2664 969 Graecae
2709 918 2784 968 ab

510 1008 751 1060 Homero
791 1002 1152 1072 Hesiodoque
1201 1019 1270 1053 ex
1311 1001 1581 1055 Herodoti
1628 1008 1807 1054 mente
1853 1002 2150 1069 constitui,
2208 1002 2539 1071 eosdemque
2582 1006 2785 1071 poetas

511 1093 634 1144 inre
665 1090 970 1156 meritoque
999 1088 1134 1140 ferri
1172 1094 1428 1141 auctores
1461 1092 1518 1139 et
1539 1087 1855 1138 conditores
1889 1092 1947 1138 et
1964 1085 2326 1156 Theogoniae
2354 1089 2695 1141 Graecorum
2726 1094 2789 1139 et

514 1176 690 1229 totius
724 1174 874 1226 illius
897 1172 966 1225 de
999 1173 1107 1225 diis
1131 1173 1414 1226 doctrinae
1439 1170 1753 1240 popularis,
1791 1186 1951 1240 quam
1980 1171 2657 1242 anthropomorphisticam
2696 1172 2785 1224 di-

517 1261 716 1328 cimus,
762 1257 892 1310 inde
927 1258 996 1309 ab
1034 1257 1136 1309 hoc
1171 1264 1416 1327 tempore
1454 1274 1488 1307 a
1521 1255 1756 1307 Graecis
1790 1262 2061 1325 receptam
2103 1257 2447 1328 ampliusque
2487 1255 2783 1309 excultam.

515 1345 600 1397 Ad
623 1345 762 1395 hanc
782 1360 917 1394 vero
950 1341 1330 1394 declarandam
1361 1342 1591 1410 primum
1613 1341 1884 1409 pertinet,
1931 1357 2075 1409 quae
2100 1342 2387 1395 Herodoto
2419 1341 2623 1395 dicitur
2644 1344 2789 1396 θεο-

515 1430 708 1498 γονίη,
753 1426 899 1478 haud
935 1427 1051 1478 scio
1091 1443 1160 1478 an
1199 1425 1522 1495 respicienti
1556 1425 1626 1476 ad
1656 1425 1892 1476 Hesiodi
1937 1442 2153 1479 carmen
2199 1428 2387 1480 eodem
2432 1426 2648 1479 nomine
2688 1427 2785 1479 in-

519 1514 782 1581 scriptum
804 1509 899 1579 (de
923 1528 1033 1579 quo
1055 1512 1126 1563 cf.
1145 1510 1459 1564 Muetsell.:
1496 1509 1581 1561 De
1603 1508 1937 1562 emendanda
1961 1510 2251 1579 Theogon.
2271 1512 2505 1564 Hesiod.
2528 1529 2585 1580 p.
2602 1516 2789 1571 356—-

517 1598 683 1663 358);
721 1595 962 1649 declarat
994 1596 1136 1648 euim
1175 1597 1306 1648 baec
1343 1613 1452 1648 vox
1484 1593 1895 1662 generationem
1932 1595 2157 1648 deorum
2182 1596 2301 1649 sive
2333 1596 2630 1661 rationem,
2668 1612 2786 1665 qua

517 1681 724 1750 singuli
758 1679 870 1748 dii,
928 1680 1087 1733 alteri
1122 1683 1191 1734 ab
1223 1680 1413 1734 alteris
1453 1679 1831 1747 generationis
1862 1678 1983 1745 lege
2014 1680 2093 1732 ita
2130 1681 2239 1734 orti
2270 1681 2663 1750 perhibentur,
2716 1690 2787 1732 ut

518 1766 681 1838 quasi
719 1766 944 1818 deorum
972 1766 1175 1819 familia
1211 1766 1341 1819 inde
1375 1765 1680 1817 constituta
1713 1763 1819 1829 sit3
1877 1766 2123 1817 continet
2157 1765 2334 1834 igitur
2368 1765 2673 1819 doctrinam
2708 1766 2785 1818 de

519 1860 642 1904 ortu
678 1852 940 1917 deorum,
980 1852 1186 1921 quibus
1221 1851 1270 1903 si
1306 1851 1460 1903 vires
1497 1856 1729 1901 naturae
1762 1865 2057 1917 earumque
2094 1851 2329 1903 effectus
2370 1850 2783 1919 significantur,

515 1938 889 2006 Ικοσμογονίαν
925 1955 973 1989 s.
1013 1937 1314 1989 doctrinam
1353 1934 1422 1988 de
1454 1934 1641 1986 mundi
1682 1934 1896 2001 origine
1939 1941 1995 1985 et
2036 1936 2468 1988 conformatione
2500 1935 2787 2004 appellare

516 2022 732 2088 licebit3
777 2023 848 2074 cf.
879 2038 1052 2091 supra
1073 2022 1120 2088 1,
1147 2028 1249 2081 132
1294 2020 1482 2089 ibique
1504 2018 1687 2070 allata.
1756 2017 2034 2085 Alterum,
2079 2020 2227 2089 quod
2261 2020 2329 2072 ad
2370 2021 2512 2073 banc
2551 2020 2785 2073 deorum

518 2106 1000 2160 conformationem
1040 2108 1110 2159 ab
1129 2108 1368 2159 Homero
1402 2112 1458 2157 et
1477 2104 1725 2157 Hesiodo
1763 2103 2061 2171 profectam
2094 2110 2153 2156 et
2184 2107 2480 2173 perfectam
2513 2105 2783 2175 pertinet,

515 2193 792 2245 indicatur
830 2190 1048 2242 verbis:
1091 2189 1190 2245 ml
1225 2196 1370 2244 τοῖσι
1403 2192 1591 2242 θεοῖσι
1610 2182 1712 2249 τὰς
1743 2182 2059 2256 ἐπωνυμίας
2078 2183 2319 2257 ‘doru-&3
2356 2207 2497 2259 quae
2527 2198 2791 2259 spectant

516 2277 588 2328 ad
621 2276 708 2339 id,
755 2274 901 2343 quod
935 2291 1106 2343 supra
1150 2275 1253 2345 (ΙΙ,
1275 2276 1371 2337 52)
1404 2274 1471 2326 de
1505 2272 1758 2340 Peiasgis
1792 2272 2038 2339 dixerat,
2085 2274 2247 2339 deos,
2294 2291 2526 2343 quorum
2561 2275 2787 2327 nomina

517 2378 628 2413 non
653 2358 973 2424 habuerint,
1008 2359 1066 2412 in
1091 2360 1408 2413 universum
1432 2357 1769 2425 colentibus3
1810 2358 1909 2409 sed
1934 2375 2051 2411 cum
2083 2358 2377 2428 utriusque
2412 2358 2560 2412 illius
2580 2367 2787 2428 poetae

521 2443 690 2514 operi
719 2444 974 2497 effectum
998 2449 1167 2511 esset,
1193 2450 1254 2496 ut
1273 2443 1480 2511 singuli
1504 2442 1580 2494 dii
1606 2442 2073 2509 discernerentur,
2105 2443 2415 2510 originibus
2439 2460 2624 2496 eorum
2648 2462 2787 2496 con-

519 2529 761 2597 stitutis,
807 2528 1024 2581 nomina
1057 2546 1280 2600 quoque
1319 2529 1405 2580 his
1437 2527 1679 2595 singulis
1716 2527 1823 2579 diis
1856 2529 2102 2581 tribuere
2147 2545 2381 2597 aequum
2418 2534 2566 2593 erat,
2610 2528 2787 2597 idque

519 2616 655 2668 adeo
695 2614 1042 2667 coniunctum
1085 2632 1206 2668 cum
1247 2614 1368 2684 ipsa
1405 2613 1707 2684 θεογονίᾳ,
1750 2628 1909 2680 quam
1944 2613 2322 2666 instituerant.
2396 2612 2649 2666 Tertium
2692 2612 2786 2665 his

520 2700 758 2769 accedit,
802 2698 932 2752 inde
967 2703 1304 2769 profectum:
1355 2696 1452 2753 καὶ
1494 2692 1658 2766 τιμάς
1692 2715 1750 2750 τε
1784 2694 1881 2749 καὶ
1916 2694 2106 2765 τέχνας
2140 2691 2444 2760 ὃιελόντεςε
2484 2713 2604 2750 cum
2637 2697 2786 2749 enim

522 2784 864 2854 singulorum
909 2785 1135 2838 deorum
1186 2786 1289 2838 iam
1339 2785 1703 2837 discretorum
1749 2782 1994 2849 origines
2038 2770 2413 2851 prodidissent
2453 2782 2787 2851 nominaque

522 2868 761 2938 singulis
794 2869 1160 2937 indidissent,
1207 2887 1437 2922 necesse
1469 2876 1617 2934 erat,
1660 2867 1955 2919 eorundem
1992 2868 2153 2919 etiam
2183 2868 2423 2921 bonores
2458 2885 2523 2919 ac
2554 2883 2787 2919 munera

522 2954 869 3007 describere:
927 2955 1080 3022 quod
1111 2955 1290 3023 ipsum
1323 2953 1607 3006 declarant
1644 2952 1813 3004 verba
1846 2951 2189 3017 Herodotea,
2238 2969 2357 3004 cum
2388 2952 2595 3022 quibus
2638 2968 2786 3004 oom-

519 3052 776 3108 paramus
797 3037 1028 3088 Hesiod.
1045 3038 1334 3104 Theogon.
1361 3055 1446 3089 vs.
1467 3041 1570 3094 112
1595 3028 1697 3099 (ὥς
1723 3029 1777 3089 τ’
1807 3029 2019 3103 ἄφενος
2038 3031 2315 3090 δάσσαντο
2332 3035 2431 3091 καὶ
2461 3032 2540 3098 ὥς
2568 3031 2737 3105 τιμὰ
2754 3057 2787 3099 ς

519 3119 792 3191 διέλοντο)
843 3126 897 3171 et
931 3138 1015 3172 vs.
1041 3125 1112 3178 44
1133 3122 1200 3173 de
1227 3122 1388 3173 Iove=
1435 3110 1499 3173 εὖ
1527 3116 1591 3173 δὲ
1622 3117 1826 3173 ἕκαστα
1864 3113 2179 3183 ἇθανᾰτοις
2210 3119 2459 3188 διέταξεν
2497 3115 2647 3190 &pais
2684 3120 2786 3175 wi

519 3202 793 3275 ἐπέφραδε
824 3200 1054 3274 τιμάς.
1109 3204 1250 3256 Add.
1282 3204 1416 3257 ibid.
1439 3210 1564 3263 204.
1591 3208 1993 3264 397.885.904.
2046 3205 2271 3260 Homer.
2300 3207 2511 3274 Odyss.
2536 3206 2783 3273 x1‚301.

519 3297 645 3353 304.
698 3289 955 3357 Aeschyl.
995 3290 1271 3343 Prometh.
1305 3295 1397 3349 30.
1436 3293 1541 3348 178
1581 3289 1668 3340 ed.
1705 3289 1902 3342 Blomf.
1938 3290 2061 3341 coll.
2095 3295 2219 3350 237.
2243 3296 2343 3357 38,
2402 3292 2496 3344 nbi
2531 3288 2663 3359 γέρα
2696 3291 2785 3343 di-

523 3382 755 3443 cuntur,
802 3392 942 3444 quae
975 3376 1062 3428 hic
1093 3373 1248 3444 τιμαὶ
1274 3380 1564 3439 vocantur,
1603 3373 1642 3425 i.
1669 3391 1718 3426 e.
1756 3374 1993 3427 honores
2025 3393 2071 3427 s.
2108 3376 2292 3428 munia
2317 3377 2516 3445 cuique
2550 3376 2653 3429 deo
2678 3376 2784 3428 tri-

520 3464 652 3515 buta
674 3468 732 3514 et
752 3460 820 3513 ad
841 3460 1112 3531 cuiusque
1133 3460 1223 3513 dei
1243 3460 1350 3512 vim
1378 3465 1435 3513 et
1459 3466 1707 3511 naturam
1725 3498 1741 3525 ,
1774 3477 1884 3528 qua
1906 3459 1974 3510 ab
1995 3457 2118 3511 aliis
2140 3460 2493 3528 discernitur,
2523 3466 2785 3530 spectan-

517 3549 629 3614 tia3
688 3562 800 3614 quo
853 3546 1041 3599 eodem
1085 3546 1244 3599 etiam
1288 3550 1543 3613 spectant
1586 3540 1801 3614 τέχναι,
1860 3552 2037 3609 artes,
2099 3545 2303 3614 quibus
2351 3546 2586 3616 quisque
2640 3545 2786 3598 deus

520 3649 741 3703 operam
774 3631 898 3697 dat,
945 3632 1259 3700 quibusque
1291 3648 1325 3681 a
1357 3630 1553 3682 ceteris
1592 3628 1732 3694 diis,
1788 3630 1880 3698 qui
1914 3628 2121 3697 singuli
2154 3646 2307 3682 suam
2343 3630 2581 3699 quisque
2612 3636 2783 3683 artem

519 3718 808 3770 humanum
829 3716 884 3768 in
907 3717 1121 3769 modum
1145 3720 1420 3781 exercent,
1457 3713 1821 3780 distinguitur
1848 3714 2134 3784 locumque
2156 3731 2316 3767 suum
2352 3715 2563 3767 obtinet
2594 3716 2649 3768 in
2688 3714 2787 3767 illa

519 3804 744 3855 deorum
787 3800 1022 3868 familia,
1075 3800 1287 3870 qualem
1331 3801 1382 3851 hi
1428 3806 1626 3867 poetae
1671 3798 2098 3851 constituerunt.
2162 3798 2327 3862 Quod
2372 3806 2614 3853 extremo
2660 3799 2784 3852 loco

517 3886 750 3953 legitur:
796 3884 894 3938 καὶ
920 3886 1074 3940 εἴδεα
1100 3879 1288 3940 αὖτῶν
1316 3879 1689 3954 σημήναντες,
1730 3883 1788 3934 id
1822 3882 2209 3953 complemento
2245 3884 2403 3953 quasi
2442 3892 2531 3937 est
2560 3892 2784 3937 antece-

519 3970 811 4024 dentibus=
855 3987 974 4023 cum
1009 3970 1152 4023 enim
1176 3970 1430 4038 singulos
1455 3969 1592 4021 deos
1626 3967 2055 4036 discrevissent,
2103 3968 2557 4039 singulorumque
2588 3976 2645 4021 et
2680 3987 2783 4022 no-

515 4056 660 4109 mina
698 4059 754 4106 et
785 4070 1012 4106 munera
1046 4060 1306 4125 artesque
1343 4052 1798 4115 constituissent,
1836 4055 2061 4105 formam
2095 4070 2316 4124 quoque
2350 4055 2649 4107 eorundem
2685 4071 2781 4106 ex-

517 4150 757 4205 ternam,
793 4138 863 4190 ad
897 4138 1189 4191 humanum
1225 4140 1440 4192 modum
1477 4135 1825 4206 expressam,
1859 4155 2041 4208 neque
2073 4156 2208 4191 vero
2246 4138 2499 4191 omnibus
2532 4139 2781 4203 eandem,

516 4226 614 4279 sed
637 4224 758 4278 aliis
781 4223 937 4276 aliam
965 4240 1066 4293 pro
1104 4223 1348 4276 muneris
1384 4222 1708 4276 diversitate
1734 4224 2073 4276 constituere
2109 4239 2456 4291 consequens
2480 4229 2629 4289 erat;
2675 4224 2781 4275 its·-

515 4329 623 4383 que
651 4311 806 4366 εἴδεα
835 4309 903 4361 ad
939 4309 1191 4378 corporis
1223 4309 1439 4361 humani
1465 4310 1689 4361 sormam
1712 4307 1821 4359 diis
1857 4309 2113 4361 traditam
2141 4318 2199 4361 et
2234 4308 2302 4360 ad
2336 4314 2584 4375 caetera,
2634 4324 2781 4379 quae
