3109 5092
415 244 539 308 568
1245 238 1818 303 ‘HERODOTI

416 416 575 498 ἁλὸς
619 419 730 490 καὶ
779 420 1044 502 ἐλαίου,
1098 420 1419 504 ἐπιπολῆς
1461 415 1536 485 δὲ
1577 420 1801 484 ἔπεστι
1828 410 1994 483 αὐτὸ
2020 411 2096 482 τὸ
2137 412 2507 501 ἐλλύχνιον.
2580 415 2697 482 καὶ

419 527 616 593 τοῦτο
656 526 914 590 καίεται
957 518 1365 610 παννύχιον,
1407 520 1521 588 καὶ
1559 523 1643 609 τῇ
1684 514 1847 608 ὁρτῇ
1889 514 2147 607 οὔνομα
2176 520 2399 587 κέεται
2425 524 2690 604 Λυχνο-

416 633 595 713 καΐη.
704 619 864 694 οἵδ’
914 618 1000 691 ἂν
1038 620 1128 711 μὴ
1155 629 1406 692 ἔλθωσι
1434 627 1574 691 τοῖν
1606 625 2005 709 Αἰγυπτίων
2041 624 2109 700 ές
2136 619 2262 709 τὴν
2307 619 2698 712 πανήγυριν

413 728 669 816 ταύτην
684 779 705 815 ,
742 724 1200 815 φυλάσσοντες
1221 723 1345 815 τὴν
1369 725 1582 795 νύκτα
1608 731 1725 813 τῆς
1746 731 2026 812 θυσίης,
2067 732 2334 794 καίουσι
2363 725 2475 793 καὶ
2500 721 2697 793 αὐτοὶ

417 832 661 911 πάντες
701 827 782 898 τὰ
824 828 1067 917 λύχνα·
1111 831 1225 898 καὶ
1266 824 1443 899 οὕτω
1483 825 1609 898 οὐκ
1647 832 1723 897 έν
1761 826 1903 896 Σάι·
1936 826 2155 917 μούνῃ
2192 834 2483 913 καίεται,
2525 823 2698 896 ἄλλα

421 931 597 1007 καὶ’
561 963 692 1003 ανα
720 937 944 1003 πᾶσαν
971 941 1345 1018 Αἴγυπτον.
1415 959 1574 1001 οτευ
1603 931 1681 1000 δὲ
1708 934 1935 1000 εινεκα
1962 958 2109 1019 φως
2136 936 2329 1017 ἔλαχε
2356 932 2471 999 καὶ
2496 928 2697 1018 τιμὴν

327 1034 464 1127 6Βὴ
511 1036 637 1121 νὺξ
677 1032 883 1124 αὕτη,
938 1041 1074 1104 ἔστι
1115 1033 1253 1124 ἱρὸς
1292 1037 1448 1121 περὶ
1494 1031 1706 1103 αὐτοῦ
1760 1033 1953 1120 λόγος
1996 1033 2373 1122 λεγόμενος.
2472 1028 2574 1112 Ἐς
2615 1033 2694 1102 δὲ

409 1137 643 1211 Ἡλίου
677 1138 878 1209 πόλιν
906 1140 1018 1207 καὶ
1048 1143 1356 1208 Βουτοῦν
1384 1143 1632 1217 θυσίας
1656 1134 1909 1224 μούνας
1940 1139 2352 1206 ἐπιτελέουσι
2382 1138 2693 1223 φοιτέον-

418 1271 546 1322 τες.
646 1246 722 1312 έν
769 1241 847 1310 δὲ
895 1239 1218 1329 Παπρήμι
1269 1246 1517 1319 θυσίας
1570 1241 1697 1328 μὲν
1740 1240 1848 1306 καὶ
1898 1236 2043 1326 ίρᾶ,
2114 1237 2412 1326 κατάπερ
2454 1240 2566 1307 καὶ
2611 1244 2697 1327 τῇ

418 1343 620 1434 ἄλλῃ,
658 1348 943 1413 ποιεῦσι.
1015 1334 1152 1411 εὖτ’
1194 1336 1280 1412 ἄν
1317 1342 1390 1411 δὲ
1429 1349 1697 1430 γίνηται
1733 1339 2115 1431 καταφερὴς
2150 1337 2186 1409 ὁ
2222 1338 2441 1430 ἥλιος,
2477 1337 2697 1428 ὀλίγοι

419 1451 547 1537 μέν
580 1473 759 1526 τινες
793 1450 932 1515 τῶν
974 1449 1178 1533 ἱρέων
1218 1446 1370 1530 περὶ
1406 1442 1724 1532 τῶγαλμα
1763 1449 2205 1529 πεπονέαται,
2244 1449 2314 1512 οἱ
2346 1444 2423 1512 δὲ
2460 1448 2701 1514 πολλοὶ

416 1546 679 1634 αὐτῶν,
718 1547 939 1632 ξύλων
975 1547 1263 1636 κορύνας
1293 1553 1592 1640 ἔχοντες,
1632 1550 1853 1617 ἑστᾶσι
1891 1552 2012 1616 τοῦ
2039 1552 2190 1636 ἱροῦ
2226 1551 2302 1616 έν
2330 1551 2411 1635 τῇ
2449 1545 2660 1640 ἐσόδῳ
2681 1569 2728 1583 ·’

417 1650 609 1722 ἄλλοι
646 1651 721 1720 δὲ
753 1648 1052 1738 εὐχωλὰς
1082 1654 1567 1735 ἐπιτελέοντες,
1604 1655 1890 1729 πλεῦνες
1920 1656 2158 1738 χιλίων
2190 1647 2501 1737 ἀνδρῶν,
2537 1652 2696 1718 ἕκα-

415 1863 524 1912 Pro
548 1851 684 1918 ἁλὸς
708 1860 965 1912 Reiskius
1003 1858 1315 1909 coniecerat
1350 1855 1505 1907 στέα-

415 1944 540 1991 τος,
591 1935 654 1981 ut
697 1931 859 1993 adeps
905 1928 1329 1993 intelligeretur,
1384 1942 1505 1977 cum

417 1999 502 2050 sal
537 1999 608 2049 ad
642 1997 923 2063 lampades
961 1996 1096 2046 nihil
1132 1995 1323 2046 faciat.
1398 1995 1506 2046 Sed

415 2067 597 2118 nullus
635 2067 967 2132 suffragatur
991 2065 1152 2126 liber-3
1204 2069 1260 2115 et
1293 2065 1507 2127 merito,

415 2152 544 2187 nam
591 2135 726 2203 salis
778 2150 936 2186 usum
987 2135 1045 2183 in
1093 2134 1345 2184 omuibus
1392 2133 1508 2184 fere

415 2205 588 2257 sacris
624 2205 761 2254 satis
805 2203 1086 2268 cognitum
1119 2202 1398 2252 habemus.
1437 2233 1508 2242 —

418 2274 676 2338 Sequitur
723 2267 1081 2337 Λυχνοκαΐη,
1153 2270 1362 2335 aliquot
1426 2288 1508 2322 se-

416 2343 578 2393 rioris
627 2342 826 2392 aetatis
872 2341 1231 2405 scriptoribus
1277 2355 1508 2391 comme-

417 2416 659 2473 morata,
717 2426 853 2476 quos
902 2410 1037 2460 citat
1081 2408 1506 2476 Wesselingius.

418 2483 506 2532 Tu
538 2485 719 2532 verte:
768 2482 1087 2531 lucer-namma
1120 2480 1367 2529 αοοειιείο.
1433 2481 1507 2530 Et

415 2555 576 2603 notat
599 2549 930 2612 Larcherus,
968 2550 1222 2600 Sinai-um
1251 2549 1306 2598 in
1349 2550 1506 2600 terris

417 2620 594 2672 simile
624 2620 897 2687 quoddam
918 2618 1153 2669 inveniri
1187 2619 1383 2668 festum
1417 2634 1521 2684 aeg

418 2705 706 2742 censer-um
734 2689 1105 2749 lucernarum3
1143 2688 1298 2738 addit
1316 2688 1509 2739 Whee-

413 2759 495 2811 ler
530 2759 887 2826 (Geography
921 2759 983 2809 of
1005 2757 1272 2808 Herodot.
1300 2774 1354 2822 p.
1379 2757 1506 2824 433)

417 2830 554 2880 adeo
599 2843 801 2879 morem
841 2829 997 2893 ignes
1045 2828 1102 2876 in
1145 2828 1409 2877 montium
1458 2843 1504 2879 s.

418 2896 638 2947 collium
661 2896 1034 2947 cacuminibus
1057 2895 1389 2946 accendendi
1412 2912 1507 2960 per

415 2964 743 3026 Helvetiam,
780 2965 1118 3025 Hiberniam,
1157 2963 1297 3016 alias
1329 2968 1505 3016 terras

417 3033 636 3084 obvium
693 3035 750 3083 in
799 3033 988 3084 Sancti
1038 3032 1264 3083 Ioannis
1330 3033 1501 3086 festo·

422 3118 562 3167 quae
598 3118 758 3168 quam
794 3099 975 3152 aliena
1008 3104 1120 3152 sint
1156 3117 1190 3151 a
1229 3102 1505 3155 Saitarum

420 3170 656 3222 lucernis
691 3170 968 3234 accensis,
1015 3171 1282 3222 neminem
1328 3174 1506 3237 prose-

421 3245 513 3292 cto
546 3241 735 3305 fugere
766 3240 987 3320 poterit.

491 3306 876 3374 φυλάσσοντες
907 3302 1015 3373 τὴν
1053 3300 1231 3359 νύκτα
1261 3305 1362 3374 τῆς
1394 3310 1504 3361 θυ-

420 3376 571 3444 σίης]
608 3381 646 3433 i.
674 3395 721 3431 ο.
758 3379 1087 3430 observantes
1120 3383 1385 3430 statutam
1421 3397 1507 3432 sa·

420 3449 612 3501 crificii
654 3453 888 3501 noctem.
973 3447 1235 3512 Conf.1‚
1274 3449 1361 3501 48.
1404 3452 1501 3514 IV,

486 3601 616 3637 οτευ
663 3579 727 3636 δὲ
785 3583 978 3635 εἵνεκα
1027 3581 1153 3650 φῶς
1199 3579 1378 3651 ἔλαχε]
1428 3584 1506 3637 εἴ-

420 3670 556 3707 νειια
604 3671 725 3707 cum
761 3653 1065 3721 Schweigh.
1117 3658 1174 3705 et
1208 3655 1381 3706 Gaisf.
1423 3671 1506 3707 re-

418 3725 537 3791 cepi
565 3740 660 3788 pro
686 3724 836 3790 vulg.
858 3718 1040 3773 ἕνεκα.
1097 3725 1347 3775 Recentt.
1378 3725 1499 3777 edd.

418 3791 665 3854 εἵνεκεν,
711 3797 772 3844 tu
818 3793 932 3844 vid.
982 3798 1122 3845 nott.
1170 3793 1239 3843 ad
1282 3795 1499 3857 1‚115.

418 3890 487 3902 --
520 3861 806 3911 Caeterum
831 3861 898 3911 de
925 3862 1143 3913 Osiride
1173 3862 1262 3912 hic
1288 3879 1502 3929 quoque

416 3930 766 3995 cogitandum
803 3944 951 3993 esse,
989 3931 1300 3997 satis-quae
1335 3948 1501 3997 supra

418 3999 652 4051 diximus
683 4002 1131 4050 commonstrant.

765 4166 898 4220 Cu.
940 4168 1151 4221 LXIII.

1609 1855 1824 1912 θυσίας
1859 1872 1911 1908 ιι.
1940 1872 1988 1907 τ.
2027 1856 2097 1924 λ.]
2135 1858 2219 1907 Βο
2250 1856 2551 1923 Heliopoli,
2603 1859 2702 1909 ubi

1610 1924 1725 1976 Soli
1762 1919 1961 1992 (ἡλίῳ)
2003 1942 2161 1978 sacra
2196 1925 2425 1989 fiebant,
2464 1927 2576 1977 vid.
2610 1944 2701 1979 su-

1608 2010 1707 2060 pra
1738 1995 1809 2045 ad
1839 1995 1915 2060 11,
1954 1998 2005 2046 7.
2080 1996 2164 2046 De
2200 1996 2366 2046 Batus
2400 1997 2563 2058 urbe,
2601 1997 2701 2047 ubi

1608 2066 1856 2115 Latonae
1883 2065 2100 2126 festum,
2124 2065 2364 2116 dicemus
2387 2065 2699 2127 adn‚155.

1680 2123 1740 2182 ἐν
1792 2129 1855 2182 δὲ
1904 2102 2181 2198 Παπρήμι
2211 2165 2283 2174 -
2318 2132 2569 2201 ποιεῦσι]
2614 2135 2700 2187 De

1610 2202 1711 2252 hac
1761 2204 1894 2254 urbe
1952 2207 2168 2268 praeter
2211 2204 2549 2255 Herodotum
2596 2203 2699 2268 (ΙΙ,

1612 2270 1699 2322 59.
1738 2271 1825 2323 63.
1864 2271 2236 2324 64.71.165.
2269 2273 2375 2336 111,
2418 2272 2505 2337 12)
2539 2288 2698 2324 nemo

1610 2345 1854 2392 veterum
1876 2341 2172 2407 quidquam
2196 2341 2398 2393 retulit.
2441 2343 2562 2393 Sita
2579 2349 2701 2394 erat

1609 2409 1668 2459 in
1706 2410 2038 2461 occidentali
2059 2411 2303 2477 regionis
2326 2410 2495 2462 Delta
2523 2417 2700 2476 parte,

1608 2479 1688 2529 ita
1707 2484 1770 2529 ut
1792 2481 2113 2530 Maunertus
2135 2480 2393 2531 coniiciat
2411 2479 2471 2545 (l.
2492 2481 2530 2532 l.
2551 2483 2619 2540 X,
2650 2482 2698 2533 1.

1609 2565 1664 2613 p.
1689 2549 1786 2599 591
1828 2548 1988 2615 seq.),
2025 2549 2173 2600 baud
2212 2549 2373 2600 aliam
2401 2554 2570 2615 atque
2595 2552 2704 2602 Pa-

1608 2617 1903 2682 premidem
1939 2633 2060 2668 esse
2095 2619 2314 2682 urbem,
2356 2635 2498 2683 quae
2533 2621 2701 2671 etiam

1613 2687 1743 2738 Xois
1760 2688 1933 2738 serius
1963 2688 2038 2737 sit
2065 2694 2284 2739 vocata.
2327 2689 2410 2740 De
2440 2689 2544 2740 hae
2565 2691 2702 2741 urbe

1613 2754 1801 2820 (Χοῑε-
1777 2756 2036 2822 -81ι1ιόοιι)
2057 2756 2214 2821 plura
2233 2757 2490 2810 disseruit
2507 2758 2701 2810 Cham-

1611 2825 1743 2889 poll.
1795 2824 1938 2891 l'.Eg
1989 2840 2117 2877 sous
2161 2826 2198 2877 l.
2237 2827 2402 2877 Phar.
2449 2828 2528 2879 ΙΙ.
2565 2844 2695 2894 pag.

1610 2896 1707 2946 211
1739 2911 1851 2961 seq.
1873 2921 1935 2933 —
1959 2896 2044 2946 Ad
2063 2912 2253 2947 vocem
2272 2893 2342 2960 τῇ
2364 2886 2503 2959 ἄλλῃ
2531 2897 2697 2962 (alibi.

1608 2964 1665 3014 in
1702 2964 1926 3030 reliquis
1968 2964 2151 3031 terris)
2201 2966 2272 3016 cf.
2319 2966 2396 3028 11,
2443 2965 2529 3018 36.
2577 2967 2625 3030 1,
2667 2967 2693 3018 1

1609 3033 1807 3114 ibique
1830 3038 1970 3084 nott.

1691 3091 1807 3153 εὖτ’
1835 3118 1909 3151 αν
1946 3095 2008 3151 δὲ
2043 3102 2270 3182 γίνηται
2305 3094 2633 3168 καταφερὴς
2663 3095 2694 3153 ὁ

1605 3160 1788 3237 ἥλιος]
1826 3163 2150 3236 καταφερὴς
2171 3170 2238 3222 de
2274 3171 2387 3223 sole
2419 3177 2506 3223 est
2540 3174 2697 3224 decli·-

1605 3242 1706 3294 υίε.
1740 3241 1814 3291 ad
1838 3256 2067 3292 occamm
2094 3256 2324 3320 ver-qens.
2378 3242 2558 3304 Quare
2585 3257 2695 3293 non

1605 3310 1924 3360 mutandum
1959 3300 2318 3374 κατωφερὴς,
2368 3326 2693 3376 quamquam

1603 3379 1709 3429 hoc
1755 3379 1979 3430 notione
2029 3380 2123 3429 vix
2170 3378 2367 3430 differt.
2450 3381 2581 3430 Mox
2627 3379 2695 3431 de

1606 3449 1780 3499 forma
1802 3445 2150 3498 πεπονέαται
2171 3446 2291 3513 (pro
2310 3439 2695 3513 πεπόνηνται)

1605 3517 1750 3568 conf.
1788 3517 2023 3568 Βτοᾶον.
2072 3533 2201 3583 pag.
2252 3516 2355 3569 328
2400 3533 2518 3583 seq.
2587 3519 2691 3569 Est

1607 3601 1737 3637 vero
1774 3585 2085 3636 πονεισθαι
2112 3590 2366 3649 occupari,
2404 3591 2606 3639 versari
2635 3588 2692 3637 in

1606 3655 1675 3706 iis
1713 3656 1884 3717 curis,
1935 3670 2076 3721 quae
2112 3656 2183 3706 ad
2220 3656 2309 3707 dei
2345 3656 2693 3708 simulacrum

1604 3726 1938 3789 pertineant.
1967 3726 2144 3774 ——De
2180 3712 2298 3774 εὖτ’
2336 3740 2411 3774 αν
2442 3727 2530 3778 Gr·
2568 3741 2693 3776 con·

1606 3795 1718 3844 fert
1752 3793 2028 3845 Schaefer.
2076 3793 2148 3843 ad
2199 3794 2452 3858 Sophocl.
2495 3795 2690 3859 Oedip.

1605 3864 1742 3928 Reg.
1771 3862 1894 3914 749.
1908 3863 2460 3926 —Praepositiouem
2485 3855 2545 3914 ἔτι
2564 3867 2693 3914 aute

1605 3927 1793 3992 ξύλων
1827 3932 1884 3981 in
1918 3932 2243 3997 quibusdam
2280 3930 2436 3982 libris
2472 3932 2691 3984 obviam

1602 4000 1881 4051 meliorum
1919 4000 2076 4052 codd.
2114 4002 2446 4051 auctoritate
2491 4001 2692 4052 delevi-

1600 4084 1739 4120 mus.
1788 4070 2037 4120 Retinuit
2054 4069 2293 4121 Dindorf
2318 4072 2584 4136 uncisque
2605 4071 2690 4121 in-

1601 4137 1765 4189 clusit
1800 4139 2048 4190 Dietsch.

1670 4197 1831 4257 αλλοι
1876 4200 1943 4256 δὲ
1991 4199 2239 4271 εὐχωλὰς
2287 4197 2687 4287 ἐπιτελέοντες]

471 4262 636 4329 ’δΕς
600 4260 886 4322 δὲ’*Ηλίου
920 4263 1089 4322 πόλιν
1124 4267 1220 4322 καὶ
1239 4272 1497 4326 Βουτοῦν
1596 4267 1815 4341 εὐχωλὴ
1854 4276 1950 4326 vix
1986 4275 2165 4328 differt
2197 4278 2267 4328 ab
2304 4265 2471 4340 εὐχὴ,
2509 4282 2685 4327 vom.
