3109 5092
1263 382 1517 448 CLIO.
1561 385 1612 444 1.
1652 392 1707 447 8.
2541 390 2614 453 21

329 552 487 635 νεὰς
520 551 828 643 ἀνδρῶν,
879 558 1029 623 ἔτεα
1064 559 1263 625 πέντε
1304 586 1376 629 τε
1421 561 1533 628 καὶ
1571 560 2009 646 πεντακόσια,
2068 578 2222 642 παῖς
2267 560 2448 652 παρὰ
2487 590 2614 633 πα-

327 657 484 748 τρὸς
519 657 960 746 ἐκδεκόμενος
993 657 1119 747 τὴν
1156 657 1403 751 ἀρχὴν,
1448 666 1641 753 μέχρι
1681 662 2101 734 Κανδαύλεω
2135 670 2257 735 τοῦ
2299 666 2615 754 Μύρσου.

333 752 549 842 Οὗτος
578 761 666 853 δὴ
693 754 792 832 ὦν
827 758 865 831 ὁ
895 763 1303 853 Κανδαύλης
1331 763 1601 856 ἠράσθη
1631 771 1747 857 τῆς
1775 769 2033 838 ἑωυτοῦ
2061 768 2381 855 γυναικός
2401 792 2416 806 ·
2456 773 2609 858 ἐρα·
2630 782 2668 846 8

2177 882 2214 915 0

330 979 491 1029 quam
526 963 872 1030 negligenter
909 963 967 1013 in
1002 964 1313 1017 istiusmo‘di
1343 982 1423 1017 re-

328 1035 431 1084 bus
470 1034 686 1084 omnino
725 1033 939 1099 egerint
986 1040 1199 1086 veteres
1236 1052 1423 1102 quam·

332 1119 437 1169 que
478 1103 629 1153 varie
674 1120 773 1169 pro
820 1110 1121 1168 temporum
1166 1121 1233 1157 ac
1276 1106 1422 1156 loco-

332 1190 449 1223 rum
504 1176 713 1223 ratione
775 1174 1186 1238 generationum
1249 1192 1421 1226 annos

334 1243 654 1293 definierint.
695 1244 782 1292 Cf.
823 1242 939 1292 eius
977 1243 1165 1310 Suppl.
1206 1245 1240 1294 a
1274 1246 1422 1296 ΓΗΘ-

328 1313 448 1364 rod.
507 1313 572 1362 de
628 1312 888 1362 Larcher.
942 1328 996 1377 p.
1045 1314 1114 1365 76
1160 1330 1278 1379 sqq.
1332 1315 1420 1367 79.

328 1382 467 1433 Add.
506 1381 836 1433 Dahlmann.
873 1383 1079 1434 Herod.
1116 1400 1170 1448 p.
1209 1383 1295 1447 99,
1327 1386 1421 1449 qui

325 1452 429 1502 hoc
464 1451 533 1501 ad
570 1467 756 1502 eorum
786 1467 1025 1502 errorum
1057 1469 1229 1517 genus
1265 1470 1419 1503 revo-

325 1538 451 1573 care
472 1520 607 1584 vult,
642 1522 829 1587 quales
855 1522 911 1571 in
935 1524 1172 1572 numeris
1197 1524 1417 1573 omnino

323 1592 469 1657 apud
490 1592 828 1642 Herodotum
865 1592 1084 1657 saepius
1124 1593 1417 1657 deprehen·

322 1662 544 1712 dantur.
581 1661 741 1711 Unde
779 1677 843 1710 eo
878 1676 1053 1725 usque
1070 1663 1418 1728 progreditur

322 1733 479 1781 Mure
516 1731 727 1795 history
777 1735 883 1780 ete.
926 1732 1023 1782 IV.
1072 1748 1126 1797 p.
1176 1733 1263 1783 7¹.
1310 1734 1413 1783 417

321 1817 459 1865 seq„
478 1806 540 1850 ut
562 1799 844 1851 Herodoto
875 1815 1083 1851 omnem
1113 1805 1417 1866 temporum

320 1874 579 1920 accurate
598 1869 1010 1920 indicandorum
1037 1872 1305 1922 rationem
1324 1872 1417 1922 ab·

320 1939 672 1991 iudicandam
705 1955 827 1989 esse
849 1944 1053 1991 temere
1079 1942 1414 2005 pronuntiet.

319 2010 519 2075 Negris
553 2009 815 2060 Larcheri
855 2011 1223 2061 coniecturam
1262 2026 1416 2061 seeu-

319 2086 413 2131 tus
451 2079 650 2130 edidit:
686 2069 959 2143 ἄρξαντες
993 2072 1097 2144 μὲν
1122 2070 1215 2129 ἐπὶ
1252 2094 1415 2130 πεν-

319 2145 695 2200 τεκαίδεκα
750 2140 946 2213 γενεὰς
1001 2141 1235 2213 ἀνδρῶν
1292 2142 1415 2199 ἔτεα

318 2211 451 2269 δύο
504 2231 563 2267 τε
607 2213 703 2267 καὶ
761 2211 1122 2269 πεντακόσια.
1195 2218 1414 2285 Reliqui

319 2288 557 2340 editores
576 2287 855 2353 vulgatam
877 2289 1234 2349 retinuerunt,
1250 2304 1412 2354 quam

318 2365 375 2411 et
410 2361 530 2425 ipse
563 2358 903 2408 retinendam
939 2358 1088 2420 duxi,
1124 2359 1411 2421 probatam

316 2444 536 2496 quoque
570 2429 689 2478 viro
727 2426 907 2490 docte,
942 2429 1035 2492 qui
1055 2426 1413 2478 Hildeshemii

320 2498 458 2551 1853
483 2497 655 2548 edidit
687 2512 1053 2563 programma:
1087 2496 1285 2548 Jatho:
1315 2513 1412 2547 zur

314 2567 680 2631 Chronologie
715 2566 811 2617 der
830 2566 1067 2617 iiltesten
1087 2567 1412 2618 Geschichte

315 2640 369 2688 d.
419 2636 783 2687 Menschheit.
839 2653 892 2702 p.
947 2637 1030 2687 10.
1090 2667 1162 2677 —-
1206 2626 1299 2685 ἐπὶ
1350 2637 1407 2689 in

312 2710 469 2758 hisce
484 2706 682 2757 Krebs.
707 2706 744 2755 l.
771 2705 810 2756 l.
842 2722 897 2771 p.
929 2707 995 2758 23
1024 2705 1179 2756 reddi
1202 2705 1405 2756 voluit:

312 2779 403 2837 ad,
442 2778 665 2826 circiter.
709 2775 817 2827 Sed
854 2776 1057 2826 rectius
1100 2775 1406 2840 Schweigh.

307 2864 429 2912 per,
467 2861 589 2896 cum
626 2835 719 2894 ἐπὶ
745 2845 850 2895 hoc
883 2844 1005 2896 loco
1042 2844 1109 2896 de
1145 2845 1407 2909 temporis

310 2916 551 2981 quodam
583 2915 763 2979 spatio
798 2915 875 2963 sit
896 2914 1290 2979 accipiendum.
1318 2915 1406 2965 cf.

312 2988 388 3045 11,
446 2984 564 3035 119.
627 2984 745 3036 133.
812 2983 981 3034 Plura
1028 2983 1274 3033 Fischer.
1338 2984 1409 3033 ad

310 3054 475 3105 Well.
515 3054 619 3115 111,
664 3053 717 3104 6.
759 3068 814 3117 p.
864 3053 967 3103 243
1002 3058 1057 3103 et
1102 3054 1189 3102 44.
1237 3052 1301 3103 C.
1338 3053 1405 3104 G.

310 3127 549 3189 Kriiger.
586 3124 642 3172 in
668 3122 836 3172 indic.
863 3122 933 3172 ad
955 3122 1205 3187 Xenoph.
1225 3122 1404 3172 Anah.

308 3213 363 3261 p.
406 3194 530 3244 487.
593 3193 677 3242 Ad
723 3193 905 3257 ipsum
939 3190 1287 3241 numerorum
1325 3207 1408 3241 or-

310 3266 493 3315 dinem
532 3263 676 3312 eonf.
704 3260 941 3313 BredoV.
979 3277 1035 3340 p.
1072 3261 1196 3313 280.

378 3334 522 3389 παῖς
559 3323 717 3392 παρὰ
758 3361 833 3371 --
874 3321 1078 3397 ἄρχην]
1116 3331 1407 3380 Structura

306 3403 417 3453 loci
464 3401 549 3451 uti
589 3416 699 3450 non
752 3400 1039 3464 impedita,
1095 3400 1177 3449 ita
1221 3403 1406 3449 tamen

307 3468 557 3522 nonnihil
602 3486 636 3519 a
679 3469 897 3534 vulgari
954 3469 1217 3519 orationis
1264 3473 1405 3519 stru-

307 3548 469 3592 ctura
501 3538 783 3589 recedens,
817 3539 958 3588 Sunt
991 3539 1131 3588 enim
1166 3540 1409 3589 nomina-

305 3612 411 3661 tivi
445 3609 685 3659 absoluti
720 3623 906 3658 eorum
933 3624 999 3657 ex
1029 3623 1244 3673 genere,
1270 3623 1406 3673 quos

308 3678 573 3745 explicuit
608 3677 809 3729 Matth.
846 3678 1082 3728 Gramm.
1119 3677 1313 3729 Graec.
1353 3680 1405 3739 §-

307 3751 415 3800 562
467 3753 583 3798 not.
648 3748 938 3798 Caeterum
989 3746 1153 3797 facile
1209 3750 1295 3796 est
1347 3746 1407 3796 in

307 3818 631 3870 Herodotea
691 3816 1002 3878 locutione,
1066 3829 1228 3881 quam
1284 3816 1407 3865 imi-

307 3888 480 3938 tando
518 3887 853 3951 expressisse
888 3885 1081 3936 volunt
1098 3885 1407 3950 Athenago-

308 3974 429 4009 ram
485 3956 545 4005 in
591 3956 786 4021 Legat.
848 3956 919 4006 ad
975 3956 1147 4006 Marc.
1201 3954 1403 4006 Anton.

309 4034 365 4079 et
403 4026 635 4076 Lucium
672 4025 952 4075 Commod.
991 4040 1043 4088 p.
1082 4023 1203 4087 fin.,
1240 4039 1405 4090 agno-

308 4111 467 4148 scere
502 4094 763 4145 indicium
792 4096 948 4160 regni
984 4093 1300 4145 hereditarii
1332 4093 1406 4143 le-

309 4167 511 4229 gitime
532 4165 795 4229 suscepti.
835 4166 957 4227 Quo
978 4179 1143 4213 sensu
1155 4161 1405 4227 Thucyd.

308 4238 355 4300 1,
410 4232 476 4285 13
524 4233 661 4284 dicit
718 4233 786 4284 de
846 4234 1175 4285 Graecorum
1230 4232 1415 4297 regnis

307 4294 601 4368 πατρικὰς
678 4299 982 4369 βασιλείας.
1055 4302 1196 4353 Add.
1274 4303 1414 4352 Xen.

305 4376 518 4439 Cyrop.
565 4372 619 4435 1,
666 4373 727 4436 1,
773 4374 804 4422 4
850 4378 907 4422 et
956 4373 1029 4423 cf.
1078 4371 1286 4423 Herod.
1339 4372 1416 4434 11,

308 4442 554 4496 166611.

1908 1003 2041 1054 CAP.
2081 1003 2238 1055 VIII.

1598 1093 1767 1163 οὗτος
1811 1097 1885 1169 δὴ
1935 1092 2018 1155 ὧν
2053 1097 2084 1156 ὁ
2115 1103 2297 1157 Κανδ.
2323 1138 2395 1147 -
2425 1124 2618 1172 γυναι-

1523 1168 1648 1241 κός]
1683 1176 1917 1225 Miratur
1960 1176 2311 1227 Hoffmeister
2353 1176 2620 1240 (Sittlich-

1523 1245 1778 1309 religffise
1823 1246 2256 1297 Lebensensicht
2307 1246 2403 1297 des
2446 1249 2618 1298 Hero·

1524 1315 1686 1365 dotus
1724 1332 1768 1364 s.
1807 1315 2066 1381 Beitriige
2112 1323 2218 1367 etc.
2268 1316 2345 1366 11.
2395 1333 2451 1382 p.
2503 1317 2614 1383 79),

1523 1385 1668 1450 quod
1717 1385 2022 1435 Candaules
2081 1386 2171 1435 hic
2231 1401 2386 1436 suam
2441 1387 2614 1452 ipsius

1521 1470 1743 1505 uxorem
1774 1470 1988 1505 amasse
2024 1455 2242 1519 dicitur,
2274 1471 2442 1521 quare
2473 1447 2612 1521 ἤρα’-

1523 1523 1641 1587 σθη
1687 1524 1841 1574 reddi
1887 1523 2028 1574 vult:
2093 1542 2204 1587 „er
2255 1541 2366 1575 war
2405 1542 2613 1576 messer-

1518 1594 1823 1651 ordentlick,
1868 1593 2298 1657 Ieidenschastlich
2343 1595 2610 1646 verliebt‘fl

1518 1664 1601 1714 Ac
1649 1678 1782 1713 sane
1826 1662 1928 1713 hoc
1968 1664 2195 1714 verbum
2244 1663 2311 1714 de
2361 1664 2428 1713 iis
2481 1664 2609 1725 dici,

1518 1734 1614 1798 qui
1649 1732 1736 1783 vel
1774 1732 2071 1797 depereunt
2103 1733 2190 1783 vel
2227 1734 2433 1783 maiore
2481 1748 2612 1797 qua-

1520 1803 1645 1853 dam
1682 1802 1912 1852 alicuius
1950 1804 2026 1852 rei
2057 1801 2432 1866 assequendae
2467 1802 2615 1866 cupi-

1519 1873 1645 1922 dine
1682 1871 1971 1933 ducuntur,
2002 1873 2140 1921 satis
2179 1876 2424 1929 constat;
2464 1871 2611 1921 conf.

1518 1941 1725 1992 Herod.
1763 1942 1809 2002 1,
1836 1940 1924 1991 96.
1965 1939 2087 1990 coll.
2123 1940 2229 2003 111,
2252 1939 2337 1990 53.
2369 1940 2465 2002 IX,
2490 1940 2610 1990 108.

1516 2012 1605 2062 De
1641 2012 1761 2075 ipso
1798 2010 1982 2060 uxoris
2017 2010 2259 2072 nomine,
2303 2010 2448 2075 quod
2485 2011 2612 2059 reti-

1519 2078 1691 2143 cetur,
1727 2079 1838 2130 vid.
1874 2083 2016 2130 nott.
2055 2078 2126 2129 ad
2157 2080 2204 2142 Ι,
2245 2081 2330 2130 12.
2372 2080 2456 2130 De
2481 2080 2611 2129 Can-

1517 2152 1671 2201 daule
1709 2150 1802 2201 Gr.
1858 2149 2225 2214 adscripscrat
2267 2149 2467 2200 haecce
2502 2150 2610 2199 He-

1518 2220 1690 2284 sychii
1738 2219 1931 2269 verba:
1985 2211 2355 2282 Κανδαύλης·
2401 2209 2611 2282 Ἐρμῆς

1515 2285 1554 2354 ἢ
1587 2279 1883 2352 Ἡρακλῆς.
1922 2288 2080 2352 Quod
2129 2288 2196 2338 de
2247 2287 2418 2352 Lydis
2469 2288 2610 2338 acei-

1514 2359 1772 2425 piendum
1806 2374 1928 2408 esse
1963 2358 2238 2423 persuasit
2257 2357 2610 2408 Iablonskius

1515 2430 1751 2480 Dissert.
1786 2427 1853 2478 de
1886 2427 2019 2493 ling.
2035 2429 2280 2492 Lycaon.
2319 2427 2425 2477 111.
2455 2442 2509 2491 p.
2538 2425 2608 2478 85

1516 2498 1753 2563 Opuscc.
1766 2498 1906 2547 Nam
1924 2497 2229 2547 divinitatis
2251 2512 2370 2546 esse
2393 2511 2606 2557 nomen,

1513 2568 1658 2633 quod
1683 2582 1776 2616 rex
1800 2566 1904 2615 sibi
1924 2566 2261 2627 assumserit,
2292 2565 2405 2615 alia
2424 2565 2608 2614 huius·

1512 2635 1722 2687 cemodi
1759 2636 1903 2699 apud
1950 2635 2086 2684 alias
2131 2634 2384 2684 nationes
2433 2646 2607 2682 exem·
2638 2630 2658 2651 '

1510 2706 1604 2771 pla
1637 2703 1936 2754 declarant.
1976 2705 2171 2768 Itaque
2215 2702 2301 2752 vel
2337 2702 2439 2753 hoc
2477 2703 2608 2751 Gan-

1512 2776 1681 2826 dmdis
1715 2788 1911 2822 nomen
1948 2772 2018 2822 ad
2067 2771 2344 2837 Lydorum
2386 2770 2604 2834 religio-

1510 2861 1609 2895 nes
1647 2857 1818 2906 aeque
1854 2841 2151 2907 pertinebit
2174 2846 2341 2906 atque
2365 2840 2457 2890 ille
2470 2842 2606 2890 Her-

1512 2914 1662 2964 cules
1712 2912 1934 2962 Sandon
1987 2912 2104 2961 sive
2158 2911 2418 2976 Assyrius
2486 2912 2604 2960 sive

1510 2982 1737 3048 Lydius,
1775 2983 1962 3048 regiae
1999 2981 2271 3046 Lydorum
2303 2981 2483 3045 gentis
2512 2996 2606 3031 au·

1513 3057 1648 3104 ctor.
1685 3052 1844 3103 Conf.
1886 3052 2104 3101 Movers
2140 3051 2178 3100 l.
2217 3050 2252 3099 l.
2303 3051 2350 3101 1.
2396 3067 2451 3114 p.
2499 3050 2605 3101 476

1510 3138 1627 3188 seq.
1655 3121 1833 3173 Raoul
1853 3121 2120 3172 Rechette
2149 3119 2185 3170 l.
2213 3119 2250 3170 l.
2273 3136 2327 3185 p.
2355 3119 2476 3181 283,
2510 3120 2606 3184 qui

1511 3196 1567 3241 et
1601 3192 1719 3257 ipse
1755 3190 1862 3240 huc
1905 3191 2074 3240 refert
2109 3189 2372 3255 Hesychii
2415 3190 2601 3251 verba,

1506 3261 1564 3310 in
1608 3261 1804 3326 quibus
1860 3259 2004 3324 quod
2056 3274 2228 3324 nuper
2278 3257 2423 3309 Guil.
2471 3259 2605 3308 Din-

1509 3330 1651 3381 dorf.
1689 3325 1877 3391 (Thes.
1914 3330 1981 3379 L.
2022 3330 2115 3380 Gr.
2153 3329 2247 3378 IV.
2283 3343 2337 3392 p.
2367 3327 2492 3394 930)
2523 3328 2604 3377 ita

1509 3399 1750 3459 offendit,
1792 3402 1855 3449 ut
1900 3413 2064 3448 voces
2109 3385 2150 3461 ἢ
2183 3388 2465 3460 ἾΙρακλῆς
2512 3397 2601 3446 de-

1504 3469 1608 3519 leri
1643 3467 1827 3529 vellet,
1867 3466 2115 3531 equidem
2149 3466 2350 3514 iustam
2379 3479 2601 3513 causam

1508 3537 1776 3588 desidero,
1817 3535 1978 3599 Apud
2006 3533 2236 3584 eundem
2265 3531 2600 3596 Hesychium

1507 3607 1813 3657 invenimus
1863 3595 2202 3658 Κάνδωλος·
2262 3599 2600 3664 κακοῦργος,

1506 3666 1734 3743 λῃστής,
1754 3673 2007 3736 idemque
2034 3686 2229 3721 nomen
2262 3670 2427 3721 etiam
2459 3685 2599 3720 unus

1508 3762 1538 3796 e
1576 3741 1929 3807 Cercopibus,
1967 3743 2059 3807 qui
2110 3740 2254 3805 apud
2291 3740 2600 3802 Harpocra-

1506 3816 1716 3864 tionem
1742 3810 1810 3877 (s.
1846 3827 1901 3861 ν.
1935 3808 2203 3874 Κέρκωψ)
2229 3813 2460 3859 vocatur
2487 3800 2598 3859 ’Av-

1506 3880 1738 3947 δοῦλος,
1781 3881 1925 3946 apud
1971 3879 2192 3930 fluidam
2235 3877 2303 3941 (s.
2350 3895 2405 3929 v.
2457 3877 2600 3942 Κέρ-

1506 3950 1715 4017 κωπες)
1752 3946 2115 4009 Κάνδουλος,
2156 3948 2350 3999 tulisse
2396 3948 2597 3998 fertur:

1508 4023 1576 4073 de
1610 4036 1717 4087 quo
1753 4021 1866 4070 vid.
1905 4019 1966 4071 C.
2007 4018 2073 4068 O.
2112 4019 2309 4068 Miiller
2334 4018 2529 4067 Dorier
2549 4018 2597 4067 1.

1506 4109 1561 4158 p.
1588 4091 1708 4143 460.
1732 4089 1954 4140 Lobeck
1977 4087 2245 4152 Aglaoph.
2261 4087 2338 4137 II.
2362 4103 2415 4150 p.
2440 4085 2596 4137 1301.

1517 4160 1673 4225 Quod
1708 4175 1837 4209 vero
1872 4157 2016 4222 apud
2053 4157 2309 4206 Tzetzem
2330 4155 2470 4206 Chil.
2500 4155 2597 4205 VI.

1514 4232 1662 4281 Hist.
1702 4230 1786 4279 54.
1821 4233 1986 4292 atque
2014 4241 2157 4276 nunc
2192 4226 2359 4275 etiam
2391 4226 2448 4274 in
2472 4225 2600 4273 Cra-

1517 4300 1651 4349 meri
1683 4296 1929 4353 Anecdd.
1969 4295 2183 4346 Oxonn.
2221 4295 2326 4356 111,
2355 4293 2452 4345 351
2483 4291 2599 4356 (ubi

1480 4367 1882 4432 .Hipponactis
1942 4365 2165 4415 affertur
2205 4362 2419 4428 versus)
2469 4362 2602 4425 legi-

1518 4451 1666 4487 mus:
1713 4428 1777 4484 τὸ
1822 4429 1887 4484 δὲ
1933 4426 2276 4496 Κανδαύλης
2322 4424 2423 4481 τὸν
2469 4441 2600 4477 σκυ-
