3109 5092
1255 350 1509 412 CLIO.
1554 351 1607 410 I.
1654 360 1740 413 35.
2558 356 2638 417 79

338 524 755 616 ἀνδρεώνων
788 525 1177 612 ἐκκομίσας,
1230 527 1297 604 ἐς
1339 522 1497 602 τοὺς
1537 520 1887 610 θαλάμους
1927 526 2292 612 συνένησε,
2333 526 2423 615 μή
2469 554 2532 596 τι
2571 533 2642 596 οἱ

338 632 763 719 κρεμάμενον
810 634 904 722 τῷ
955 631 1145 698 παιδὶ
1202 631 1474 717 ἐμπέσῃ.

1550 623 1857 713 Ἔχοντος
1906 630 1987 695 δέ
2029 630 2100 695 οἱ
2146 630 2220 698 ἐν
2269 631 2455 720 χερσὶ
2511 636 2635 699 τοῦ
2650 642 2732 703 35

341 732 583 814 παιδὸς
633 730 752 802 τὸν
791 732 1043 822 γάμον,
1101 731 1485 802 ἀπικνέεται
1536 732 1604 810 ἐς
1639 727 1755 809 τὰς
1795 728 2052 819 Σάρδις
2097 727 2269 821 ἀνὴρ
2317 740 2636 825 συμφορῇ

344 937 492 987 idem
534 952 592 1005 p.
644 936 747 988 166
804 951 905 1000 pro
951 928 1192 1000 δοράτια
1238 932 1448 985 mavult

346 1007 516 1057 scribi
546 997 874 1069 devenitur.

418 1084 477 1141 ἐκ
533 1089 648 1142 τῶν
714 1082 1060 1156 ἀνδρεώνων
1118 1082 1444 1171 ἐκκομίσας]

351 1163 511 1224 Quod
553 1163 794 1213 Homero
844 1161 1166 1226 simpliciter
1215 1165 1299 1211 est
1334 1154 1445 1210 θά-

347 1232 540 1296 λαμος,
552 1233 608 1281 id
627 1231 912 1283 Herodoto
942 1233 1143 1283 dicitur
1166 1221 1443 1295 ἄνδρεών,

349 1303 588 1351 virorum
634 1302 851 1352 scilicet
898 1303 1186 1365 conclave,
1237 1302 1295 1349 in
1339 1317 1445 1366 quo

347 1372 464 1421 tela
488 1386 746 1438 armaque
766 1373 1009 1437 reposita
1028 1373 1264 1423 fuerunt.
1304 1372 1447 1421 Lau-

353 1442 449 1491 dat
503 1441 598 1492 Cr.
649 1442 875 1492 Homeri
920 1443 1118 1508 Odyss.
1166 1441 1331 1504 XXI,
1389 1440 1443 1491 7

354 1512 411 1561 ll
456 1511 586 1578 ibiq.
622 1512 880 1563 Eustath.
916 1530 971 1579 p.
1009 1515 1130 1575 744,
1173 1510 1242 1562 28
1271 1526 1444 1576 seqq„

352 1586 403 1630 et
442 1581 512 1631 ad
562 1581 671 1632 VII
716 1598 772 1648 p.
812 1583 915 1633 275
964 1582 1110 1632 infra
1156 1581 1223 1631 de
1270 1581 1448 1630 forma

348 1642 624 1715 ἀνδρεών.
664 1652 831 1703 Haud
860 1653 974 1703 scio
1005 1669 1076 1702 an
1097 1652 1203 1702 huc
1236 1655 1448 1716 spectet

354 1720 753 1773 Grammaticus
811 1723 867 1770 in
915 1722 1155 1773 Bekkeri
1200 1721 1444 1771 Anccdd.

355 1789 403 1841 1.
445 1807 501 1855 Ρ.
540 1791 626 1855 81,
660 1790 724 1841 6:
780 1782 1043 1872 ἀνδρῶν
1087 1782 1179 1841 ἐπὶ
1218 1790 1321 1840 τοῦ
1331 1803 1445 1869 με·

354 1850 529 1924 γάλου
582 1857 777 1909 οἴκου·
852 1850 1166 1926 Ηρόδοτος
1219 1875 1442 1928 πρωτςο.

353 1928 522 1979 Plura
565 1930 793 1981 Becker.
846 1931 904 1980 in
964 1929 1329 1982 Charicl.11.
1388 1946 1444 1995 p.

358 1999 461 2050 100
498 2000 585 2050 ed.
623 2016 735 2051 sec.

423 2075 478 2142 ἐς
506 2076 644 2143 τούς
670 2077 969 2152 θαλάμους
991 2080 1291 2152 συνένησε]
1318 2099 1448 2137 συν-

356 2150 490 2219 νέω,
522 2160 587 2205 ut
614 2152 750 2221 νέω,
790 2158 858 2207 de
891 2173 1025 2223 rogo
1060 2156 1367 2223 colligendo
1395 2158 1451 2206 et

357 2226 685 2277 exstruendo
734 2227 879 2292 apud
917 2227 1257 2278 Herodotum
1303 2225 1452 2277 haud

356 2295 698 2360 infrequens·
736 2296 850 2346 vid.
876 2296 920 2359 Ι,
943 2299 1011 2349 50
1032 2296 1239 2362 (ibique
1257 2294 1448 2360 nott..)

356 2364 443 2427 86,
481 2370 537 2414 et
572 2380 710 2430 quos
747 2365 888 2415 alios
933 2366 1085 2416 locos
1123 2367 1283 2417 affert
1318 2368 1451 2417 Bre-

356 2433 479 2483 dov.
508 2449 564 2499 Ρ.
585 2437 656 2487 46
681 2451 797 2500 seq.
834 2434 958 2488 coll.
985 2437 1185 2487 Struve
1212 2437 1451 2501 Opuscc.

359 2503 405 2552 Ι.
432 2519 487 2567 Ρ.
510 2503 583 2554 40
618 2510 673 2554 et
697 2505 891 2556 Creuz.
930 2506 989 2555 in
1019 2506 1295 2571 Fragmm.
1318 2505 1449 2555 hist.

357 2588 411 2636 p.
464 2573 599 2635 2113
653 2575 749 2639 qui
798 2589 939 2626 nunc
992 2574 1183 2626 laudat
1227 2574 1453 2625 Homeri

358 2641 562 2707 Odyss.
618 2644 746 2706 XV,
792 2642 893 2694 322
940 2641 1081 2708 (πῦρ
1119 2637 1170 2693 τ’
1211 2632 1273 2694 εὖ
1311 2640 1451 2707 νηῆ-

358 2713 474 2777 σαι)
501 2712 634 2777 ibiq.
647 2714 903 2764 Eustath.
926 2729 979 2778 p.
994 2715 1115 2798 577,
1136 2715 1201 2765 18
1218 2714 1303 2764 ed.
1317 2715 1448 2764 Bas.

356 2811 431 2820 —
465 2782 532 2831 In
569 2797 753 2862 seqq.·
790 2774 871 2846 μή
904 2797 959 2831 τι
993 2775 1063 2832 οἴ
1096 2776 1452 2848 κρεμάμενον

354 2880 429 2891 -—-
357 2841 692 2969 Ιὲμπέσῃ,
730 2851 799 2902 ob
826 2852 1003 2901 dativi
1031 2846 1173 2973 (02⁵)r
1182 2868 1341 2903 usum
1376 2851 1452 2901 cf.

404 2920 518 2982 ,31
563 2927 619 2972 et
652 2921 927 2972 Kuehner.
963 2921 1059 2973 Gr.
1179 2922 1288 2983 .§.
1330 2921 1451 2972 580.

360 2994 476 3038 not.
516 2991 590 3053 b.‚
626 3006 697 3041 ne
728 2991 906 3057 plura.
965 2992 1044 3042 Ac
1079 2993 1317 3056 pertinet
1348 2991 1452 3041 huc

360 3059 709 3121 potissimum
751 3062 979 3112 Pindari
1035 3076 1168 3113 usus
1223 3061 1456 3112 similem

359 3141 587 3190 prorsus
624 3131 681 3179 in
717 3131 936 3181 modum
981 3129 1142 3181 huius
1181 3131 1455 3196 pronomi-

362 3194 450 3243 nis
487 3197 674 3246 dativo
710 3201 946 3251 utentis.
996 3201 1065 3252 de
1097 3218 1205 3266 quo
1239 3215 1456 3253 monue-

360 3269 493 3313 runt
539 3266 863 3330 interpretes
907 3270 977 3319 ad
1024 3270 1245 3337 Olymp.
1289 3271 1335 3333 1,
1384 3270 1450 3322 91

361 3332 490 3383 coll.
529 3333 606 3395 11,
642 3336 713 3387 29
750 3351 864 3403 seq.
903 3340 990 3393 74.

724 3524 857 3576 Csr.
894 3524 1115 3578 XXXV.

415 3615 713 3707 Ἔχοντος
731 3621 797 3678 δέ
819 3622 880 3678 οῖ
900 3621 962 3678 ἐν
996 3625 1153 3693 χερσὶ
1189 3627 1295 3679 τοῦ
1329 3645 1459 3679 παι-

360 3687 468 3754 δὸς
500 3689 607 3745 τὸν
641 3690 844 3762 γάμον]
894 3699 931 3749 i.
971 3713 1020 3749 e.
1057 3714 1163 3748 cum
1201 3706 1365 3749 autem
1395 3703 1460 3762 fi-

357 3768 462 3816 lius
496 3770 547 3817 in
584 3783 646 3818 eo
682 3776 846 3829 esset,
894 3776 949 3818 ut
981 3783 1190 3819 uxorem
1233 3769 1459 3819 duc-eret

360 3834 455 3884 Ita
521 3836 703 3887 reddit
758 3803 1036 3889 Seliaefer.
1098 3839 1326 3888 Amnott.
1392 3838 1463 3887 sd

358 3903 651 3955 Plutarchi
691 3906 805 3956 vit.
865 3908 934 3957 T.
983 3908 1051 3958 V.
1102 3922 1157 3971 p.
1205 3908 1340 3969 248,
1391 3906 1463 3957 ad

360 3972 596 4024 similem
654 3975 941 4026 Plutarchi
989 3977 1169 4027 locum
1226 3976 1285 4026 in
1340 3976 1463 4027 Ale-

362 4043 559 4093 xandr.
601 4041 687 4094 13.
724 4044 1044 4097 Herodotea
1080 4045 1330 4096 laudans.

432 4119 583 4193 ἀνὴρ
644 4129 919 4198 συμφορῇ
967 4124 1258 4198 ἐχόμενος]
1318 4133 1355 4183 i.
1409 4148 1457 4182 e.

354 4201 482 4259 „vir
518 4200 806 4250 calamitate
846 4216 1085 4265 pressus,
1133 4200 1462 4253 absai-“ctus

354 4235 469 4317 Ubi
507 4261 780 4333 συμφορὰ
814 4269 975 4320 aliter
1002 4275 1167 4337 atque
1203 4272 1249 4335 Ι,
1285 4271 1353 4323 32
1379 4274 1463 4320 est

354 4338 643 4402 calumnas,
666 4339 862 4393 malum.
912 4340 1120 4391 Eodem
1158 4340 1275 4392 fere
1298 4354 1465 4394 sensu

356 4404 639 4475 συμφορᾷ
689 4403 979 4475 χρῆσθαι,
1045 4406 1112 4459 de
1156 4423 1264 4475 quo
1320 4409 1464 4475 ipso,

1547 931 1889 983 Herodotum
1914 947 2130 999 quoque
2149 934 2523 999 respicientes,
2564 935 2645 984 di-

1548 1002 1728 1052 ximus
1754 1004 1824 1053 ad
1845 1003 2127 1055 Plutarch.
2141 1004 2373 1055 Μειιιίιι.
2401 1020 2523 1070 cap.
2560 1004 2641 1059 19.

1547 1089 1603 1137 Ρ.
1647 1073 1771 1134 122;
1811 1076 1907 1122 aut
1937 1067 2078 1140 τύχῃ
2102 1073 2391 1139 χρῆσθαι,
2435 1075 2502 1123 de
2538 1090 2644 1138 quo

1548 1142 1662 1192 vid.
1692 1110 1771 1192 ad,
1788 1143 2125 1208 Philopoem.
2152 1112 2407 1195 lnotatt’.
2436 1160 2491 1209 p.
2515 1144 2567 1196 3.
2591 1147 2645 1195 4.

1546 1243 1619 1251 —-
1663 1213 1882 1277 Verbis,
1947 1229 2095 1296 quae
2150 1217 2412 1264 continuo
2458 1214 2646 1264 subse-

1587 1289 1816 1332 uuntur.
1869 1279 1966 1332 καὶ
2025 1299 2095 1334 ου
2144 1276 2406 1348 καθαρὸς
2453 1286 2647 1348 χεῖρας

1576 1366 1688 1415 ων,
1739 1353 2044 1418 indicatur,
2100 1360 2355 1404 monente
2403 1354 2533 1417 Gru,
2583 1354 2646 1403 il-

1547 1421 1660 1472 lum
1701 1424 1872 1473 fuisse
1906 1393 2282 1488 ἀνδροφόνον
2318 1424 2437 1473 sive
2470 1425 2646 1488 parri·

1550 1491 1755 1553 eidam,
1812 1492 1938 1543 coll.
1984 1494 2228 1559 Bergler.
2278 1493 2348 1543 ad
2397 1492 2644 1557 Alciphr.

1549 1562 1594 1612 I.
1618 1578 1672 1626 p.
1699 1563 1767 1613 48
1803 1563 1887 1612 ed.
1924 1564 2123 1628 Wagn.
2172 1564 2315 1613 Add.
2338 1562 2644 1613 Blomfield.

1550 1633 1607 1680 in
1644 1630 1887 1682 Glossar.
1925 1634 1996 1683 ad
2033 1632 2294 1698 Aeschyli
2322 1632 2645 1697 Agamemn.

1550 1701 1672 1753 750.
1745 1702 1889 1751 Hinc
1937 1718 2035 1768 pro
2069 1702 2215 1752 illius
2254 1703 2456 1767 aetatis
2493 1716 2644 1752 more

1550 1787 1584 1821 a
1620 1770 1824 1821 Croeso
1865 1773 2143 1837 expiatur,
2189 1772 2260 1822 ad
2307 1786 2466 1837 quem
2517 1786 2645 1836 sup-

1548 1840 1673 1907 plex
1718 1841 2064 1906 confugerat.
2137 1841 2252 1891 Nec
2300 1841 2484 1903 aliter,
2537 1842 2648 1890 fra-

1548 1917 1634 1961 tre
1678 1910 1877 1976 quippe
1921 1911 2245 1974 interfecto,
2304 1910 2525 1976 Tydeus
2579 1909 2648 1961 ad

1550 1979 1873 2042 Adrastum,
1914 1980 2074 2030 Talai
2103 1980 2274 2030 filium
2294 1981 2648 2046 Argivorum-

1553 2065 1659 2116 que
1697 2064 1899 2114 regem,
1948 2050 2225 2116 confugit,
2276 2055 2331 2101 et
2369 2052 2438 2101 ab
2479 2050 2650 2100 hocce

1554 2119 1833 2184 expiatur,
1885 2123 1946 2170 ut
2006 2125 2189 2170 monet
2234 2121 2358 2185 Gru,
2425 2126 2650 2171 auctore

1552 2189 1868 2253 Pherecyde
1923 2190 2009 2257 (in
2057 2190 2239 2242 Schol.
2291 2192 2515 2242 Homer.
2577 2191 2649 2240 ad

1552 2259 1621 2310 ΙΙ.
1658 2260 1805 2324 XIV,
1849 2261 1977 2321 12ος
2027 2260 2329 2326 Pherecyd.
2370 2262 2647 2326 Fragmm.

1555 2330 1641 2380 ed.
1680 2330 1779 2380 alt.
1818 2330 2001 2381 Sturz.
2049 2347 2103 2398 p.
2150 2331 2249 2383 156
2279 2348 2394 2397 seq.
2436 2348 2482 2382 s.
2519 2335 2658 2396 pagi

1552 2399 1616 2452 91
1660 2400 1745 2449 ed.
1780 2400 2072 2465 Muellerq)
2109 2402 2382 2452 Herodoti
2408 2401 2523 2451 fere
2558 2415 2650 2449 ae-

1554 2468 1704 2534 quali
1748 2484 1929 2519 rerum
1964 2470 2295 2587 scriptore,
2308 2470 2452 2535 apud
2490 2484 2648 2547 quem

1552 2538 1751 2587 verba·
1791 2533 2021 2603 φεύγων
2152 2537 2235 2596 εἰς
2271 2528 2466 2618 Ἀργος
2503 2530 2650 2601 πρὸς

1538 2598 1882 2671 Αδραστον,
1905 2555 2096 2674 yfioeocl
2100 2604 2164 2658 έα
2203 2606 2333 2684 τῆς
2357 2601 2650 2672 χώρας-

1552 2673 1976 2758 καθαρσίων
2009 2690 2080 2725 τε
2114 2667 2448 2742 τυγχάνει
2477 2666 2650 2738 πρὸς

1553 2738 1778 2794 αὐτοῦ
1808 2745 1947 2796 bene
1996 2760 2119 2796 cum
2151 2745 2479 2797 Herodoteis
2517 2760 2647 2794 con-

1553 2815 1800 2865 veniunt.
1886 2816 2161 2897 Expiandi
2206 2831 2335 2866 vero
2383 2815 2649 2865 rationem

1558 2886 1630 2952 (s.
1680 2875 1750 2933 τὰ
1793 2883 2161 2951 νομιζομενα,
2219 2890 2281 2936 ut
2325 2886 2469 2936 infra
2522 2883 2650 2947 ait),

1555 2968 1719 3019 quam
1777 2955 1950 3019 Lydis
2015 2961 2070 3006 et
2128 2956 2353 3007 Graecis
2424 2954 2650 3006 eandem

1555 3024 1672 3073 fere
1706 3040 1828 3075 esse
1862 3026 2028 3090 paulo
2074 3030 2203 3091 post
2249 3026 2444 3076 asserit
2479 3026 2652 3075 Hero-

1558 3093 1747 3156 dotus,
1810 3096 2084 3160 copiosius
2148 3095 2410 3145 describit
2468 3094 2650 3145 Schol-

1559 3162 1810 3227 Apollon.
1849 3165 2027 3216 Rhod.
2062 3165 2158 3228 IV,
2196 3164 2300 3215 693
2331 3180 2483 3230 seqq.
2525 3163 2650 3214 coll.

1558 3233 1817 3283 Eustath.
1857 3235 1928 3284 ad
1959 3234 2123 3286 Iliad.
2148 3235 2350 3298 XXIV,
2371 3234 2492 3285 480.
2542 3235 2652 3284 Eu-

1558 3301 1719 3367 ripid.
1764 3303 1946 3355 Orest.
1986 3304 2107 3356 511.
2180 3304 2428 3369 Iphigen.
2479 3304 2650 3352 Taur.

1556 3370 1680 3435 950,
1713 3388 1848 3438 quos
1883 3373 2035 3424 locos
2071 3372 2263 3423 laudat
2282 3372 2516 3423 Wessel.
2565 3372 2652 3419 Tu

1559 3441 1698 3491 adde
1736 3442 1991 3493 Creuzeri
2039 3440 2281 3507 Symbol.
2321 3442 2427 3491 ΠΙ.
2452 3455 2506 3504 Ρ.
2551 3439 2651 3489 122

1563 3526 1714 3575 seqq.
1756 3511 1841 3560 ed.
1881 3517 2007 3561 tert.
2049 3516 2104 3561 et
2137 3510 2204 3559 ab
2244 3510 2330 3560 Cr.
2369 3509 2652 3560 laudatum

1560 3579 1746 3632 Vales.
1775 3579 1844 3629 ad
1860 3579 2039 3631 Nicol.
2058 3581 2386 3629 Damascen.
2403 3595 2456 3644 p.
2472 3577 2595 3639 441,
2612 3576 2650 3626 f.

1561 3665 1615 3714 p.
1660 3650 1760 3701 182
1795 3664 1911 3713 seq.
1952 3648 2037 3698 ed.
2082 3647 2249 3698 Orell.
2322 3645 2653 3698 Plura·talis

1565 3716 1892 3783 expiationis
1931 3718 2153 3769 Graecis
2203 3719 2445 3769 usitatae
2480 3732 2656 3768 exem-

1562 3787 1656 3852 pla
1714 3787 1931 3838 exhibet
1985 3786 2208 3838 Lobeck
2267 3788 2322 3837 in
2381 3787 2651 3854 Aglaoph.

1565 3871 1693 3921 pag.
1740 3857 1844 3907 968
1893 3871 2007 3923 seq.
2088 3858 2202 3908 Nos
2258 3857 2391 3908 illud
2437 3858 2656 3924 potissi-

1565 3940 1711 3975 mum
1746 3926 1956 3976 attendi
1980 3926 2255 3990 volumu8‚
2291 3929 2654 3994 peregrinum,

1566 3995 1661 4059 qui
1697 3995 1924 4060 supplex
1958 3997 2028 4047 ad
2051 3996 2237 4047 Croesi
2272 3997 2433 4048 aedes
2469 3998 2657 4048 confu-

1565 4069 1748 4129 gerat,
1797 4067 1947 4130 prius
1998 4067 2066 4116 ab
2105 4082 2168 4117 eo
2213 4068 2448 4133 expiari,
2495 4082 2657 4132 quam

1566 4134 1682 4183 eius
1737 4150 1930 4185 nomen
1983 4137 2270 4200 patriaque
2322 4137 2654 4201 requiratur-3

1563 4202 1622 4252 id
1655 4205 1797 4268 quod
1838 4205 2028 4269 procul
2064 4204 2227 4255 dubio
2275 4205 2539 4271 religione
2577 4205 2657 4255 sic

1566 4278 1843 4338 receptum
1879 4278 2023 4335 erat,
2063 4278 2143 4338 ut,
2183 4276 2277 4339 qui
2312 4272 2538 4339 supplex
2578 4288 2658 4323 es—

1568 4346 1679 4405 set,
1718 4343 1905 4392 statim
1927 4340 2253 4393 lustraretur
2277 4343 2346 4393 ab
2375 4358 2466 4406 ee,
2499 4358 2656 4408 quem

1570 4409 1824 4474 adiisset,
1860 4409 2056 4475 hisque
2082 4411 2319 4475 peractis
2342 4409 2556 4462 demum
2583 4411 2659 4462 al-
