3109 5092
1163 362 1414 424 CLIO.
1461 363 1512 422 Ι.
1566 368 1680 424 197.
1728 369 1848 424 198.

2521 353 2647 417 397

367 562 559 624 τερος
586 535 663 605 δὲ
689 543 896 624 σοφίῃ
924 532 1042 606 ὅδε
1070 532 1268 616 ἄλλος
1294 558 1414 624 σφι
1443 533 1647 622 νόμος
1674 530 2093 620 κατεστήκεε.
2153 529 2311 610 τοὺς
2350 529 2644 620 κάμνον-

367 667 488 719 τας
529 635 597 718 ἐς
627 635 752 726 τὴν
783 635 1037 729 ἀγορὴν
1064 636 1497 729 ἐκφορέουσι·
1555 634 1638 705 οὐ
1674 633 1803 724 γὰρ
1848 632 1932 723 δὴ
1974 638 2297 724 χρέωνται
2340 642 2647 723 ἰητροῖσι.

372 742 762 832 προσιόντες
816 733 916 812 ὦν
957 742 1124 832 πρὸς
1171 742 1292 813 τὸν
1337 742 1679 830 κάμνοντα
1733 737 2275 826 συμβουλεύουσι
2332 740 2486 826 περὶ
2536 743 2652 826 τῆς

369 845 649 930 νούσου,
679 854 748 914 εἴ
765 871 865 926 τις
890 849 1004 916 καὶ
1032 843 1233 927 αὐτὸς
1261 851 1526 916 τοιοῦτο
1555 850 1806 927 ἔπαθε,
1848 837 2076 912 ὁκοῖον
2105 848 2239 929 ἔχει
2279 837 2315 910 ὁ
2350 841 2649 930 κάμνων,

370 944 418 1038 ἢ
452 947 659 1018 ἄλλον
687 947 826 1017 εἶδε
858 949 1187 1019 παθόντα.
1255 955 1469 1019 ταῦτα
1500 948 1889 1036 προσιόντες
1927 943 2498 1034 συμβουλεύουσι,
2541 945 2653 1012 καὶ

375 1054 839 1141 παραινέουσι,
882 1050 1054 1122 ἅσσα
1096 1049 1297 1134 αὐτὸς
1347 1049 1629 1140 ποιήσας
1676 1046 1959 1136 ἐξέφυγε
1999 1044 2241 1135 ὁμοίην
2284 1055 2568 1134 νοῦσον,
2615 1041 2654 1135 ἦ

374 1153 583 1225 ἄλλον
614 1154 755 1223 εἶδε
787 1156 1190 1244 ἐκφυγόντα.
1257 1160 1414 1245 σιγῇ
1460 1154 1536 1224 δὲ
1566 1155 2016 1241 παρεξελθεῖν
2054 1148 2175 1220 τὸν
2203 1151 2544 1241 κάμνοντα
2573 1147 2655 1219 οὔ

376 1281 499 1347 σφι
529 1263 761 1342 ἔξεστι,
791 1261 954 1347 πρὶν
982 1254 1068 1329 ἂν
1095 1263 1474 1347 ἐπείρηται,
1516 1254 1754 1346 ἥντινα
1795 1261 2048 1324 νοῦσον
2085 1260 2242 1341 ἔχει.
2314 1257 2535 1343 Ταφαὶ
2578 1256 2657 1323 δέ
2681 1262 2793 1323 198

375 1384 497 1451 σφι
533 1365 607 1432 έν
633 1363 871 1451 μέλιτι,
908 1368 1153 1453 θρῆνοι
1184 1364 1258 1431 δὲ
1289 1359 1741 1451 παραπλήσιοι
1770 1373 1943 1427 τοῖσι
1978 1361 2053 1427 ἐν
2082 1358 2429 1452 Αἰγύπτῳ.
2492 1353 2649 1426 ὁσά-

705 1563 840 1614 Cn’.
878 1564 1146 1615 CXCVII.

445 1657 583 1724 τοὺς
620 1656 943 1731 κάμνοντας
995 1657 1052 1724 ἔς
1097 1659 1204 1733 τὴν
1249 1655 1467 1731 ἀγορὴν

378 1725 742 1801 ἐκφορέουσι]
797 1737 1002 1787 Eadem
1060 1737 1258 1788 Strabo
1316 1738 1467 1787 XVI.

377 1822 507 1872 pag.
559 1806 692 1857 1082
742 1820 787 1857 s,
837 1822 964 1872 pag.
1014 1807 1118 1857 746
1162 1807 1290 1857 Cas.
1341 1805 1465 1857 coll.

376 1875 657 1927 Plutarch.
695 1875 1006 1943 Moral.,11.
1049 1892 1176 1943 pag.
1222 1875 1354 1927 1128
1398 1877 1466 1926 E.

378 1947 463 1996 Ex
500 1945 648 1995 hisce
685 1950 866 1995 autem
914 1946 1074 1997 rudia
1118 1946 1254 1998 artis
1302 1945 1470 1995 medi-

379 2031 478 2065 cae
535 2014 833 2081 primordia
888 2015 1035 2066 haud
1086 2017 1247 2081 pauci
1299 2014 1471 2080 repeti

380 2100 541 2151 posse
589 2084 935 2149 existimant,
983 2101 1118 2150 quos
1166 2086 1339 2136 citant
1382 2084 1473 2135 Al-

381 2154 679 2204 meloveen.
717 2155 788 2205 ad
823 2155 1080 2206 Strabon.
1120 2154 1155 2204 1.
1195 2154 1234 2206 l.
1271 2159 1325 2204 et
1361 2156 1471 2204 Da-

381 2226 482 2274 vis.
523 2224 591 2274 ad
630 2224 850 2274 Maxim.
893 2225 1027 2289 Tyr.
1064 2225 1214 2274 Diss.
1253 2225 1385 2275 XII.
1413 2240 1467 2288 p.

383 2293 503 2344 540.
528 2322 595 2329 —
616 2294 745 2343 Mox
769 2290 1061 2358 χρέωνται,
1098 2293 1243 2359 quod
1282 2308 1469 2343 omnes

384 2363 539 2414 codd.
602 2362 885 2427 exhibent,
938 2363 1158 2413 retinui.
1216 2364 1470 2415 Recentt.

385 2431 509 2483 edd.
547 2429 831 2497 χρέονται.

453 2491 655 2550 ὁκοῖον
708 2495 818 2565 ἔχει
873 2489 903 2550 ὁ
950 2492 1206 2566 κάμνων]
1257 2502 1347 2551 Ita
1391 2516 1473 2552 re·

384 2571 697 2636 scripsimus
722 2586 844 2620 eum
877 2570 1180 2636 Schweigh.
1205 2576 1261 2622 et
1292 2570 1468 2622 Gaisf.

383 2656 479 2704 pro
505 2631 707 2689 ὁκοῖον
744 2628 830 2688 ἂν
859 2635 1002 2705 ἔχοι
1025 2631 1055 2688 ὁ
1084 2632 1333 2704 κάμνων.
1371 2641 1472 2690 Iis-

384 2710 502 2758 dem
540 2709 855 2759 auetoribus
891 2710 1055 2759 etiam
1105 2710 1251 2760 infra
1282 2711 1339 2759 in
1373 2709 1466 2760 fin.

384 2779 583 2843 eapitis
633 2778 828 2842 scripsi
879 2771 988 2843 ἔχει
1033 2795 1132 2843 pro
1181 2774 1297 2845 ἔχῃ,
1348 2794 1470 2844 pro-

382 2847 548 2897 bante
583 2847 832 2897 Wersero
870 2847 925 2896 in
945 2847 1093 2899 Aett.
1126 2848 1335 2915 philon.
1359 2850 1477 2898 Mo-

383 2933 537 2967 nacc.
577 2916 623 2978 Ι,
665 2919 716 2966 2.
754 2932 879 2981 pag.
918 2917 1039 2966 256.

452 2981 548 3035 καὶ
579 2982 954 3048 παραινέουσι
991 2975 1137 3035 ἅσσα
1154 2974 1328 3044 αὐτὸς
1345 2999 1472 3033 ποι-

386 3046 528 3119 ήσας
574 3071 624 3104 κ.
681 3071 727 3104 τ.
781 3053 855 3122 λ.]
904 3056 988 3104 De
1033 3044 1179 3105 ἅσσα
1226 3055 1372 3106 conf.
1425 3054 1472 3116 Ι,

393 3124 509 3175 138.
595 3124 661 3173 In
707 3123 930 3189 reliquis
973 3124 1155 3174 verbis
1207 3125 1471 3175 transitus

386 3198 471 3243 est
509 3210 539 3244 e
574 3193 771 3258 plurali
807 3190 1202 3275 ςπαραινέουσι
1263 3195 1317 3244 in
1364 3194 1474 3242 sin-

386 3263 628 3328 gularem
674 3255 868 3328 (αὖτος
902 3254 1147 3327 ποιήσας
1213 3259 1467 3327 ξέφυγε),

386 3333 578 3383 similis
614 3333 725 3383 fere
764 3349 829 3383 ac
866 3347 1031 3397 supra
1064 3332 1111 3396 1,
1154 3332 1251 3384 195
1290 3333 1409 3382 init.

691 3470 827 3521 CAP.
863 3469 1162 3522 CXCVIII.

462 3568 658 3637 Ταφαὶ
681 3569 744 3621 δέ
780 3586 884 3636 σφι
908 3564 968 3622 ἐν
992 3571 1192 3639 μέλιτι]
1219 3574 1344 3623 Iure
1366 3572 1470 3623 hoc

387 3644 458 3694 ad
477 3642 899 3693 condiendorum
922 3642 1247 3694 cadaverum
1270 3658 1472 3693 morem

387 3728 493 3762 non
546 3711 834 3777 Aegyptiis
894 3711 1055 3775 solis,
1109 3727 1298 3762 verum
1350 3712 1473 3762 aliis

387 3796 601 3847 quoque
647 3787 891 3831 veterum
950 3781 1164 3846 populis
1208 3781 1471 3832 usitatum

386 3851 554 3899 refert
586 3852 773 3914 zoega
805 3851 872 3900 de
909 3851 1163 3901 obeliscc.
1200 3867 1326 3915 pag.
1349 3852 1471 3912 268,

387 3918 649 3970 adiiciens
699 3919 765 3969 de
809 3920 1130 3985 Babyloniis
1183 3920 1470 3970 Strabonis

382 3989 754 4039 testimouium
772 3986 810 4037 l.
836 3988 895 4050 1.,
929 3990 1022 4039 ubi
1050 3990 1183 4039 haec
1211 3988 1469 4054 legimus:

383 4049 675 4106 θάπτουσι
717 4046 778 4105 ἔν
802 4055 978 4120 μέλιτι
1011 4049 1167 4123 κήρῳ
1201 4049 1475 4120 περιπλά-

387 4140 604 4182 σαντες.
676 4127 760 4176 De
806 4127 985 4192 Magis
1033 4143 1098 4176 ac
1147 4127 1332 4177 Persis
1384 4141 1472 4176 su-

383 4210 486 4260 pra
537 4195 771 4245 vidimus
820 4196 891 4245 ad
935 4197 981 4258 1,
1035 4196 1150 4257 140,
1199 4197 1291 4261 qni
1346 4210 1472 4245 cera

384 4263 616 4315 oblitum
650 4263 886 4314 cadaver
931 4266 1191 4314 condunt.
1261 4264 1474 4314 Similia

384 4332 652 4400 quaedam
699 4332 853 4383 addit
896 4334 1108 4398 zoega,
1166 4333 1225 4382 in
1273 4334 1470 4397 quibus

384 4402 781 4453 testimonium‘
816 4401 1152 4453 Beniaminis
1204 4400 1470 4452 Tudelen·

1570 1561 1674 1620 sis,
1713 1560 1805 1625 qui
1842 1560 1899 1611 in
1922 1560 2145 1624 regione
2166 1559 2440 1610 Haoulam
2476 1575 2511 1609 a
2533 1560 2661 1608 Per·

1571 1630 1689 1679 side
1736 1630 1806 1680 ad
1853 1634 2031 1680 ortum
2073 1629 2292 1680 saeculo
2341 1628 2660 1679 duodecimo

1570 1704 1698 1764 post
1742 1699 1870 1749 Chr.
1917 1715 1973 1749 n.
2022 1699 2213 1749 scribit
2261 1704 2503 1748 mortuos
2551 1712 2660 1747 non

1572 1767 1818 1833 sepeliri,
1868 1768 1964 1818 sed
2002 1769 2264 1818 aromatis
2302 1768 2513 1817 condiri
2550 1767 2658 1815 sin-

1574 1837 1918 1903 donibusque
1953 1838 2160 1902 obtegi.
2232 1840 2305 1887 Et
2352 1837 2497 1901 quod
2536 1834 2659 1886 Ale—

1572 1906 1768 1956 xandri
1816 1907 2134 1957 Macedonis
2187 1922 2408 1971 corpus,
2440 1906 2509 1955 ab
2558 1906 2660 1955 Ae—

1576 1976 1781 2041 gyptiis
1823 1976 2222 2041 chaldaeisque
2263 1991 2355 2026 suo
2400 1991 2536 2026 more
2569 1990 2661 2024 cu-

1573 2051 1753 2095 ratum
1799 2051 1988 2096 narrat
2042 2045 2264 2095 Curtius
2305 2045 2394 2109 (X,
2450 2046 2554 2110 10),
2605 2044 2660 2093 id

1575 2116 1669 2165 alii
1736 2115 1896 2165 melle
1955 2121 2233 2166 servatum
2286 2116 2661 2180 prodiderunt.

1575 2186 1811 2235 Causam
1850 2186 2013 2235 moris
2055 2186 2112 2235 in
2159 2199 2223 2235 eo
2269 2186 2504 2249 positam
2551 2200 2663 2234 cre·

1574 2255 1778 2317 dimus,
1828 2256 1975 2320 quod
2020 2270 2191 2319 aeque
2226 2270 2294 2305 ac
2341 2257 2544 2306 Persae
2585 2256 2663 2318 ig-

1572 2340 1695 2374 nem
1753 2324 2082 2375 cadaverum
2134 2325 2353 2375 ustione
2399 2325 2663 2376 contami-

1572 2395 1695 2444 nari
1728 2393 2037 2444 noluerunt.
2114 2396 2295 2457 Quare
2332 2394 2540 2445 loculos
2577 2408 2661 2443 os·

1573 2464 1725 2513 sibus
1774 2463 2039 2528 repletos,
2100 2479 2164 2513 eo
2215 2463 2338 2514 loco
2388 2466 2660 2524 inventos,

1573 2533 1666 2582 nbi
1712 2533 1865 2596 regia
1907 2532 2335 2596 Babyloniorum
2382 2549 2479 2583 arx
2533 2533 2661 2582 fuis-

1573 2617 1633 2651 se
1696 2606 1974 2664 censetur,
2049 2602 2122 2650 ad
2178 2601 2514 2666 Babylonios
2571 2615 2661 2650 ve-

1571 2674 1714 2721 teres
1761 2671 1931 2720 refert
1988 2670 2304 2720 Muenterus
2361 2671 2399 2723 l.
2445 2671 2482 2720 l.
2528 2685 2655 2735 pag.

1572 2742 1660 2790 77.
1744 2740 1808 2790 Id
1863 2754 2029 2789 unum
2087 2739 2483 2790 dubitationem
2549 2755 2660 2789 mo·

1574 2824 1734 2872 vere,
1817 2809 1964 2873 quod
2021 2808 2076 2857 in
2139 2810 2508 2873 superioribus
2570 2824 2661 2859 ae—

1578 2879 1723 2929 dium
1777 2878 2280 2944 contignationibus
2328 2878 2492 2930 loculi
2548 2879 2661 2929 fue·

1575 2949 1688 2998 rint
1722 2949 1946 3012 reperti.
2019 2948 2129 2998 Sed
2166 2948 2297 3010 (nisi
2344 2951 2562 3000 omnino
2602 2948 2658 2997 hi

1573 3017 1739 3068 loculi
1774 3017 1845 3067 ad
1891 3018 2147 3068 seriorem
2193 3020 2466 3083 pertinent
2512 3024 2662 3069 aeta-

1572 3085 1713 3151 tem)
1761 3092 1981 3153 poterat
2024 3088 2216 3152 utique
2271 3090 2435 3140 moris
2481 3089 2659 3154 Baby-

1572 3156 1739 3207 lonici
1790 3172 1939 3220 esse,
2004 3161 2066 3207 ut
2132 3173 2294 3222 quam
2351 3158 2659 3209 diutissime

1574 3232 1905 3277 mortuorum
1941 3225 2210 3277 cadavera
2254 3244 2437 3279 secum
2478 3229 2535 3277 in
2571 3244 2659 3278 ae·

1575 3295 1734 3345 dibus
1768 3298 2003 3347 retinere
2039 3297 2378 3359 studuerint,
2425 3297 2658 3363 indeque

1575 3366 1739 3415 etiam
1763 3382 1892 3416 cera
1926 3371 2023 3416 aut
2057 3364 2234 3428 melle,
2270 3382 2376 3430 quo
2412 3365 2508 3416 illa
2530 3382 2656 3416 con-

1575 3439 1857 3484 servarent
1887 3433 2111 3496 diutius,
2145 3435 2470 3485 condierint.
2531 3434 2656 3484 Alia

1572 3518 1711 3553 vasa
1767 3504 1959 3553 iisdem
2018 3504 2182 3552 ferme
2238 3504 2294 3552 in
2341 3503 2654 3567 regionibus

1574 3574 1793 3622 detecta
1845 3577 1901 3621 et
1954 3572 2204 3621 humanis
2249 3573 2466 3622 ossibus
2510 3572 2654 3622 haud

1575 3641 1873 3692 combustis
1928 3640 2136 3704 repleta
2183 3639 2253 3690 ad
2311 3641 2510 3692 Persas
2572 3656 2656 3690 re-

1574 3711 1715 3760 ferre
1748 3708 1955 3759 mavult
1988 3709 2306 3759 Muenterus
2329 3709 2367 3760 l.
2393 3709 2431 3760 1.
2495 3709 2656 3760 Conf.

1573 3780 1619 3842 Ι,
1670 3780 1771 3830 140
1816 3779 1947 3842 ibiq.
1998 3783 2116 3828 not.
2172 3780 2440 3844 Equidem
2491 3794 2655 3829 unum

1573 3848 1722 3898 istud
1758 3848 1918 3910 addo,
1954 3851 2166 3898 veteres
2185 3847 2342 3899 melle
2364 3848 2656 3911 cadavera,

1574 3933 1713 3982 quae
1752 3917 1958 3969 servari
2001 3916 2300 3980 voluerint,
2351 3919 2655 3980 condiisse3

1574 3988 1720 4052 quod
1763 3985 2008 4052 Agesilai
2044 3987 2342 4052 exemplum
2386 4004 2657 4039 common·

1575 4061 1734 4106 strat.
1798 4057 1968 4118 Quem
1992 4061 2260 4106 mortuum
2285 4073 2411 4107 cera
2432 4059 2658 4108 eircum-

1574 4125 1852 4187 fuderunt,
1871 4126 2056 4189 „quod
2079 4125 2181 4175 mel
2198 4141 2308 4175 non
2325 4126 2658 4190 habebant,“

1572 4199 1635 4244 ut
1671 4195 1861 4244 scribit
1896 4194 2177 4245 Cornelius
2214 4196 2396 4270 Nepos
2428 4198 2482 4245 in
2519 4196 2659 4260 Age-

1574 4263 1659 4314 sil.
1707 4264 1760 4314 8.
1807 4263 1856 4325 5.
1908 4265 1959 4326 7,
2008 4264 2101 4313 ubi
2152 4263 2263 4314 vid.
2322 4266 2449 4316 Bos.
2532 4264 2659 4315 Alia

1575 4332 1730 4382 dabit
1774 4332 2026 4390 Creuzer.
2078 4333 2135 4381 in
2172 4332 2498 4385 Commentt.
2546 4334 2656 4383 He-

1572 4399 1728 4452 rodd.
1766 4414 1892 4467 pag.
1932 4400 2055 4453 362.
