3109 5092
472 370 582 417 ΧΠ

474 521 629 587 dum
643 570 663 606 ,
723 543 851 610 quo
894 520 999 598 vel
1046 523 1310 608 singula
1346 526 1689 612 scriptoris
1733 526 1940 594 verba
1982 548 2061 591 ac
2104 529 2469 594 sententiae
2512 529 2619 596 vel
2659 533 2754 618 ip—

473 661 587 705 sae
630 661 738 705 res
782 640 1063 704 traditae
1098 638 1376 705 clariore
1419 643 1487 707 in
1533 642 1681 709 luce
1722 644 2227 730 collocarentur,
2283 645 2578 735 fidesque
2622 647 2753 713 He-

470 756 686 824 rodoti
740 758 1089 844 insigniter
1141 758 1657 828 confirmaretur.
1746 762 1828 828 Id
1868 773 2046 829 certe
2093 766 2163 830 in
2204 764 2327 830 hac
2369 763 2579 830 altera
2617 764 2751 830 edi-

471 877 650 943 tione
710 897 815 941 me
880 885 1177 942 secutum
1250 899 1397 943 esse
1458 880 1797 967 profiteor:
1866 905 2023 948 num
2087 891 2425 948 assecutus
2496 885 2624 949 sim
2680 886 2749 949 in

468 1004 658 1060 tanta
708 994 924 1081 operis
993 1015 1035 1058 a
1082 1017 1189 1059 me
1247 1000 1537 1084 suscepti
1592 998 1763 1064 mole
1827 1009 2137 1089 tantaque
2186 1003 2476 1066 omnium
2529 1024 2746 1068 rerum

468 1114 791 1180 varietate
848 1122 933 1215 et·
959 1113 1383 1199 difficultate,
1438 1115 1554 1182 alii
1597 1118 1991 1204 diiudicent,
2056 1120 2169 1207 qui
2209 1127 2525 1207 quantum
2568 1118 2745 1185 labo-

466 1232 592 1315 ris,
641 1240 958 1320 quantum
1012 1232 1349 1298 molestiae
1406 1235 1477 1298 in
1521 1234 1626 1301 his
1682 1237 2163 1303 exanclandum
2207 1237 2410 1303 fuerit
2425 1286 2444 1321 ‚
2501 1246 2748 1325 quanta

469 1372 660 1435 cura,
712 1359 958 1437 quanta
987 1352 1203 1416 cautio
1246 1351 1318 1416 in
1346 1351 1650 1418 omnibus
1686 1354 2093 1441 adhibenda,
2138 1357 2298 1421 satis
2328 1364 2743 1444 perspectum

426 1514 431 1521 -
469 1471 816 1537 habuerint
857 1480 971 1534 aut
1010 1470 1137 1557 ipsi
1182 1468 1346 1534 adeo
1390 1471 1647 1557 experti
1691 1474 1839 1539 sint.

638 1587 1089 1654 Emendandis
1145 1586 1634 1675 typothetarum
1697 1589 2030 1658 erroribus
2086 1591 2422 1677 egregiam
2476 1611 2741 1679 operam

465 1708 739 1775 navavit
800 1711 1087 1785 Geor-aius
1139 1710 1469 1772 Aenotheus
1531 1712 1600 1775 K
1591 1713 1701 1775 och
1716 1759 1730 1787 ‚
1786 1711 1890 1775 vir
1964 1708 2384 1775 doctissimus
2452 1709 2741 1798 mihique

466 1825 1071 1892 coniunctissimus:
1140 1824 1327 1889 cuius
1394 1824 1808 1911 diligentiam
1888 1828 1947 1891 si
2024 1846 2190 1914 quae
2260 1827 2631 1914 effugerunt
2654 1827 2739 1912 ³⁸),

465 1945 536 2010 id
570 1966 718 2010 mea
755 1945 975 2032 potius
1018 1940 1423 2028 negligentia
1465 1944 1608 2009 sive
1651 1946 1907 2011 incuria
1950 1944 2199 2009 factum
2243 1967 2387 2012 esse
2431 1946 2616 2011 scito.

633 2065 735 2128 Ac
778 2062 1060 2149 denique
1101 2082 1184 2126 ne
1226 2061 1388 2149 quid
1431 2064 1650 2149 operis
1696 2063 2028 2151 splendori
2066 2064 2359 2147 deesset,
2405 2063 2734 2129 redemtor

463 2180 964 2247 honestissimus
1019 2198 1098 2241 ac
1156 2177 1237 2242 de
1291 2176 1499 2246 literis
1568 2186 1810 2249 nostris
1866 2183 2326 2248 meritissimus
2382 2182 2549 2247 nihil
2602 2204 2737 2248 non

464 2300 625 2366 fecit
639 2348 658 2383 ,
712 2320 842 2385 quo
892 2306 1198 2384 typorum
1240 2302 1645 2384 praestantia
1682 2307 1948 2388 totoque
1993 2309 2264 2366 externo
2308 2299 2541 2365 habitu
2576 2299 2738 2364 haec

463 2440 534 2483 se
587 2415 1072 2483 commendaret
1120 2414 1352 2499 editio,
1424 2417 1746 2485 instructa
1812 2427 2154 2507 praeterea
2217 2424 2282 2481 et
2335 2417 2734 2503 imaginibus

459 2536 643 2620 ligno
707 2533 935 2607 incisis
994 2555 1211 2599 rerum
1277 2533 1362 2599 ab
1417 2534 1755 2603 Herodoto
1807 2538 2198 2602 traditarum
2248 2542 2313 2599 et
2358 2533 2736 2600 delineatio-

461 2654 656 2720 nibus
714 2651 1001 2718 locorum
1062 2662 1128 2719 et
1190 2654 1531 2738 regionum
1584 2654 1668 2719 ab
1709 2654 2024 2720 historiae
2078 2663 2266 2742 patre
2313 2653 2740 2740 perlustrata-

459 2795 626 2838 rum.
732 2770 1111 2837 Scribebam
1172 2770 1658 2857 Heidelbergae
1723 2782 2006 2838 exeunte
2065 2793 2271 2837 mens.
2366 2771 2730 2860 Septembr.

459 2888 918 2956 MDOOCLV.

597 3213 652 3280 *)
690 3214 871 3265 Huius
908 3215 1122 3278 generis
1169 3213 1282 3263 fere
1333 3218 1461 3264 sunt
1494 3212 1663 3264 haec:
1717 3230 1769 3279 p.
1815 3213 1913 3264 198
1963 3213 2078 3265 001.
2120 3215 2196 3266 11.
2233 3214 2331 3267 lin.
2362 3215 2430 3267 29
2469 3230 2568 3281 pro
2607 3213 2732 3265 ella·-

456 3315 642 3352 corum
673 3300 778 3365 leg.
819 3288 1156 3350 ethnicorum.
1208 3326 1274 3335 —
1322 3314 1374 3365 p.
1414 3298 1513 3351 201
1552 3298 1669 3350 001.
1709 3300 1785 3352 11.
1822 3297 1917 3350 lin.
1955 3300 2023 3351 30
2059 3316 2158 3365 pro
2197 3317 2328 3367 quae
2361 3300 2465 3364 leg.
2505 3315 2606 3365 qua
2654 3326 2721 3334 —

455 3402 509 3452 p.
550 3385 654 3437 208
690 3384 807 3436 001.
836 3385 884 3436 1.
912 3385 1007 3436 lin.
1036 3385 1104 3437 36
1127 3401 1227 3452 pro
1253 3386 1499 3437 invenire
1533 3385 1639 3452 leg.
1680 3388 1924 3439 inveniri.
1965 3413 2030 3423 —
2067 3402 2122 3452 p.
2148 3387 2250 3439 353
2277 3384 2393 3437 Col.
2423 3386 2499 3437 11.
2528 3383 2626 3436 lin.
2655 3384 2719 3435 21

456 3489 557 3539 pro
588 3488 658 3523 ea:
694 3471 876 3523 Schol.
917 3470 1146 3523 Theocr.
1187 3471 1290 3538 leg.
1330 3481 1382 3523 et
1416 3470 1597 3523 Schol.
1638 3472 1868 3524 Theocr.
1909 3500 1975 3510 —
2011 3489 2064 3539 p.
2106 3476 2208 3524 444
2249 3471 2363 3523 001.
2409 3472 2484 3523 Π.
2523 3472 2620 3522 lin.
2660 3471 2728 3523 36

455 3576 554 3627 pro
583 3560 775 3627 optime
806 3559 911 3626 leg.
938 3558 1136 3624 optimi.
1183 3585 1250 3595 —
1285 3575 1339 3626 p.
1378 3557 1479 3610 523
1517 3557 1634 3608 Col.
1669 3559 1716 3610 1.
1741 3558 1836 3610 lin.
1871 3558 1936 3610 41
1976 3575 2075 3625 pro
2102 3558 2321 3611 Chr-ubis
2349 3558 2452 3624 leg.
2482 3558 2724 3610 Gknubis.

456 3674 523 3684 —
575 3664 629 3713 p.
670 3646 767 3698 541
810 3645 927 3697 001.
967 3647 1042 3698 ΙΙ.
1086 3646 1180 3697 lin.
1217 3646 1284 3698 33
1320 3661 1419 3711 pro
1453 3645 1663 3696 Graeca
1696 3644 1801 3713 leg.
1844 3644 2086 3697 Graecia.
2141 3671 2206 3681 —
2258 3660 2313 3709 p.
2346 3645 2450 3696 616
2490 3643 2606 3696 001.
2647 3645 2724 3696 11.

454 3733 552 3784 lin.
581 3734 648 3784 25
676 3748 775 3798 pro
812 3748 906 3783 eas
928 3731 1031 3798 103.
1053 3748 1142 3783 cos
1161 3737 1222 3799 ,et
1238 3731 1335 3781 lin.
1361 3731 1430 3781 45
1450 3747 1550 3796 pro
1584 3733 1895 3799 septaginta
1919 3731 2024 3798 103.
2058 3732 2418 3796 septuaginta.
2449 3758 2514 3767 —-
2543 3748 2596 3798 p.
2623 3730 2727 3781 740

457 3818 574 3869 001.
614 3819 690 3869 11.
728 3817 823 3868 lin.
865 3817 897 3869 3
934 3834 1033 3883 pro
1073 3808 1305 3868 ἐνεῖναι
1339 3815 1445 3882 103.
1483 3810 1743 3869 ἐπεῖναι.
1780 3844 1846 3854 -
1881 3833 1936 3884 p.
1976 3817 2080 3869 753
2118 3815 2234 3868 col.
2273 3816 2348 3866 11.
2387 3815 2483 3865 lin.
2526 3814 2591 3865 16
2627 3830 2725 3881 pro

456 3921 528 3957 σω
559 3898 759 3970 ἠθέων
793 3902 896 3968 103.
939 3892 995 3963 ἐξ
1033 3892 1247 3966 ἠθέων.
1300 3929 1366 3938 -
1412 3918 1466 3968 p.
1503 3903 1607 3954 760
1655 3903 1771 3955 001.
1809 3906 1854 3957 Ι.
1890 3905 1988 3955 lin.
2024 3904 2093 3955 45
2130 3919 2230 3970 pro
2275 3900 2584 3968 Thyphonis
2619 3900 2722 3965 leg.

459 3991 755 4059 Typhonis.
795 4015 861 4025 —
898 4003 951 4052 p.
978 3986 1080 4038 768
1117 3986 1232 4037 001.
1258 3987 1333 4038 11.
1371 3987 1468 4038 lin.
1496 3987 1565 4041 36
1603 4005 1702 4055 pro
1736 3998 2077 4058 opponunter
2111 3989 2217 4056 leg.
2260 3997 2616 4054 opponuntur.
2656 4014 2723 4022 —

456 4093 509 4142 p.
547 4076 646 4128 781
686 4073 802 4126 001.
842 4073 919 4125 11.
956 4071 1052 4122 lin.
1090 4073 1158 4123 45
1202 4088 1302 4137 pro
1346 4074 1527 4125 Vorke
1562 4075 1668 4142 leg.
1709 4075 1912 4127 For-ke.
