3109 5092
1202 368 1455 430 CLIO.
1500 369 1553 428 I.
1597 378 1721 433 191.

2468 371 2584 434 381

316 567 514 630 μενος
542 539 621 610 δὲ
646 542 757 611 ἐπὶ
782 539 910 632 τὴν
929 547 1197 631 λίμνην,
1224 540 1309 610 τά
1349 567 1476 631 περ
1518 536 1562 630 ἦ
1599 545 1738 611 τῶν
1777 549 2246 631 Βαβυλωνίων
2281 551 2593 633 βασίλεια

318 648 588 733 ἐποίησε
619 643 788 714 κατά
825 671 898 714 τε
940 643 1058 715 τὸν
1088 643 1387 734 ποταμὸν
1422 647 1533 715 καὶ
1563 642 1730 713 κατὰ
1758 643 1885 735 τὴν
1911 654 2176 736 λίμνην,
2216 651 2438 718 ἐποίεε
2479 651 2592 718 καὶ

317 743 352 818 ὅ
380 753 607 837 Κῦρος
642 752 839 838 ἕτερα
877 754 1176 820 τοιαῦτα.
1242 746 1363 818 τὸν
1400 746 1531 837 γὰρ
1572 747 1875 837 ποταμὸν
1911 750 2193 839 διώρυχι
2239 750 2594 839 ἐσαγαγὼν

318 855 383 931 ἐς
408 849 534 940 τὴν
564 860 812 941 λίμνην
841 854 1087 922 έοῦσαν
1111 856 1295 938 ἕλος,
1322 848 1398 922 τὸ
1423 849 1702 940 ἀρχαῖον
1732 854 2021 942 ῥέεθρον
2050 853 2375 944 διαβατὸν
2415 853 2592 924 εἶναι

318 957 587 1043 ἐποίησε
601 1007 621 1040 ,
664 953 1246 1046 ὑπονοστήσαντος
1286 960 1409 1025 τοῦ
1447 960 1772 1045 ποταμοῦ.
1837 961 2207 1047 γενομένου
2237 960 2311 1029 δὲ
2347 958 2594 1028 τούτου

316 1058 648 1146 τοιούτου,
683 1063 755 1128 οἰ
786 1061 1067 1149 Πέρσαι,
1103 1065 1295 1149 οἵπερ
1323 1058 1671 1148 ἐτετάχατο
1708 1055 1817 1130 ἐπ’
1860 1058 2044 1155 αὐτῷ
2072 1062 2290 1156 τούτῳ
2317 1059 2488 1131 κατὰ
2521 1059 2595 1130 τὸ

320 1165 613 1252 ῥέεθρον
637 1168 761 1232 τοῦ
787 1159 1169 1253 Εὐφρήτεω
1200 1168 1501 1252 ποταμοῦ
1534 1158 2150 1253 ὑπονενοστηκότος
2175 1163 2375 1254 ἀνδρὶ
2407 1162 2498 1245 ὣς
2527 1168 2594 1245 ές

317 1267 525 1353 μέσον
550 1263 768 1355 μηρὸν
786 1265 1072 1355 μάλιστά
1101 1295 1209 1356 κη,
1243 1263 1409 1337 κατὰ
1426 1270 1626 1336 τοῦτο
1654 1266 1937 1358 ἐσῄεσαν
1962 1271 2028 1349 ἐς
2048 1266 2172 1359 τὴν
2191 1274 2593 1357 Βαβυλῶνα.

318 1375 408 1437 Εἰ
433 1371 560 1457 μέν
585 1398 719 1441 νυν
752 1370 1259 1461 προεπύθοντο,
1303 1364 1345 1459 ἢ
1387 1375 1651 1460 ἔμαθον
1680 1377 1751 1442 οἱ
1772 1370 2198 1460 Βαβυλώνιοι
2238 1369 2314 1441 τὸ
2355 1374 2430 1442 ἐκ
2475 1375 2597 1440 τοῦ

318 1560 383 1618 τὸ
430 1560 813 1651 φαυλότατον.
879 1573 964 1622 De
1009 1572 1414 1638 significatione

321 1644 378 1689 et
408 1655 513 1690 usu
538 1641 694 1690 vocis
716 1632 943 1706 ἆχρειος
971 1648 1228 1693 accurate
1251 1657 1414 1708 quae-

317 1709 452 1758 sivit
495 1709 636 1759 Lud.
685 1710 1047 1762 Doederlinus
1092 1713 1413 1763 Lectionum

322 1780 736 1829 Homer-icarum
783 1781 1116 1861 Specim31.
1163 1781 1410 1847 (Erlang.

324 1849 479 1912 1827)
538 1864 665 1913 pag.
724 1850 758 1899 6
811 1865 928 1916 seq.
991 1842 1219 1914 ἆχρειος
1272 1852 1413 1901 enim

319 1915 551 1983 (inutilis)
588 1923 772 1968 monet
795 1919 863 1971 de
888 1920 1259 1971 animantibus
1283 1921 1411 1984 dici,

317 2003 389 2037 ac
444 1988 673 2052 primum
729 1989 796 2039 de
861 2005 1085 2054 corpore
1140 1990 1211 2041 ad
1272 2005 1408 2055 opus

316 2056 603 2121 quodlibet
654 2058 863 2121 inutili,
930 2060 1009 2109 ita
1058 2066 1120 2111 ut
1162 2060 1410 2110 imbecilli-

317 2134 472 2176 tatem
517 2127 724 2177 indicet
770 2144 955 2179 eorum
1004 2130 1264 2192 maxime,
1316 2130 1409 2196 qui

315 2194 549 2246 militiae
594 2196 911 2248 tolerandae
959 2200 1046 2248 vel
1085 2200 1250 2249 armis
1298 2205 1407 2249 tra·

314 2266 538 2316 ctandis
583 2267 819 2331 impares
867 2268 999 2319 sint.
1084 2269 1194 2320 Ubi
1230 2269 1407 2320 nostri

314 2336 427 2386 loci
482 2352 592 2386 non
645 2337 850 2387 oblitus
910 2342 996 2388 est
1053 2339 1138 2388 vir
1190 2339 1405 2389 doctus.

316 2436 391 2445 --
424 2405 512 2456 Ad
548 2402 711 2468 ἕτερα
741 2403 980 2456 τοιαῦτα
1026 2409 1174 2460 conf.
1209 2409 1268 2471 Ι,
1309 2408 1408 2459 120

319 2476 506 2541 ibique
542 2480 683 2526 nott.

390 2568 683 2644 ἐσαγαγών
717 2569 771 2636 ἒς
813 2570 919 2643 τὴν
942 2577 1164 2660 λίμνην
1200 2571 1409 2631 έοῦσαν

322 2643 472 2728 ἕλος]
510 2648 653 2698 Olim
687 2641 1030 2714 εἰσαγαγών,
1080 2651 1176 2701 sed
1214 2642 1409 2715 ἐσαγα-

318 2712 438 2782 γών
462 2718 586 2767 libri
610 2718 800 2783 scripti
829 2688 1272 2784 suppeditabant.
1324 2721 1410 2770 Ad

320 2794 699 2853 argumentum
721 2788 1115 2854 Wesselingius
1141 2790 1307 2840 refert
1327 2790 1410 2839 Ie-

322 2857 527 2907 remiae
563 2857 742 2908 locum
775 2858 871 2922 LI,
901 2858 985 2920 32,
1024 2860 1117 2908 ubi
1153 2858 1416 2910 nonnulla

324 2927 549 2976 Grotius
580 2932 635 2976 et
655 2927 843 2992 Camp.
868 2927 1123 2993 Vitringa
1143 2929 1410 2981 Observv.

323 2996 507 3045 Sacrr.
546 2996 641 3059 VI,
670 2998 720 3047 5.
757 3012 812 3061 p.
835 2995 959 3058 298,
997 2998 1262 3048 Gesenius
1296 2999 1413 3064 (cu-

324 3064 409 3115 ius
446 3064 627 3115 locum
665 3065 958 3131 adscripsit
989 3067 1115 3128 οη,
1161 3068 1216 3117 in
1255 3068 1413 3118 Com-

325 3138 522 3186 mentt.
558 3135 629 3185 ad
663 3135 768 3187 Ies.
807 3141 849 3186 t.
880 3136 957 3186 11.
985 3153 1038 3201 p.
1070 3137 1160 3200 88)
1197 3138 1413 3188 Iesaiae

322 3203 503 3254 locum
538 3204 743 3267 XLIV,
792 3206 889 3268 27,
928 3205 1022 3255 ubi
1066 3207 1180 3258 vid.
1252 3206 1411 3270 Quod

324 3289 455 3323 vero
513 3273 801 3324 discrimen
846 3274 1243 3341 Wesselingius
1302 3282 1412 3326 sta-

322 3343 432 3392 tuit
470 3343 611 3392 inter
643 3340 851 3407 λίμνην
890 3348 946 3394 et
980 3339 1133 3408 ἕλος,
1184 3361 1408 3411 quorum

322 3410 429 3461 hoc
468 3412 542 3461 sit
569 3419 794 3476 stagnum
828 3421 974 3463 terra
1009 3416 1226 3480 undeque
1256 3417 1410 3465 inclu-

322 3496 428 3530 sum
466 3489 517 3531 et
557 3483 700 3531 exitu
734 3499 979 3547 aquarum
1013 3500 1222 3548 eorem,
1279 3484 1411 3533 illud

316 3552 601 3614 p111u8,in
651 3567 796 3615 quam
832 3560 923 3603 aut
950 3554 1131 3618 fluvius
1164 3557 1410 3612 incurrat,

325 3628 415 3669 aue
450 3620 600 3670 dueta
630 3620 780 3682 fossa
828 3637 934 3671 cum
969 3638 1033 3673 ea
1068 3624 1413 3688 eonimryatur,

323 3696 478 3752 atque
511 3692 686 3739 iterim
708 3698 865 3741 eaeeat
886 3694 965 3757 (v,
992 3708 1039 3743 c.
1072 3694 1115 3755 Ι,
1143 3692 1257 3743 104.
1294 3692 1408 3745 185.

324 3757 456 3821 VII,
494 3757 636 3824 109),
672 3758 819 3809 haud
853 3760 965 3812 tale
1000 3766 1110 3826 est,
1149 3762 1295 3828 quod
1326 3778 1412 3813 us·

326 3842 649 3893 quequaque
711 3830 932 3893 probari
995 3832 1188 3896 possit.
1297 3833 1411 3883 Nec

327 3896 505 3961 ipsum
540 3897 685 3963 fugit
707 3899 883 3950 virum
916 3901 1162 3962 doctum;
1204 3901 1279 3952 cf.
1304 3903 1413 3952 He-

328 3966 448 4016 rod.
485 3967 531 4029 1,
570 3968 693 4018 202.
742 3969 839 4033 IV,
877 3972 938 4021 51
982 3969 1105 4022 coll.
1149 3938 1411 4023 ’Eustatln

327 4035 401 4085 ad
432 4036 522 4087 Ili.
556 4052 626 4100 v,
664 4038 787 4091 220.

397 4128 934 4220 ὑπονενοστηκότος
981 4130 1160 4220 ἀνδρὶ
1226 4131 1302 4198 ὡς
1359 4131 1414 4199 ἐς

324 4205 503 4271 μέσον
538 4201 725 4275 μηρὸν
757 4200 995 4273 μάλιστά
1029 4209 1124 4275 κη]
1174 4211 1212 4261 i.
1246 4225 1294 4261 e.
1330 4212 1417 4276 qm·

327 4276 393 4340 (fl
396 4278 578 4342 uvius)
623 4293 891 4343 regressus
933 4287 1050 4330 erae
1093 4296 1139 4330 s.
1179 4280 1415 4330 decreve-

324 4354 414 4395 rat
458 4362 564 4396 eum
608 4350 658 4399 in
702 4349 917 4411 modum,
972 4356 1028 4399 m
1069 4350 1178 4398 viro
1211 4349 1416 4399 medium

320 4415 492 4478 semm-
512 4419 601 4468 υἷα*
622 4419 907 4481 auinqeree.
960 4415 1119 4479 Quod
1144 4416 1274 4467 olim
1301 4417 1417 4468 vul-

1515 1576 1705 1657 gutum
1742 1577 1859 1622 erat
1897 1562 2177 1636 ἀνδρείως
2220 1571 2341 1637 (pro
2383 1562 2598 1638 ἀνδρὶ),

1514 1644 1643 1691 iam
1662 1640 1863 1692 dudum
1899 1643 2160 1692 reiectum
2195 1647 2297 1692 est.

1584 1702 1727 1760 κατὰ
1761 1708 1932 1761 τοῦτο
1972 1702 2210 1778 ἐσῄεσαν
2257 1702 2312 1768 ἐς
2344 1702 2453 1776 τὴν
2491 1712 2599 1761 Βα-

1515 1777 1766 1847 βυλῶνα]
1833 1780 1916 1830 Ab
1970 1795 2036 1830 ea
2075 1780 2375 1846 Babylonis
2423 1786 2598 1845 parte,

1516 1864 1657 1915 quae
1693 1849 1763 1898 ad
1794 1850 2184 1900 occidentalem
2204 1849 2500 1914 Euphratis
2532 1850 2601 1897 ri-

1512 1935 1641 1984 pam
1664 1921 2087 1984 septentrionem
2112 1935 2304 1970 versus
2329 1921 2439 1969 sita
2463 1923 2599 1982 erat,

1510 1991 1709 2040 Persas
1747 1990 2024 2054 ingressos
2064 2004 2186 2040 esse
2226 1988 2387 2040 docet
2420 1990 2600 2040 Ritter

1510 2058 1809 2110 Erdkunde
1845 2059 1941 2110 XI.
1985 2075 2040 2124 p.
2075 2059 2200 2111 897.
2235 2089 2306 2098 —-
2349 2060 2415 2108 In
2451 2063 2600 2108 ante·

1511 2128 1828 2179 cedentibus
1862 2130 1933 2179 ad
1965 2129 2135 2180 verba
2158 2119 2260 2178 ἐπ’
2293 2121 2452 2196 αὐτῷ
2470 2119 2602 2178 τού-

1509 2213 1588 2266 τῳ
1641 2198 1787 2248 cons.
1837 2198 1957 2262 111,
2011 2200 2079 2252 95
2125 2199 2338 2266 (ibique
2383 2179 2597 2263 allata).

1579 2332 1634 2387 εἰ
1663 2333 1767 2402 μέν
1803 2351 1912 2385 νυν
1945 2327 2448 2417 προεπύθοντο-
2465 2326 2598 2385 οὐδ’

1508 2422 1612 2471 αν,
1675 2397 2032 2486 περιϊδόντες
2077 2399 2215 2463 τοὺς
2263 2401 2487 2486 Πέρσας
2530 2437 2600 2446 —

1507 2473 1853 2540 διέφθειραν
1891 2468 2146 2542 κάκιστα]
2188 2465 2316 2525 ουδ’
2345 2491 2418 2527 αν
2455 2475 2602 2526 dedi-

1510 2562 1630 2596 mus
1667 2560 1789 2595 cum
1813 2545 2123 2596 Gaisfordio
2157 2544 2418 2598 librorum
2446 2551 2600 2595 vetu-

1512 2620 1719 2665 storum
1769 2616 1944 2666 iussu.
2027 2616 2167 2665 Nam
2205 2616 2353 2678 quod
2385 2618 2442 2666 in
2479 2616 2599 2679 qui-

1511 2685 1742 2735 busdam
1789 2683 1988 2749 legitur
2025 2675 2094 2732 οὖ
2154 2680 2295 2750 μὰν,
2349 2685 2600 2751 quodque

1512 2753 1879 2818 Wesselingio
1916 2754 2127 2834 arrisit,
2179 2758 2403 2821 antiquo
2451 2768 2600 2803 more

1516 2823 1720 2874 dictum
1746 2838 1843 2887 pro
1867 2815 1938 2873 οὗ
1971 2816 2115 2888 μὴν,
2155 2825 2211 2875 id
2231 2826 2301 2875 ab
2331 2825 2433 2875 hoc
2458 2824 2598 2905 loco,

1515 2893 1610 2942 ubi
1664 2894 1976 2943 necessaria
2036 2899 2121 2943 est
2178 2894 2449 2959 particula
2504 2885 2598 2956 ἄν,

1514 2963 1751 3012 alienum
1786 2977 1906 3012 esse
1943 2978 2099 3012 nemo
2122 2980 2231 3013 ιιοιι
2255 2964 2424 3015 videt.
2495 2965 2600 3014 Ne-

1516 3048 1622 3097 que
1666 3037 1954 3097 propterea
1986 3033 2330 3097 probaverim
2364 3025 2470 3083 οὖιι
2505 3049 2598 3094 αν,

1514 3101 1660 3167 quod
1705 3118 1735 3152 e
1781 3117 1927 3153 mera
1973 3104 2289 3154 coniectura
2333 3105 2390 3154 in
2422 3102 2601 3154 Reizii

1515 3177 1572 3221 et
1605 3171 2045 3237 Schweighaeus.
2080 3173 2344 3226 editiones
2382 3174 2600 3223 transiit

1512 3245 1681 3306 atque
1738 3257 1772 3291 a
1828 3242 2113 3293 Dindorfio
2171 3247 2439 3294 retentum
2494 3246 2596 3292 est.

1511 3310 1742 3361 Videtur
1778 3312 1918 3361 enim
1950 3303 2086 3362 οὐδὲ
2119 3312 2208 3363 bic
2243 3314 2500 3378 positum,
2536 3315 2599 3360 ut

1512 3380 1708 3430 fortius
1767 3385 1958 3445 neget,
2017 3397 2178 3457 quam
2230 3381 2458 3446 simplex
2507 3395 2598 3429 ne-

1513 3450 1680 3514 gandi
1716 3450 1989 3513 particula
2023 3443 2158 3513 οὐκ,
2210 3450 2443 3515 indeque
2479 3464 2598 3499 ver-

1511 3519 1763 3569 tendum:
1813 3521 2026 3582 minime,
2065 3535 2395 3584 nequaquam.
2465 3519 2597 3568 Per-

1512 3589 1713 3638 tinebit
1757 3602 1916 3650 vero,
1978 3603 2152 3653 aeque
2206 3605 2271 3638 ac
2328 3586 2598 3653 particula

1514 3671 1606 3721 αν,
1631 3672 1741 3706 ιιοιι
1762 3657 1941 3708 minus
1969 3657 2041 3707 ad
2057 3648 2414 3721 περιϊδόντες
2434 3671 2596 3722 quam

1512 3726 1585 3776 ad
1591 3694 1992 3788 διέφθειραν,
2039 3725 2183 3791 quod
2219 3725 2286 3776 de
2328 3725 2599 3790 particula

1509 3810 1585 3844 αν
1630 3795 1770 3845 bene
1819 3794 1960 3843 vidit
2008 3794 2284 3845 Werferus
2341 3797 2396 3845 in
2444 3797 2594 3845 Actt.

1511 3863 1719 3932 pbiloll.
1754 3864 2003 3915 Monacc.
2041 3864 2093 3926 1,
2125 3865 2179 3916 2.
2215 3880 2343 3930 pag.
2371 3864 2502 3927 249,
2540 3866 2596 3914 ἱιι

1513 3949 1578 3984 eo
1628 3937 1841 4015 tamen,
1898 3934 2116 3998 opinor,
2176 3934 2391 3998 lapsus,
2452 3935 2598 3997 quod
2696 3957 2706 3968 ·

1513 3994 1582 4052 οὐ
1638 3993 1689 4050 δ’
1735 4018 1808 4054 αν
1864 4001 2143 4053 distractis
2197 4003 2368 4054 literis
2430 4003 2597 4053 scribi

1511 4075 1725 4134 monet,
1771 4069 2014 4137 illudque
2061 4070 2292 4123 relatum
2341 4076 2597 4138 quodam-

1514 4142 1675 4192 modo
1705 4141 1825 4192 vult
1858 4142 1931 4191 ad
1974 4142 2176 4192 similes
2221 4144 2484 4208 quosdam
2520 4141 2598 4191 lo-

1516 4227 1639 4272 cos,
1702 4211 1797 4261 ubi
1831 4204 1935 4276 μὲν
1989 4216 2043 4261 et
2099 4205 2163 4260 δὲ
2212 4213 2316 4263 sibi
2368 4212 2597 4260 invicem

1514 4281 1598 4344 ina
1629 4280 2061 4346 respondentes
2045 4282 2309 4344 invenias,
2339 4279 2596 4330 collectos

1519 4349 1587 4399 ab
1623 4350 1743 4414 ipso
1779 4349 1882 4402 l.l.
1904 4365 2030 4416 pag.
2051 4349 2137 4400 90
2197 4350 2432 4400 Maxime
2467 4364 2596 4398 vero

1518 4418 1820 4470 Gaissordii
1862 4418 2114 4483 displicet
2157 4419 2326 4481 ratio,
2378 4416 2471 4482 qui
2507 4431 2598 4467 ne-
