3109 5092
1114 346 1612 409 EUTERPE.
1657 347 1744 408 H.
1793 355 1913 410 125.

2533 341 2654 405 713

388 517 711 588 ἐλάσσων.
779 516 1104 608 Ἐποιήθη
1133 519 1210 588 δὲ
1240 510 1374 589 ὦδε
1402 517 1574 618 αὕτη
1601 516 1643 611 ἡ
1673 528 1993 610 πυραμίς·
2049 517 2472 608 ἀναβαθμῶν
2498 517 2651 611 τρό-
2676 518 2795 581 125

388 647 520 691 πον
536 677 552 705 ,
580 620 698 703 τὰς
723 624 1133 712 μετεξέτεροι
1162 622 1471 714 κρόσσας,
1498 629 1568 694 οἰ
1591 625 1667 694 δὲ
1693 629 1995 713 βωμίδας
2021 620 2487 711 οὖνομάζουσι,
2515 650 2653 693 τοι·

389 789 731 853 adiacentes,
803 791 1057 855 quadrati
1121 797 1176 842 et
1235 792 1475 859 oblongi,

389 859 515 910 olim
553 860 695 911 forte
728 861 1103 926 pyramidibus
1121 862 1298 927 figura
1333 863 1479 912 simi·

386 929 498 992 les,
556 946 700 980 nunc
749 931 938 996 paucis
986 936 1197 981 tantum
1248 930 1474 996 pedibus

389 1014 552 1062 super
581 999 756 1049 solum
805 1007 1188 1065 assurgentes,
1239 1002 1295 1051 in
1342 1017 1472 1067 quo·

388 1083 504 1118 rum
553 1069 784 1134 singulis
834 1070 986 1134 putei
1029 1074 1159 1120 suut
1200 1071 1371 1120 ruinis
1423 1076 1478 1122 et

389 1152 555 1188 arena
605 1138 841 1203 oppleti,
890 1154 988 1204 per
1034 1155 1172 1205 quos
1218 1139 1346 1190 olim
1387 1140 1476 1190 de-

388 1206 754 1258 scendebatur
818 1208 888 1258 ad
935 1214 1157 1274 cryptas
1203 1209 1478 1274 sepulcro·

389 1292 525 1326 rum.
597 1277 917 1340 Pyramides
954 1278 1239 1329 duodecim
1257 1278 1346 1329 vel
1369 1284 1475 1329 tre-

390 1345 563 1395 decim
604 1346 782 1397 adhuc
811 1353 1214 1413 agnoscuntur,
1259 1349 1316 1399 iu
1360 1349 1478 1414 qui-

389 1414 491 1465 bus
536 1419 650 1465 tres
707 1421 970 1467 notantur
1014 1417 1154 1469 mole
1201 1433 1302 1468 sua
1349 1433 1475 1469 con-

386 1485 1111 1606 fss'ssssxffamfltgxffzn‘ffi.
1144 1487 1475 1621 ⁸p1¹÷³33⁸0i2¹1

385 1623 554 1684 venit,
589 1623 817 1673 solemni
843 1625 1114 1676 vocabulo
1132 1641 1335 1691 magna
1357 1627 1475 1677 sive

385 1692 621 1742 maxima
678 1695 920 1757 pyramis
979 1694 1243 1760 appellari
1314 1696 1471 1758 solet,

385 1776 697 1825 quanquam
733 1763 1044 1827 ambigatur
1078 1764 1256 1814 adhuc
1291 1769 1471 1813 utrum

384 1845 502 1879 eam
552 1837 796 1893 superet,
842 1846 981 1896 quae
1019 1846 1054 1881 a
1093 1831 1316 1881 meridie
1350 1848 1472 1897 pro-

383 1899 526 1948 xime
564 1899 836 1949 adstituta
866 1901 1013 1951 est.“
1085 1900 1201 1950 Iam
1240 1915 1473 1966 sequun-

384 1972 473 2018 tur
503 1967 612 2018 alia
652 1968 718 2018 de
753 1968 1044 2020 latitudine
1067 1970 1363 2035 pyramidis
1389 1976 1472 2022 at-

384 2052 490 2102 que
524 2036 844 2099 altitudine,
882 2054 1046 2103 supra
1081 2039 1240 2089 nobis
1259 2038 1368 2090 iam
1394 2042 1473 2091 in-

383 2106 597 2168 dicata,
640 2107 706 2157 de
739 2106 970 2158 laterum
1005 2108 1366 2173 aequalitate,
1405 2111 1472 2161 de

383 2191 589 2226 summo
620 2177 855 2239 vertice,
894 2178 950 2227 in
974 2193 1080 2243 quo
1105 2178 1322 2242 planum
1343 2195 1472 2245 qua-

383 2244 616 2307 dratum,
646 2245 712 2295 de
732 2244 1008 2310 lapidibus
1038 2248 1272 2311 extimis,
1304 2250 1471 2299 omui-

382 2314 483 2364 bus
509 2328 652 2365 nunc
679 2315 913 2377 avulsis,
953 2317 1019 2367 de
1052 2317 1192 2367 ostio
1217 2319 1271 2366 in
1300 2318 1472 2369 latere

380 2382 618 2446 boreali,
658 2385 724 2434 de
747 2386 1017 2436 meatibus
1040 2387 1268 2436 internis
1304 2394 1472 2453 atque

381 2452 644 2503 descensu
679 2454 751 2504 ad
789 2460 1010 2520 cryptas
1060 2457 1465 2522 subterraneas,

380 2521 448 2572 de
477 2522 838 2574 cadaveribus
873 2525 931 2573 in
965 2529 1130 2589 puteo
1164 2527 1464 2608 pyramidis

380 2591 619 2655 atquein
643 2592 889 2643 conclavi
917 2595 1184 2677 superiori
1214 2598 1462 2660 repertis,

378 2661 445 2711 de
482 2659 634 2723 aliis,
685 2677 827 2729 quae
860 2664 1043 2713 omnia
1070 2664 1465 2715 transscribere

376 2728 596 2795 longum
632 2737 734 2782 est.
790 2732 927 2781 Vide
946 2747 1163 2797 quoque
1181 2734 1258 2782 sis
1294 2735 1459 2785 Beck.

374 2797 412 2849 l.
449 2798 489 2849 l.
524 2814 651 2864 pag.
692 2801 793 2851 712
831 2805 885 2850 et
929 2807 1220 2851 accuratas
1258 2802 1462 2853 descri-

375 2868 592 2931 ptiones
650 2874 705 2920 et
764 2870 1126 2921 dimensiones
1180 2871 1462 2922 doctorum

379 2936 678 2988 Gallorum.
732 2939 950 2990 Couoelle
988 2937 1327 3004 (Observatt.
1367 2956 1462 2992 sur

376 3004 457 3057 les
479 3007 790 3071 pyramides
821 3009 887 3060 de
919 3009 1090 3060 Gizeh
1113 3009 1249 3072 etc.)
1274 3011 1331 3060 in
1353 3012 1462 3062 De·

375 3077 564 3141 script.
605 3076 673 3127 de
708 3076 849 3142 l'.Eg
887 3077 1047 3129 mem.
1070 3080 1295 3145 Antiqq.
1329 3084 1373 3133 t.
1401 3082 1462 3131 11

376 3144 553 3202 (trois.
589 3144 864 3210 livraisq)
915 3164 1041 3213 pag
1077 3148 1147 3198 39
1182 3165 1368 3215 seqq.‚
1406 3155 1461 3201 et

375 3214 599 3267 Iomard.
640 3214 796 3280 (ibid.
834 3222 876 3267 t.
903 3218 930 3266 I
967 3219 1122 3268 trois.
1170 3218 1378 3269 livrais.
1402 3236 1456 3284 p.

374 3284 477 3335 513
513 3300 666 3350 seqq.
698 3290 753 3335 et
783 3291 825 3336 t.
862 3287 919 3335 ΙΙ
953 3287 1461 3339 troisiemelivrais.

373 3367 500 3418 pag.
531 3353 564 3403 3
592 3369 742 3419 seqq.
780 3359 836 3404 et
871 3355 939 3404 56
976 3357 1174 3422 seqq.).
1250 3358 1461 3420 Quibus

371 3421 667 3482 accedunt,
712 3437 854 3487 quae
898 3429 1088 3474 nostra
1122 3426 1462 3489 potissimum

374 3495 558 3540 aetate
592 3489 660 3540 de
699 3490 803 3541 hac
841 3494 1121 3556 pyramide
1168 3495 1463 3558 inquisive-

376 3563 502 3608 runt
553 3560 795 3609 Howard
841 3561 1018 3624 Vyse,
1082 3566 1137 3611 et
1180 3561 1306 3611 inde
1339 3579 1461 3626 pro-

376 3629 551 3678 fectus
585 3628 762 3679 Raoul
797 3629 1090 3679 Rochette:
1132 3630 1366 3681 Journal
1404 3632 1459 3683 d.

373 3698 504 3749 SaV.
546 3697 674 3750 1841
713 3714 767 3763 p.
808 3698 913 3748 223
935 3714 1110 3765 seqq.‚
1151 3699 1456 3750 Letroune.

373 3767 712 3818 Recberches
746 3783 842 3817 sur
876 3768 1062 3819 Dicuil
1095 3772 1199 3817 etc.
1230 3784 1355 3833 pag.
1389 3770 1461 3822 90

371 3851 546 3901 seqq.‚
605 3838 828 3887 Bunseu
874 3836 912 3887 l.
958 3837 996 3888 l.
1047 3838 1129 3889 11.
1177 3853 1304 3903 pag.
1359 3837 1459 3890 146

370 3919 544 3970 seqq.‚
589 3906 900 3957 Prokesch=
957 3908 1358 3968 Erinnerungg.
1409 3907 1456 3958 Ι.

372 3988 497 4038 pag.
561 3975 628 4026 75
688 3990 860 4040 seqq.‚
918 3976 1188 4039 Partbey=
1247 3974 1460 4026 Nilthal

369 4041 495 4104 (11.)
533 4057 660 4107 pag.
705 4043 803 4094 100
848 4058 1019 4109 seqq.‚
1057 4044 1177 4104 alii,
1229 4060 1366 4110 quos
1400 4045 1458 4095 in

367 4111 619 4160 Excursu
652 4110 723 4160 ad
758 4111 811 4160 h.
848 4110 885 4162 l.
919 4113 1300 4164 indicavimus.
1353 4115 1459 4164 De-

368 4178 722 4229 lineationem
760 4179 897 4241 loci,
932 4181 1189 4232 indicatis
1226 4182 1458 4248 singulis

366 4247 743 4321 pyramidibus
806 4249 1040 4315 aliisque
1092 4253 1457 4301 monumentis

367 4322 425 4367 et
450 4315 695 4382 reliquiis
720 4316 899 4369 adhuc
924 4319 1334 4384 superstitibus,
1370 4336 1459 4370 ex-

362 4385 541 4440 hibuit
594 4387 1064 4442 accuratissimam
1110 4388 1341 4456 Perriug
1388 4390 1460 4443 ad

1576 793 1771 844 librum
1796 791 2057 842 Howardi
2078 792 2242 856 Vyse.
2268 790 2403 854 ‚Vol.
2436 791 2465 841 1
2504 792 2661 843 item-

1578 878 1684 929 que
1717 864 1939 912 Bunsen
1975 861 2051 911 11.
2098 861 2238 911 Tab.
2277 859 2357 911 lx
2395 865 2451 912 et
2487 877 2660 929 seqq.‚

1578 930 1912 982 Wilkinson.
1950 931 2210 981 Manners
2246 934 2354 982 etc.
2387 930 2495 982 111.
2532 948 2661 997 pag.
2740 949 2759 964 ·

1580 1003 1682 1054 397
1700 1004 1865 1067 atque
1886 1015 2030 1050 nuuc
2046 1000 2385 1064 potissimum
2402 1001 2633 1065 Lepsius
2644 1018 2660 1051 ι

1579 1068 1910 1121 Denkmaler
1930 1084 2031 1119 aus
2049 1071 2336 1134 Aegypten
2357 1073 2463 1121 etc.
2493 1070 2660 1122 Abth.

1580 1142 1627 1191 1.
1666 1140 1781 1191 tab.
1813 1139 1963 1200 XIV,
2000 1154 2163 1204 quam
2208 1138 2383 1203 ipsam
2419 1139 2662 1191 tabulam

1579 1214 1880 1275 sequuntur
1911 1207 2079 1270 aliae,
2121 1223 2264 1273 quae
2297 1208 2537 1272 ipsarum
2572 1209 2666 1260 ha-

1577 1295 1696 1330 rum
1737 1277 2078 1344 pyramidum
2123 1278 2387 1342 praebent
2436 1294 2664 1344 conspe-

1578 1354 1722 1399 ctum
1742 1362 1868 1398 aere
1892 1362 2203 1411 expressum
2229 1346 2669 1411 splendidissime

1578 1418 1780 1468 additis
1827 1417 2120 1468 coloribus.
2192 1417 2439 1467 Eandem
2477 1417 2667 1484 imagi-

1575 1503 1698 1537 nem
1724 1487 1918 1536 minori
1944 1487 2120 1536 forma
2153 1485 2370 1536 exhibet
2403 1487 2664 1539 Howard.

1574 1557 1723 1622 Vyse
1755 1555 1879 1607 Vol.
1915 1556 1991 1607 11.
2028 1553 2191 1606 titulo
2229 1554 2517 1608 adiectam.

1924 1727 2056 1779 Cu.
2095 1728 2309 1779 CXXV.

1644 1843 1745 1885 τας
1786 1819 2132 1908 μετεξέτεροι
2175 1822 2447 1910 κρόσσας,
2496 1824 2558 1879 οἱ
2601 1824 2664 1881 δὲ

1574 1894 1828 1964 βωμίδας
1851 1889 2254 1962 οὖνομάζουσι]
2284 1867 2664 1980 οννομοὶζουσι

1575 1982 1694 2017 cum
1730 1971 1962 2017 recentt.
2003 1967 2126 2018 edd.
2161 1968 2287 2018 dedi
2319 1983 2418 2033 pro
2454 1959 2664 2032 ὀνομά-

1571 2034 1729 2095 ζουσι
1769 2037 2021 2102 idemque
2049 2037 2153 2087 seci
2193 2037 2339 2087 infra
2372 2037 2447 2100 ΙΙ,
2473 2039 2572 2089 128
2608 2043 2665 2089 et

1579 2107 1704 2164 144ς
1746 2105 1860 2156 vid.
1899 2106 2133 2157 Bredov.
2169 2122 2224 2172 p.
2262 2105 2376 2157 163.
2416 2099 2662 2170 κρόσσας

1574 2191 1695 2225 cum
1740 2175 2044 2240 Schweigb.
2100 2180 2156 2226 et
2208 2175 2484 2227 Gaisford.
2538 2193 2661 2241 pro-

1574 2246 1741 2295 bante
1791 2244 2023 2296 Bredov.
2077 2261 2130 2309 p.
2188 2245 2255 2295 78
2313 2245 2511 2310 scripsi
2561 2261 2658 2312 pro

1572 2306 1878 2376 κρόσσας,
1927 2330 2049 2364 cum
2099 2314 2244 2365 infra
2294 2330 2509 2394 quoque
2561 2316 2657 2378 IV,

1577 2384 1675 2434 152
1727 2387 1783 2433 et
1817 2383 1953 2444 VII,
1997 2382 2099 2435 188
2148 2389 2326 2436 exstet
2375 2376 2659 2448 πρόκροσ-

1569 2465 1690 2512 σαι,
1750 2468 1852 2502 nec
1897 2420 2057 2503 aliter
2102 2468 2211 2502 vox
2256 2454 2463 2518 scripta
2510 2455 2658 2504 inve-

1566 2489 1751 2571 niat'ur
1787 2521 1932 2585 apud
1963 2523 2188 2573 Homer.
2225 2523 2312 2573 Ili.
2351 2523 2493 2584 XII,
2530 2524 2655 2574 258.

1566 2592 1689 2641 414.
1764 2590 1828 2640 Ιιι
1865 2606 1971 2654 quo
2008 2590 2130 2641 loco
2166 2598 2323 2653 sunt,
2362 2591 2455 2655 qui
2489 2584 2655 2654 κρόσ-

1569 2672 1670 2714 σας
1716 2665 2016 2723 exponant.
2067 2663 2242 2710 scalas
2282 2661 2438 2710 mur-is
2483 2661 2655 2710 adnm-

1564 2728 1783 2787 vendas,
1832 2730 2188 2788 instrumenta,
2233 2729 2551 2792 ser-ramenta
2584 2729 2659 2778 ad

1564 2811 1732 2846 muros
1755 2805 1912 2858 apta.-
1941 2796 2036 2846 alii
2059 2797 2288 2849 rectius.
2307 2801 2513 2861 pimus,
2530 2812 2656 2860 pro-

1555 2866 1850 2931 puynacula
1878 2869 2223 2928 prominentia.
2302 2868 2482 2932 Atque
2508 2867 2656 2932 Hey-

1565 2936 1656 2986 nio
1694 2950 1906 3000 quoque
1943 2934 2235 2995 (Observv.
2258 2941 2301 2987 t.
2327 2936 2425 2986 VI.
2451 2951 2506 3002 p.
2525 2935 2654 3002 319)

1564 3010 1694 3054 sunt
1711 3005 1912 3069 pinuae
1933 3020 2194 3055 summam
2210 2996 2490 3067 ἐπάλξεως
2504 3021 2651 3056 oram

1564 3076 1868 3139 cingentes.
1941 3075 2065 3125 Vid.
2103 3075 2359 3126 Eustath.
2390 3079 2449 3126 et
2481 3076 2652 3127 schol.

1564 3144 1636 3195 ad
1662 3144 1716 3195 h.
1743 3142 1801 3204 1.,
1841 3144 2081 3210 Hesych.
2122 3160 2169 3195 s.
2193 3161 2248 3196 v.
2319 3145 2479 3195 Unde
2509 3146 2653 3210 apud

1564 3212 1820 3278 Aeschyl.
1868 3213 2185 3279 Agamemn.
2235 3214 2336 3265 448
2384 3209 2655 3277 κρόσσαις

1564 3299 1662 3348 pro
1700 3276 1895 3339 ὄσσοις
1927 3283 2093 3333 scribi
2125 3281 2244 3333 vult
2278 3283 2655 3334 Schneidewin

1564 3350 1834 3429 Philolog.
1873 3352 1972 3401 IX.
2005 3368 2057 3416 p.
2093 3352 2207 3402 144.
2283 3353 2350 3401 In
2384 3352 2653 3401 Herodoti

1563 3420 1686 3471 loco
1722 3413 1957 3483 κρόσσαι
1983 3425 2110 3470 sunt
2140 3421 2475 3485 (exponente
2499 3419 2655 3470 Wes-

1564 3487 1823 3553 selingio)
1871 3489 2212 3552 pyramidum
2257 3488 2503 3553 quaedam
2538 3491 2654 3539 emi-

1563 3559 1793 3614 nentiae,
1827 3557 2077 3634 ,qr-adum
2097 3558 2313 3619 sormam
2349 3571 2653 3618 repraesen-

1564 3633 1734 3676 tantes
1794 3639 1890 3674 seu
1934 3615 2300 3690 ἆναβαθμοὶ,
2364 3640 2500 3689 quos
2555 3625 2653 3680 alii

1562 3690 1815 3761 βωμίδας
1845 3692 2062 3753 dicunt,
2099 3694 2137 3743 i.
2178 3709 2228 3744 e.
2266 3695 2448 3744 arulas
2483 3699 2648 3759 quasi,

1556 3762 1772 3828 qradm.
1859 3730 2489 3813 Vid.1’{.130ettieher.
2545 3765 2653 3815 Die

1563 3830 1840 3892 Tektouik
1885 3830 1939 3880 d.
1978 3831 2194 3883 Hellen.
2230 3847 2284 3896 p.
2314 3830 2414 3883 178
2451 3836 2506 3883 et
2527 3834 2652 3884 Ian-

1563 3916 1662 3952 son
1709 3900 1789 3949 in:
1838 3900 2069 3952 Jahrbb.
2128 3901 2168 3951 f.
2216 3899 2488 3968 Philolog.
2543 3907 2650 3955 etc.

1562 3968 1753 4033 Suppl.
1804 3969 1956 4019 XIX.
2005 3986 2058 4034 p.
2107 3971 2175 4020 52
2221 3985 2374 4037 seqq.
2434 3971 2649 4023 Hirtius

1562 4039 1602 4090 1.
1649 4037 1685 4087 1.
1734 4053 1860 4103 pag.
1910 4041 1980 4089 24
2025 4037 2288 4103 explicat:
2341 4038 2507 4104 „jede
2548 4042 2653 4093 Art

1560 4106 1859 4172 Erhiihung
1915 4107 2045 4158 oder
2080 4108 2287 4159 Absatz
2341 4109 2442 4159 mit
2499 4112 2647 4162 einer

1560 4175 1937 4227 horizontalen
1973 4176 2204 4241 Flache,
2241 4207 2311 4220 —
2359 4178 2528 4228 daber
2557 4179 2649 4230 Al-

1562 4245 1708 4296 tar.“
1795 4245 1947 4295 Idem
2005 4246 2189 4309 addit,
2246 4247 2316 4297 ab
2367 4246 2648 4299 Herodoto

1560 4315 1780 4365 minime
1828 4314 1919 4365 hic
1958 4315 2189 4365 indicari
2232 4316 2467 4367 minores
2502 4314 2648 4379 illos,

1562 4385 1656 4454 qui
1716 4382 1880 4434 hodie
1947 4384 2382 4452 conspiciantur,
2446 4383 2649 4452 gradus
