3109 5092
467 348 590 411 354

1338 345 1868 409 HERODOTI

466 532 638 603 λιος·
701 519 775 590 τὸ
817 519 947 608 γὰρ
987 523 1194 611 μέσον
1235 519 1441 610 αὐτῆς
1474 518 1768 609 ποταμὸς
1809 520 2064 608 διέργει
2084 568 2102 602 ,
2157 521 2251 610 τῷ
2295 514 2554 606 οὔνομά
2601 520 2740 587 ἐστι

465 622 847 714 Εὐφρήτης.
906 628 1042 714 ῥέει
1071 625 1148 694 δὲ
1174 628 1239 708 ἐξ
1260 624 1664 713 Ἀρμενίων,
1693 623 1827 693 ἐῶν
1853 624 2058 711 μέγας
2087 623 2200 690 καὶ
2227 618 2452 707 βαθὺς
2479 623 2592 690 καὶ
2621 649 2739 691 τα·
2756 638 2825 692 85

464 728 614 816 χύς·
670 731 826 810 ἐξίει
870 728 947 797 δὲ
979 719 1172 809 οὗτος
1198 733 1263 810 ἐς
1292 726 1415 818 τὴν
1438 726 1782 819 Ἐρυθρὴν
1816 727 2192 796 θάλασσαν.
2252 722 2328 793 τὸ
2359 715 2459 794 (ἦν
2485 722 2570 813 δὴ
2597 740 2733 794 τεῖ-

465 930 645 996 glecto
692 930 839 980 conf.
888 931 944 992 Ι,
993 929 1061 981 94
1096 929 1188 980 fin.
1231 959 1303 968 -
1355 920 1550 996 τρόπῳ

463 997 665 1066 τοιῷδε
698 1000 786 1048 hic
811 997 884 1049 ad
908 999 1287 1050 antecedentia
1318 1004 1551 1064 spectat,

464 1084 587 1118 cum
619 1068 759 1118 alias
796 1069 867 1118 ad
903 1085 996 1132 ea,
1046 1084 1189 1135 quae
1233 1073 1552 1133 sequuntur,

466 1138 752 1189 referatur.

533 1200 597 1256 τὸ
654 1200 761 1271 γὰρ
823 1205 998 1270 μέσον
1061 1196 1239 1270 αὐτῆς
1301 1197 1553 1270 ποταμὸς

463 1274 672 1341 διέργει
703 1292 754 1325 κ.
778 1291 825 1326 τ.
852 1274 927 1340 λ.]
963 1277 1137 1339 Haec,
1174 1276 1401 1326 multum
1425 1275 1554 1326 olim

465 1345 773 1410 disceptata
820 1350 919 1394 aut
967 1346 1023 1395 in
1070 1345 1292 1395 dubium
1336 1351 1552 1409 vocata,

462 1430 609 1465 nunc
645 1430 742 1478 pro
788 1415 932 1464 veris
985 1415 1237 1464 habenda
1286 1430 1406 1465 esse
1441 1431 1555 1465 mo-

470 1490 565 1533 net
599 1485 833 1534 Heeren.
870 1483 907 1533 l.
946 1482 983 1532 1.
1023 1499 1151 1549 pag.
1193 1486 1323 1547 177,
1372 1500 1555 1534 recen-

466 1554 665 1603 tiorum
697 1552 1165 1619 peregrinatorum
1202 1553 1371 1603 libros
1404 1569 1555 1604 secu-

467 1628 585 1685 tus,
634 1625 728 1688 qui
766 1624 824 1686 in
860 1627 1092 1688 utraque
1128 1624 1280 1672 fluvii
1314 1624 1433 1688 ripa
1467 1639 1555 1673 ur·

466 1692 591 1742 bem
615 1693 777 1742 sitam
802 1692 1139 1742 contendunt
1163 1693 1555 1758 ruderibusque

466 1761 643 1811 adhuc
686 1763 922 1811 inventis
972 1762 1311 1812 confirmant.
1403 1763 1556 1824 Quae

466 1832 524 1880 in
561 1830 887 1882 occidentali
926 1831 1079 1880 fluvii
1114 1831 1232 1895 ripa
1271 1831 1435 1881 fuerit
1469 1847 1559 1881 ur·

466 1900 551 1950 bis
574 1916 717 1965 pars,
750 1915 868 1951 eam
887 1902 1077 1965 utique
1108 1901 1365 1951 maiorem
1387 1901 1556 1951 fuisse

466 1970 640 2019 videri
680 1976 735 2020 et
780 1970 1170 2035 antiquiorem;
1238 1970 1555 2021 orientalem

466 2040 725 2090 minorem
774 2055 841 2090 ac
877 2040 1196 2090 recentioris
1242 2040 1431 2091 forsan
1466 2055 1556 2089 ae·

465 2109 618 2159 tatis.
698 2110 992 2159 Praeterea
1032 2108 1367 2173 Euphratem
1418 2109 1555 2159 mul-

464 2183 581 2228 tum
619 2178 689 2228 ab
738 2195 801 2228 eo
847 2193 1036 2240 cursu,
1094 2193 1255 2243 quem
1296 2178 1423 2228 olim
1477 2184 1555 2228 te-

468 2247 666 2310 nuerit,
695 2247 989 2298 descivisse
1014 2247 1232 2312 alioque
1254 2265 1314 2298 se
1336 2248 1555 2298 flexisse

467 2332 832 2383 magnamque
884 2317 1009 2368 inde
1068 2317 1239 2381 ipsius
1299 2318 1553 2382 regionis,

467 2403 630 2453 quam
672 2392 831 2437 vetus
872 2386 1001 2436 urbs
1047 2387 1553 2451 comprehendebat,

466 2457 820 2506 mutationem
871 2471 991 2505 esse
1031 2456 1264 2520 saetam,
1316 2473 1424 2507 uno
1462 2472 1555 2506 ore

467 2526 581 2576 fere
606 2527 830 2576 tradunt
861 2526 1218 2576 recentiores:
1258 2528 1401 2578 conf.
1424 2527 1558 2576 Kin-

466 2596 583 2645 neir
618 2596 657 2646 l.
696 2610 861 2660 supra
895 2594 931 2646 l.
967 2612 1021 2660 p.
1060 2596 1181 2647 279.
1257 2596 1476 2661 Layard
1516 2595 1553 2644 l.

466 2664 505 2717 l.
549 2682 603 2730 p.
640 2667 745 2718 492
782 2682 894 2731 seq.
946 2665 1171 2715 Fresnel
1213 2664 1273 2729 (1.
1322 2666 1359 2716 l.
1397 2667 1551 2715 Tom.

466 2735 513 2785 1.
559 2751 613 2798 p.
664 2734 730 2786 13
777 2734 948 2801 seq.),
994 2735 1200 2785 Rennel
1237 2736 1382 2800 apud
1418 2734 1556 2785 Rich

465 2803 501 2852 1.
550 2804 589 2854 l.
638 2820 692 2868 p.
732 2804 832 2854 122
880 2811 1047 2869 atque
1096 2806 1275 2868 ipsum
1311 2805 1449 2855 Rich
1499 2819 1552 2868 p.

471 2872 598 2933 147,
646 2873 825 2922 Ritter
871 2873 909 2923 l.
966 2873 1005 2924 l.
1052 2889 1182 2937 pag.
1232 2873 1337 2924 896
1380 2890 1553 2938 seqq„

468 2940 562 3003 qui
610 2945 960 3006 conspectum
1008 2942 1253 2991 exhibuit
1301 2945 1554 2994 ruderum

467 3010 525 3056 in
559 3014 799 3073 utraque
826 3011 1062 3059 fluminis
1091 3012 1213 3074 ripa
1232 3013 1556 3077 conspicuo-

466 3092 586 3127 rum
622 3077 692 3127 ad
725 3079 987 3128 ambitum
1024 3079 1194 3129 totius
1230 3080 1379 3130 urbis
1410 3085 1558 3131 recte

468 3147 928 3198 constituendum.
989 3147 1126 3198 Vide
1163 3164 1375 3213 quoque
1396 3149 1553 3201 Rich.

466 3232 521 3280 p.
558 3216 625 3266 58
663 3232 815 3282 seqq.
854 3223 910 3267 et
945 3217 1012 3266 de
1034 3217 1102 3267 iis
1139 3219 1552 3282 mutationibus,

467 3301 609 3351 quae
645 3286 769 3336 inde
817 3287 887 3336 ab
925 3287 1122 3351 oppido
1158 3286 1310 3337 Hilla
1354 3289 1411 3337 in
1446 3289 1556 3338 Eu·

464 3355 677 3420 phratis
733 3371 894 3406 cursu
930 3357 1156 3407 effectae
1186 3363 1344 3419 sunt,
1392 3356 1556 3408 Ches-

464 3441 593 3490 ney:
630 3425 964 3491 Expedition
990 3426 1075 3476 for
1098 3426 1191 3477 the
1223 3442 1420 3492 survey
1446 3435 1551 3478 etc.

463 3496 529 3548 T.
579 3495 626 3544 Ι.
676 3511 728 3560 p.
777 3496 846 3547 60
903 3496 1087 3560 ibique
1146 3496 1407 3548 tabellam
1457 3498 1555 3548 ad-

465 3565 686 3616 iectam.

536 3627 649 3698 ἆέει
710 3628 773 3682 δὲ
819 3625 875 3694 ἐξ
926 3625 1229 3698 Ἀρμενίων
1272 3649 1323 3683 κ.
1377 3649 1424 3684 τ.
1481 3631 1560 3699 L]

463 3704 672 3753 Eodem
710 3704 825 3754 fere
871 3705 1033 3755 modo
1079 3719 1246 3768 supra
1280 3703 1335 3765 Ι,
1375 3705 1440 3754 72
1489 3704 1555 3753 de

462 3773 666 3837 Halye:
720 3802 792 3810 —-
846 3766 958 3838 ᾇέει
1014 3763 1071 3832 ἐξ
1122 3767 1410 3836 Ἀρμενίου
1459 3762 1555 3822 οὔ·

466 3854 610 3903 ρεος.
681 3840 767 3891 Ad
801 3857 914 3891 rem
949 3842 1125 3906 ipsam
1156 3842 1302 3907 quod
1336 3844 1552 3905 attinet,

466 3924 597 3958 vera
634 3910 892 3960 Nostrum
929 3910 1183 3960 retulisse
1215 3912 1432 3962 minime
1463 3928 1553 3961 ne-

467 3982 630 4042 gant,
680 3971 864 4029 verum
900 3981 1076 4030 minus
1108 3986 1364 4030 accurate
1401 3980 1551 4031 illum

462 4045 668 4095 dixisse
723 4048 1062 4098 contendunt
1113 4050 1398 4115 minusque
1462 4051 1551 4101 de-

461 4114 644 4174 finite;
704 4115 760 4164 id
811 4116 955 4180 quod
1000 4118 1280 4170 Herodoto
1328 4135 1422 4170 eas
1468 4135 1552 4169 re·

463 4186 684 4248 gioneS,
722 4184 817 4234 ubi
853 4185 1149 4249 Euphratis
1187 4193 1315 4238 sunt
1348 4191 1546 4250 fontes,

462 4269 573 4303 non
594 4253 795 4304 visenti
816 4254 979 4304 facile
1000 4256 1363 4319 ignoscamus,
1395 4274 1548 4323 prae-

462 4323 649 4373 sertim
711 4337 832 4373 cum
882 4325 1203 4375 Strabonem
1251 4325 1547 4377 habeamus

1655 941 1880 992 sumque
1917 927 2261 976 enarrantem
2284 924 2382 975 XI.
2414 940 2469 990 p.
2492 924 2591 975 521
2624 940 2740 990 seq.

1654 1014 1708 1063 p.
1747 998 1848 1047 792
1886 996 1951 1046 A.
2027 995 2105 1044 Ac
2152 1008 2211 1044 re
2245 1010 2376 1044 vera
2411 1011 2478 1045 ex
2515 994 2613 1043 illa
2648 995 2744 1044 flu-

1655 1068 1777 1117 vius
1827 1064 2077 1130 provenit
2131 1064 2377 1128 regione,
2431 1080 2595 1129 quam
2646 1067 2744 1115 Ar·

1655 1137 1890 1186 meniam
1926 1137 2194 1184 vocarunt
2230 1140 2469 1197 veteres,
2508 1135 2744 1184 vicinam

1657 1204 2066 1271 Cappadociae,
2113 1218 2280 1267 prope
2328 1204 2542 1267 urbem,
2604 1199 2745 1268 quae

1656 1291 1799 1325 nunc
1835 1273 2037 1323 dicitur
2079 1274 2338 1322 Erzerum
2381 1288 2426 1323 s.
2464 1274 2744 1334 Amorum,

1656 1346 1713 1394 in
1736 1343 1975 1394 eiusdem
1993 1342 2223 1391 nominis
2244 1343 2543 1407 provincia.
2586 1343 2744 1392 Cous.

1656 1415 1900 1479 Breiger.
1928 1412 1995 1462 de
2022 1411 2234 1462 difficil.
2267 1426 2454 1477 geogr.
2477 1413 2743 1463 Herodot.

1657 1499 1784 1548 pag.
1821 1483 1889 1532 39
1930 1497 2082 1546 seqq.
2129 1481 2374 1545 pluribus
2424 1483 2481 1532 in
2526 1497 2593 1533 ea
2625 1484 2748 1547 ipsa

1656 1554 2035 1617 inquirentem,
2066 1550 2190 1602 coll.
2215 1551 2442 1602 Rennel.
2469 1567 2597 1617 pag.
2621 1552 2742 1602 505.

1658 1623 1838 1673 Szabo
1857 1620 2130 1684 Descript.
2151 1620 2357 1670 Persic.
2381 1622 2570 1687 imper.
2596 1621 2749 1684 (Hei-

1658 1692 1899 1755 delberg.
1941 1689 2098 1755 1810)
2139 1704 2267 1754 pag.
2309 1690 2377 1741 38
2414 1706 2529 1756 seq.
2616 1691 2749 1741 Cur-

1660 1777 1778 1812 sum
1817 1759 2141 1825 Euphratis,
2192 1764 2381 1809 nostra
2428 1765 2613 1811 aetate
2659 1775 2748 1810 ac-

1660 1829 2003 1881 curatissime
2058 1828 2405 1893 disquisitum
2453 1831 2748 1895 praecipua

1659 1915 1789 1949 cura
1838 1914 1904 1949 ac
1950 1897 2235 1963 diligentia
2280 1901 2385 1949 viri
2431 1899 2746 1965 peritissimi

1659 1969 1933 2033 Chesney,
1993 1970 2333 2032 persequitur
2378 1971 2557 2020 Ritter
2619 1968 2655 2019 l.
2705 1967 2743 2018 l.

1656 2055 1711 2104 p.
1734 2041 1835 2090 265
1855 2052 2007 2102 seqq.
2029 2037 2131 2088 682
2153 2053 2303 2103 seqq.
2341 2039 2442 2091 716
2461 2056 2613 2104 seqq.
2643 2038 2746 2089 762

1659 2124 1810 2173 seqq.
1847 2107 1958 2157 948
1973 2122 2125 2171 seqq.
2169 2107 2291 2159 coll.
2315 2109 2385 2159 X.
2414 2125 2468 2172 p.
2495 2110 2597 2160 645
2625 2124 2741 2173 seq.

1657 2179 1777 2228 826.
1843 2178 1997 2237 Quae
2033 2176 2252 2240 singula
2291 2179 2384 2242 qui
2418 2193 2747 2244 cognoscere

1657 2247 1820 2308 velit,
1869 2246 1917 2294 is
1953 2245 2118 2295 adeat
2159 2262 2384 2311 mappas
2428 2248 2748 2313 geographi·

1658 2332 1753 2366 cas
1774 2315 1940 2378 1-V‚
1962 2320 2016 2366 et
2030 2315 2288 2366 VII—XI
2310 2315 2554 2368 adiectas
2573 2318 2745 2382 primo

1656 2385 1918 2436 volumini
1963 2384 2169 2449 operis:
2221 2385 2469 2451 Chesney
2514 2387 2748 2451 Expedi-

1656 2456 1772 2505 tion
1801 2460 1934 2514 etc.;
1960 2454 2028 2504 de
2058 2454 2300 2504 fontibus
2317 2456 2611 2522 Euphratis
2633 2456 2744 2506 vid.

1655 2525 1787 2574 ibid.
1827 2540 1862 2589 p
1943 2560 1955 2572 .
1992 2523 2061 2575 40
2097 2539 2212 2588 seq.

1728 2539 1964 2672 ξξίειᾚὲ
2014 2579 2185 2649 οὗτος
2220 2583 2276 2650 ἐς
2311 2587 2416 2659 τὴν
2453 2585 2749 2660 Ἐρυθρὴν

1658 2658 1980 2725 caiacum]
2019 2661 2260 2712 Rubrum
2287 2680 2452 2728 mare,
2479 2681 2585 2729 quo
2608 2665 2746 2715 alias

1657 2747 1766 2782 non
1805 2731 1977 2782 solum
2017 2730 2167 2781 sinus
2203 2733 2499 2796 Arabicus,
2536 2736 2634 2785 sed
2667 2739 2748 2784 to-

1622 2805 1772 2851 .tum
1809 2800 1954 2866 quod
1997 2815 2258 2851 vocamus
2305 2803 2552 2854 Indicum
2599 2817 2746 2854 mare

1656 2886 1766 2920 una
1816 2886 1937 2921 cum
1978 2870 2103 2919 sinu
2137 2871 2371 2923 Arabico
2417 2874 2747 2938 Persicoque

1657 2939 1974 3005 designatur
2013 2939 2179 3003 (conf.
2208 2947 2349 2992 nott.
2381 2942 2450 2992 ad
2482 2943 2528 3005 1,
2554 2942 2622 3008 1),
2659 2943 2745 2991 hic

1657 3009 1724 3060 ‹le
1760 3024 1868 3060 uno
1916 3010 2039 3058 sinu
2070 3009 2295 3060 Persico
2344 3011 2650 3077 intelligere
2686 3011 2748 3060 li-

1657 3082 1772 3140 eet,
1811 3080 1904 3144 qui
1943 3077 2088 3141 apud
2121 3078 2459 3131 Herodotum
2496 3097 2607 3132 non
2637 3081 2745 3131 alia

1658 3147 2024 3212 appellatione
2072 3150 2326 3200 occurrit.
2413 3151 2573 3201 Unde
2623 3167 2747 3201 con-

1659 3217 1923 3267 iecturam
1960 3216 2112 3266 ducit
2147 3218 2334 3283 Heyse
2379 3218 2457 3282 (in
2492 3222 2744 3283 Quaestt.

1657 3287 1949 3337 Herodott.
1971 3286 2111 3351 104),
2144 3287 2202 3336 in
2225 3288 2329 3338 hoc
2365 3289 2488 3339 sinu
2514 3306 2625 3341 non
2650 3306 2748 3341 na-

1656 3356 1877 3421 vigasse
1911 3354 2275 3420 Herodotum,
2310 3372 2487 3424 neque
2526 3361 2747 3410 omnino

1657 3425 1837 3476 Indici
1874 3425 2037 3475 maris
2085 3440 2235 3476 oram
2277 3429 2591 3479 accuratius
2628 3446 2749 3495 per-

1657 3501 1899 3559 spectam
1945 3495 2221 3546 habuisse.
2302 3496 2503 3549 Confer
2551 3499 2619 3550 de
2659 3499 2745 3549 bis

1659 3580 1874 3630 quoque
1909 3564 2135 3615 Rennel.
2174 3565 2212 3617 l.
2249 3564 2286 3617 l.
2323 3582 2378 3632 p.
2418 3567 2540 3620 463.
2595 3569 2747 3619 Brei-

1657 3649 1771 3698 ger.
1811 3635 1850 3686 l.
1888 3634 1924 3684 l.
1963 3649 2090 3699 pag.
2125 3635 2182 3686 11
2224 3650 2339 3701 seq.
2378 3641 2434 3687 et
2470 3653 2635 3703 supra
2675 3638 2747 3688 ad

1658 3703 1712 3766 I,
1750 3706 1777 3755 1
1833 3704 2118 3755 adnotata.
2153 3734 2225 3745 --
2280 3706 2365 3756 De
2413 3697 2548 3768 ἐξίει
2596 3708 2745 3758 conf.

1657 3774 1930 3922 ῗῃξὲὃῶἃνᾱ
1958 3774 2032 3906 ἐξ]
2049 3773 2263 3920 6,νεῖκος
2308 3831 2467 3892 §acite
2508 3857 2577 3892 ον
2608 3837 2748 3903 τοὺς

1653 3909 1915 3975 αγκῶνας
1941 3902 1997 3969 ἐς
2034 3924 2136 3959 τον
2163 3903 2426 3976 ποταμὸν
2488 3905 2742 3981 λη’λαται]

1618 4031 1623 4036 ,
1654 3996 1693 4032 ι.
1730 3997 1778 4033 e.
1814 3996 1997 4031 murus
2033 3981 2304 4046 utrimque
2342 3981 2399 4045 (i.
2430 3997 2480 4033 e.
2503 3982 2573 4032 ab
2597 3988 2747 4034 utra-

1655 4065 1760 4115 que
1796 4051 1944 4101 fluvii
1995 4049 2115 4114 ripa
2160 4052 2244 4101 vel
2282 4052 2492 4116 potius:
2538 4067 2747 4117 murus,

1654 4135 1761 4183 quo
1798 4124 2030 4185 utraque
2077 4121 2230 4171 urbis
2279 4135 2375 4184 per
2407 4120 2750 4185 Euphratem

1650 4189 1709 4238 in
1748 4189 1884 4240 duas
1931 4194 2116 4254 partes
2152 4190 2364 4241 divisae
2410 4205 2537 4255 pars
2575 4193 2749 4257 cingi-

1649 4258 1760 4322 tur)
1799 4259 2022 4309 brachia
2058 4256 2224 4309 habet
2273 4251 2344 4309 ad
2386 4260 2612 4310 fluvium
2651 4261 2748 4311 de-

1651 4327 1818 4378 ducta
1846 4345 1888 4378 s.
1917 4328 2057 4377 muri
2091 4327 2318 4378 brachia
2342 4332 2455 4378 tum
2484 4329 2541 4378 in
2568 4331 2745 4381 orien-

460 4392 771 4443 aceuratius
824 4391 1121 4459 Euphratis
1186 4394 1365 4446 sontes
1429 4410 1546 4447 cur·
1647 4397 1750 4447 tali
1784 4401 1898 4448 tum
1941 4397 1998 4448 in
2034 4394 2363 4448 occidentali
2397 4397 2549 4448 urbis
2586 4404 2748 4463 parte
