3109 5092
1230 366 1489 429 CLIO.
1536 367 1586 425 I.
1626 373 1716 429 64.

2488 361 2606 423 137

318 545 588 636 γόντων
638 550 884 623 παῖδας
934 540 1199 632 λαβών,
1254 544 1365 614 καὶ
1422 538 1838 629 καταστήσας
1884 539 1952 618 ἐς
1993 535 2252 619 Νάξον·
2323 537 2436 605 καὶ
2479 534 2609 626 γὰρ

322 649 581 736 ταύτην
633 641 670 715 ὅ
722 652 1202 738 Πεισίστρατος
1255 647 1748 733 κατεστρέψατο
1802 647 2068 737 πολέμῳ
2098 645 2235 713 καὶ
2287 644 2610 733 ἐπέτρεψε

322 749 639 840 Λυγδάμι
658 773 673 789 ·

738 749 903 841 πρός
942 779 1020 839 γε
1059 759 1157 822 ἔτι
1195 750 1488 822 τούτοισι
1528 745 1655 836 τὴν
1697 753 1909 837 νῆσον
1934 754 2168 837 Δῆλον
2203 748 2507 838 καθ-ἤρας
2534 753 2609 825 ἐκ

322 862 468 927 τῶν
494 861 779 941 λογίων,
822 856 1128 945 καθήρας
1168 856 1244 925 δὲ
1276 844 1440 925 ὦδε·
1503 848 1615 920 ἐπ’
1650 848 1813 922 ὅσον
1841 858 2078 935 ἔποψις
2103 856 2224 921 τοῦ
2266 856 2418 939 ἱροῦ
2450 851 2607 942 εἶχε,

327 963 405 1030 ἐκ
443 957 689 1028 τούτου
718 963 839 1027 τοῦ
861 956 1089 1046 χοίρου
1117 956 1363 1039 παντὸς
1389 954 1702 1046 ἐξορύξας
1743 954 1900 1035 τοὺς
1925 954 2208 1042 νεκροὺς
2245 956 2611 1048 μετεφόρεε

331 1067 401 1143 ἐς
427 1060 637 1132 ἄλλον
669 1066 895 1150 χῶρον
932 1066 1049 1149 τῆς
1075 1059 1329 1151 Δήλου.
1389 1061 1500 1129 καὶ
1532 1066 2012 1147 Πεισίστρατος
2046 1060 2174 1149 μὲν
2203 1061 2611 1161 ἐτυράνιζευε

241 1179 309 1233 31
325 1164 741 1255 Ἀθηναίων·
793 1161 1181 1256 Ἀθηναίων
1222 1166 1296 1235 δὲ
1335 1170 1406 1233 οί
1428 1163 1555 1254 μὲν
1582 1165 1657 1233 ἐν
1685 1169 1767 1254 τῇ
1794 1164 1968 1254 μάχῃ
1998 1163 2504 1252 ἐπεπτώκεσαν,
2547 1171 2618 1236 οἱ

330 1269 411 1339 δὲ
437 1265 668 1339 αὐτῶν
691 1267 859 1357 μετὰ
890 1267 1432 1358 Ἀλκμαιωνίδεω
1464 1273 1764 1355 ἔφευγον
1795 1270 1867 1338 ἐκ
1895 1273 2012 1357 τῆς
2037 1274 2316 1357 οἰκηΐης.

396 1432 494 1487 καὶ
530 1428 636 1502 γὰρ
682 1430 898 1503 ταύτην
947 1426 978 1487 ὃ
1016 1434 1422 1498 Πεισίστρατος

324 1504 747 1572 κατεστρέψατο
782 1524 834 1557 ι.
873 1522 921 1557 τ.
966 1505 1038 1572 L]
1083 1507 1294 1559 Sustuli
1328 1524 1420 1573 pa-

325 1578 642 1630 matheseos
679 1578 856 1658 signa,
893 1577 1091 1642 quibus
1125 1578 1296 1629 verba
1326 1571 1422 1626 καὶ

324 1640 435 1714 γὰρ
469 1678 533 1687 -—-
576 1640 833 1730 Λυγδάμι
878 1647 1045 1712 vulgo
1094 1647 1306 1699 inclusa
1342 1651 1422 1697 te-

325 1723 545 1780 nentur,
583 1719 873 1797 praecipue
916 1722 1098 1768 motus
1144 1708 1240 1782 iis,
1258 1732 1422 1797 quae

328 1792 661 1867 sequuntur.
706 1779 853 1846 πρός
900 1801 961 1852 γε
1025 1780 1106 1836 ἔτι
1166 1799 1420 1837 τουτοισι

326 1850 438 1922 τὴν
471 1855 657 1920 νῆσον
690 1854 887 1937 Δῆλον
919 1848 1205 1921 καθήρας,
1244 1858 1326 1907 ita
1360 1860 1423 1906 nt

328 1927 677 2009 participium
703 1918 969 1990 καθήρας
992 1942 1103 1976 non
1128 1931 1422 1978 annecten-

328 1999 458 2048 dum
495 1996 573 2046 sit
614 1997 921 2047 sententiae
955 1997 1115 2046 nimis
1160 2001 1422 2059 remotae,

328 2058 596 2130 ἒρᾆζωσε
644 2058 752 2129 τὴν
786 2063 1127 2130 τυραννίδα,
1167 2066 1265 2118 sed
1312 2064 1424 2116 ma-

329 2137 419 2200 gis
473 2134 913 2201 coniungendam
964 2135 1052 2186 vel
1100 2138 1284 2200 potius
1330 2135 1424 2186 ad-

328 2205 567 2257 dendum
602 2205 673 2254 ad
709 2221 794 2267 ea,
832 2221 973 2271 qnae
1005 2206 1073 2256 de
1109 2206 1266 2256 Naxo
1300 2221 1422 2269 pro·

326 2279 473 2327 xime
507 2278 637 2325 ante
684 2281 1031 2337 enarrantur,
1080 2290 1220 2341 quae
1269 2274 1423 2324 nimi-

326 2363 447 2397 rum
484 2360 608 2395 enm
646 2345 875 2395 referret
912 2348 1122 2406 auctor,
1169 2345 1226 2394 in
1274 2359 1423 2399 men-

328 2421 441 2466 tem
484 2429 703 2479 quoque
747 2415 903 2465 venit
945 2413 1071 2464 Deli
1118 2414 1331 2465 insulae
1388 2429 1423 2463 a

328 2486 624 2536 Pisistrato
658 2484 848 2535 itidem
885 2487 1081 2549 captae
1129 2489 1184 2534 et
1223 2484 1422 2534 lustra-

328 2560 439 2606 tae.
484 2555 661 2616 Quam
693 2570 807 2605 rem
842 2554 985 2604 scitu
1017 2553 1422 2605 memorabilem

328 2641 401 2675 ne
432 2624 944 2703 praetermitteret,
993 2624 1181 2674 statim
1237 2623 1418 2673 addit.

329 2685 479 2754 πρός
524 2707 585 2757 γε
643 2687 723 2742 ἔτι
768 2685 1021 2741 τούτοισι
1073 2684 1184 2757 τὴν
1238 2689 1421 2758 νῆσον

328 2761 530 2828 Δῆλον
562 2762 666 2813 hoc
700 2762 814 2813 fere
846 2777 1037 2813 sensu.
1076 2798 1111 2825 ‚,
1096 2766 1308 2828 ,iamque
1335 2764 1422 2813 ille

330 2833 466 2899 (non
517 2830 693 2883 solum
740 2832 952 2882 Naxum
1009 2832 1179 2896 cepit,
1231 2847 1419 2882 verum

326 2899 526 2965 etiam)
566 2908 847 2964 praeterea
877 2902 1054 2953 Delum
1092 2903 1306 2952 instalum
1338 2917 1419 2951 ce-

323 2976 405 3037 pit
439 2985 643 3036 eamque
674 2973 916 3023 lustravit
942 2971 1208 3022 secumdum
1239 2986 1422 3022 oracu-

327 3045 403 3103 la,
440 3041 535 3090 hoc
558 3040 701 3090 mdo
736 3041 878 3091 istud
901 3039 1161 3105 faciens.“
1219 3040 1285 3091 In
1313 3056 1419 3105 quo

329 3126 497 3177 quum
525 3110 783 3161 [mandi
800 3111 1076 3176 negotium
1104 3110 1418 3174 primarium

327 3179 633 3238 videretur,
683 3179 867 3230 omisit
926 3184 1226 3245 occupatae
1274 3181 1420 3231 insu-

329 3251 420 3301 lae
466 3249 798 3299 mentionem
847 3249 1053 3311 facere,
1100 3251 1421 3313 praesertim

333 3335 457 3371 cum
494 3318 601 3368 hoc
644 3319 823 3381 ipsum
862 3334 928 3369 ex
973 3319 1421 3371 antecedentibus

333 3387 498 3440 facile
554 3386 789 3453 intelligi
840 3389 1017 3451 possit
1078 3405 1145 3439 ac
1205 3388 1419 3440 debeat.

332 3461 519 3536 Quare
592 3457 757 3506 etiam
823 3458 1232 3508 distinctionem
1297 3462 1424 3523 post

329 3537 590 3577 τουτοισι
644 3525 809 3591 vulgo
870 3528 1107 3591 positam
1167 3542 1288 3578 cum
1342 3543 1424 3578 re-

328 3600 501 3650 centt.
526 3594 648 3645 edd.
684 3595 898 3655 sustuli,
925 3612 1102 3662 neque
1123 3612 1254 3648 vero
1280 3589 1427 3659 πρός

327 3682 411 3730 γε,
449 3664 599 3731 qnod
635 3679 818 3715 omnes
855 3666 1091 3717 afferunt
1121 3665 1266 3727 libri,
1303 3681 1425 3717 cum

328 3734 531 3787 iisdem
567 3734 775 3784 mutavi
810 3735 866 3784 in
902 3727 1048 3793 πρός
1092 3749 1190 3796 τες
1228 3735 1426 3787 Sohae-

330 3807 482 3858 ferus
500 3802 751 3853 voluerat
783 3796 932 3863 πρὸς
969 3800 1058 3853 δέ.
1098 3835 1170 3844 —-
1202 3796 1425 3869 Λυγδά-

328 3890 393 3936 μι
428 3873 571 3923 benc
602 3873 839 3924 retinent
861 3874 992 3924 boni
1023 3873 1169 3925 libri.
1206 3875 1290 3923 De
1319 3889 1425 3938 quo
1470 3916 1474 3923 .

332 3944 527 3993 dativo
563 3942 712 3993 conf.
732 3942 865 4001 adl,
902 3944 991 3994 41.
1062 3943 1193 3993 Mox
1232 3944 1426 3993 inver-

331 4013 421 4063 bis
452 4002 722 4074 καθήρας
755 4004 819 4060 δὲ
853 3981 964 4061 ὦδε
1004 4012 1233 4062 similem
1258 4027 1426 4075 agno-

330 4097 429 4133 sco
486 4080 755 4130 orationis
812 4080 1206 4131 abundantiam
1257 4085 1427 4145 atque

328 4165 503 4215 supra
538 4148 677 4212 1,8.
714 4149 840 4200 init.
876 4150 935 4199 in
967 4150 1150 4201 verbis
1183 4163 1324 4200 mors
1361 4143 1427 4199 δὲ

330 4216 515 4268 ταῦτα
554 4215 817 4280 νομίζων.

401 4281 674 4352 καθήρας
706 4278 770 4336 δὲ
805 4272 940 4349 ωδε]
976 4287 1246 4338 Memorat
1267 4286 1428 4337 huius

325 4358 413 4408 rei
470 4360 693 4421 praeter
770 4356 1039 4406 Ammian.
1120 4355 1428 4407 Marcellin.

324 4427 512 4490 XXII,
556 4428 643 4479 12.
678 4424 773 4478 fin.
800 4424 1148 4492 Thucydides
1176 4425 1284 4489 111,
1309 4424 1428 4476 104.

1524 1437 1661 1487 Cum
1703 1438 1845 1488 enim
1896 1437 2221 1489 Pisistratus
2258 1438 2404 1489 haud
2434 1443 2608 1490 totam

1488 1507 1754 1564 ‚insulam
1811 1513 2129 1572 purgasset,
2189 1509 2286 1559 sed
2345 1514 2609 1574 quantum

1490 1574 1501 1583 ’
1524 1576 1794 1627 duntaxat
1830 1593 1865 1627 a
1908 1577 2109 1643 templo
2156 1594 2378 1645 quaqua
2421 1596 2611 1630 versus

1521 1647 1760 1712 prospici
1796 1652 2030 1710 poterat,
2070 1663 2256 1697 rursus
2295 1665 2414 1699 eam
2448 1650 2612 1701 Athe-

1522 1717 1737 1768 nienses
1751 1716 1966 1782 Olymp.
1983 1718 2339 1779 LXXXVIII,
2350 1718 2401 1768 3.
2415 1718 2613 1781 lustra-

1522 1790 1650 1836 runt
1674 1787 1825 1836 iussu
1848 1786 2073 1848 oraculi,
2088 1792 2142 1837 et
2168 1787 2234 1836 iis
2247 1788 2463 1852 quidem
2478 1789 2612 1853 ipsis

1524 1856 1740 1917 ritibus,
1778 1857 1872 1921 qui
1918 1857 2079 1906 etiam
2127 1855 2179 1906 h.
2231 1857 2268 1907 l.
2315 1873 2612 1908 memoran-

1524 1932 1633 1977 tur.
1690 1926 1818 1976 vid.
1869 1925 2176 1987 Thucydid.
2235 1925 2272 1977 l.
2331 1927 2371 1978 l.
2427 1928 2612 1993 ibique

1523 1994 1735 2046 Dukeri
1770 1995 2063 2047 not.⁰Add.
2104 1995 2164 2045 C.
2205 1996 2270 2047 F.
2310 1997 2609 2047 Hermann.

1492 2064 1942 2124 ,Gottesdiensth
1991 2064 2224 2116 Altertb.
2269 2065 2321 2127 §-
2367 2066 2453 2118 23.
2493 2072 2609 2122 not.

1528 2135 1615 2187 16.
1675 2135 1740 2184 In
1780 2135 1976 2200 quibus
2015 2139 2347 2186 mortuorum
2383 2138 2614 2189 cadave-

1525 2220 1643 2254 rum
1681 2204 1899 2255 effossio
1943 2220 2052 2255 non
2098 2205 2348 2256 ultimum
2397 2207 2613 2258 obtinet

1522 2274 1730 2337 locum,
1778 2290 1898 2325 cum
1945 2279 2278 2326 mortuorum
2330 2277 2612 2341 sepultura

1522 2350 1723 2395 terram
1770 2360 1982 2395 sacram
2040 2344 2210 2411 pollui
2262 2352 2418 2397 vetus
2465 2353 2612 2398 esset

1523 2415 1871 2478 superstitio,
1911 2416 2065 2466 cuius
2100 2416 2421 2467 testimonia
2453 2417 2612 2468 affert

1521 2484 1796 2535 Diodorus
1853 2484 1961 2535 Sic.
2017 2485 2145 2546 XII,
2207 2485 2294 2536 58.
2352 2486 2609 2538 Aeschin.

1522 2554 1699 2617 Epist.
1750 2555 1798 2605 1.
1855 2554 2037 2604 Verba
2094 2570 2246 2619 seqq.
2309 2544 2402 2603 ἐπ’
2465 2569 2607 2604 οσον

1523 2616 1734 2683 ἔποψις
1774 2620 1881 2671 τοῦ
1917 2615 2049 2681 ἱροῦ
2081 2615 2194 2685 εἶχε
2239 2623 2452 2674 valent·
2490 2639 2611 2688 quo·

1522 2693 2612 2826 ῗὲἔέωρέὲῗᾷῒῖἓέιῖζὲἱαὲᾜξξΐ.

1522 2831 1919 2887 adhibuitVH.
1945 2832 2030 2881 72.
2065 2832 2305 2896 itemque
2328 2831 2608 2883 Plutarch.

1522 2902 1636 2952 vit.
1673 2900 1868 2952 Aemil.
1907 2901 2063 2952 Paul.
2113 2901 2199 2953 32.
2237 2902 2480 2967 Pompei.
2520 2903 2607 2954 32.

1521 2970 1736 3092 Ιιᾷιὸιιιὶἱ.
1774 2972 1828 3024 8.
1878 2971 2001 3023 coll.
2050 2970 2193 3022 Plat.
2239 2971 2377 3036 Rep.
2415 2972 2511 3023 VI.
2551 2988 2605 3037 p.

1585 3100 1910 3174 Ἀθηναίων
1958 3104 2024 3160 δὲ
2070 3102 2132 3159 οἱ
2177 3103 2280 3167 μὲν
2333 3100 2394 3159 ἐν
2436 3108 2508 3174 τῇ
2555 3127 2607 3160 κ.

1521 3195 1570 3229 τ.
1610 3177 1686 3244 L]
1721 3179 2021 3246 Intelligit,
2058 3180 2238 3243 credo,
2276 3195 2386 3230 non
2422 3194 2610 3261 omnes

1523 3249 1881 3300 Athenienses
1918 3251 2236 3315 generatim,
2264 3265 2449 3300 verum
2474 3242 2613 3306 τοὺς

1524 3310 1584 3368 ἐκ
1629 3316 1736 3368 τοῦ
1779 3333 2004 3375 αστεος.
2046 3324 2108 3369 ut
2152 3320 2370 3370 locutus
2409 3323 2528 3369 erat
2563 3318 2610 3379 Ι,

1523 3389 1610 3441 62.
1650 3387 1736 3452 63,
1775 3389 1811 3437 i.
1849 3405 1896 3439 e.
1948 3388 2307 3447 adversarios,
2356 3386 2497 3437 alius
2534 3387 2612 3436 fa-

1525 3459 1725 3509 ctionis
1760 3457 2144 3521 Athenienses,
2181 3456 2482 3538 oppidanos
2520 3471 2615 3519 po-

1525 3527 1815 3577 tissimum.
1855 3556 1925 3567 —-
1961 3528 2120 3577 Mox.
2155 3539 2293 3589 μετα
2319 3515 2614 3587 Ἀλκμαιω-

1528 3592 1698 3645 νίδεω
1752 3592 2000 3660 intelligo
2062 3596 2131 3645 de
2187 3590 2435 3659 Megacle
2492 3592 2615 3643 Alc-

1527 3664 1833 3725 maeonida‚
1873 3664 1911 3714 i.
1965 3680 2013 3713 e.
2074 3662 2417 3713 Alcmaeonis
2481 3661 2611 3722 filio,

1525 3735 1685 3784 huius
1735 3733 1995 3783 factionis
2058 3731 2225 3790 duce;
2283 3732 2354 3782 cf.
2410 3732 2467 3793 I,
2525 3728 2610 3781 59.

1525 3802 1685 3854 Unde
1720 3802 1940 3852 minime
1964 3803 2275 3852 necessaria
2307 3800 2524 3851 videtur
2542 3801 2616 3851 le-

1527 3872 1637 3923 ctio
1681 3862 2179 3933 Ἀλκμαιωνιδέων,
2236 3871 2306 3921 ad
2359 3880 2521 3935 quam
2576 3885 2611 3921 a

1526 3946 1710 3991 vetere
1739 3940 2036 4005 interprete
2052 3940 2309 3991 inductus
2333 3945 2452 3991 erat
2461 3941 2617 3989 Wes-

1527 4010 1794 4070 selingius
1825 4025 2097 4077 quamque
2131 4011 2296 4061 etiam
2330 4010 2614 4093 probatam

1525 4080 1766 4131 habebat
1794 4079 2074 4131 Plutarchi
2109 4080 2292 4130 verbis
2330 4080 2392 4129 in
2425 4077 2612 4129 Solon.

1528 4147 1623 4200 fin.
1661 4139 1693 4197 ὁ
1732 4144 1869 4228 μὲν
1875 4147 2180 4230 Μεγαξιλῆς
2225 4139 2409 4203 wambe
2443 4142 2616 4210 ἔφυγε

1530 4232 1668 4272 μετα
1692 4214 1807 4267 τῶν
1830 4207 2016 4266 αλλων
2043 4209 2615 4269 Ἀλκμαιωνιδῶν.

1528 4287 1894 4349 Wesselingio
1917 4303 2063 4338 nnnc
2088 4284 2480 4350 adstipulatum
2500 4297 2620 4333 esse
2647 4336 2652 4343 ,

1531 4357 1693 4407 video
1730 4356 1796 4408 A.
1835 4356 1903 4406 de
1937 4355 2116 4418 Iongh
2160 4355 2216 4403 in
2262 4352 2621 4418 Symboll.-li-

1530 4429 1664 4476 terr.
1699 4423 2000 4476 Amstelod.
2042 4421 2203 4487 (anni
2242 4420 2404 4485 1840)
2443 4421 2538 4471 IV.
2564 4433 2619 4485 pff.
