3109 5092
1123 297 1620 358 EUTERPE.
1664 296 1752 356 H.
1805 304 1923 361 143.

2539 301 2662 361 755

382 486 528 535 ναι·
563 470 698 538 ’καὶ
738 465 947 538 οὐδὲν
971 474 1112 538 τῶν
1138 467 1287 538 κατ’
1321 481 1677 557 Αἴγυπτον
1712 466 1848 540 ὑπὸ
1888 475 2098 540 ταῦτα
2148 473 2656 565 ἑτεροιωθῆναι,

382 565 537 638 οὔτε
565 568 645 641 τὰ
684 575 759 642 ἐκ
788 577 903 660 τῆς
935 577 1056 661 γῆς
1083 569 1241 642 οὔτε
1268 571 1349 642 τὰ
1392 576 1466 643 ἐκ
1502 580 1623 644 τοῦ
1655 579 1959 662 ποταμοῦ
1990 594 2112 662 σφι
2143 576 2467 666 γινόμενα
2496 574 2655 647 οὔτε

379 698 461 740 τα
497 668 673 764 ἀμφὶ
715 675 1005 756 νούσους
1045 673 1201 746 οὔτε
1236 674 1318 745 τὰ
1353 675 1521 747 κατὰ
1562 675 1720 757 τούς
1758 677 2123 759 θανάτους.
2189 680 2538 770 Πρότερον
2575 681 2651 750 δὲ
2670 684 2787 747 143

369 769 693 849 Ἑκαταίω
734 785 829 874 τῷ
870 785 1239 872 λογοποιῷ,
1285 782 1359 849 ἐν
1387 780 1649 870 Θήβῃσι
1693 781 2263 871 γενεηλογήσαντί
2286 811 2358 853 τε
2401 782 2657 853 ἑωυτὸν

379 947 445 996 75
477 946 602 997 coll.
646 947 945 997 Letronnio
993 945 1126 996 ibid.
1173 963 1302 1013 pag.
1344 948 1461 1009 107,

381 1016 615 1081 Lepsius
646 1016 684 1067 l.
712 1017 748 1066 l.
776 1032 904 1082 pag.
942 1015 1030 1067 191
1066 1031 1239 1083 seqq„
1276 1017 1463 1067 Rosel-

378 1085 479 1136 lini
504 1087 745 1137 Menum.
774 1086 960 1136 storic.
991 1086 1036 1136 1.
1067 1102 1193 1152 pag.
1217 1086 1303 1136 80.
1325 1091 1462 1148 not„

379 1156 587 1206 Brunet
622 1155 688 1205 de
724 1155 912 1206 Presle
948 1157 1193 1206 Examen
1232 1157 1464 1222 critique

380 1225 475 1275 des
520 1225 737 1291 dynast.
775 1227 1006 1292 Egyptt.
1045 1240 1172 1290 pag.
1209 1225 1277 1277 33
1309 1241 1462 1291 seqq.

378 1295 482 1358 86,
520 1295 615 1360 qui
653 1310 829 1345 novae
876 1294 1088 1360 periodi
1135 1294 1334 1345 annive
1382 1310 1462 1346 re-

380 1364 600 1414 formati
657 1367 997 1415 notationem
1045 1366 1102 1412 in
1163 1364 1249 1414 his
1298 1365 1470 1415 latere

379 1435 703 1485 arbitratur:
766 1434 910 1500 quod
960 1433 1100 1484 idem
1154 1436 1470 1500 suspicatur

378 1504 655 1569 Brugsch:
694 1503 1070 1555 Reisebericht
1100 1519 1202 1553 aus
1226 1507 1462 1569 Aegypt.

379 1588 432 1638 p.
479 1575 576 1626 153
621 1589 775 1639 seqq.
847 1573 1114 1639 Equidem
1154 1573 1288 1624 haec
1326 1573 1466 1623 indi-

378 1659 534 1693 casse
567 1644 705 1693 satis
733 1642 938 1693 habeo:
976 1643 1175 1692 etenim
1199 1645 1318 1708 ipse
1341 1659 1463 1707 pro-

376 1715 634 1763 nuntiare
669 1712 864 1774 nolim,
913 1728 1044 1762 num
1077 1711 1149 1762 ad
1177 1713 1462 1762 mendacia

378 1789 432 1832 et
480 1783 691 1833 somnia
727 1781 1119 1846 Aegyptiorum
1166 1782 1303 1832 haec
1349 1783 1463 1832 sint

377 1852 664 1903 referenda
698 1851 932 1916 indeque
976 1853 1146 1901 missa
1185 1850 1459 1913 facienda,

381 1937 518 1986 quae
553 1921 819 1987 Scaliger-i
867 1925 953 1969 est
989 1922 1263 1971 sententia
1299 1921 1462 1971 adeo-

375 2006 477 2055 que
513 1991 798 2041 Letronnii
847 1990 1010 2039 etiam
1058 2007 1179 2040 esse
1224 1991 1461 2053 videtur,

377 2075 450 2109 an
482 2060 596 2109 veri
635 2059 768 2125 quid
808 2060 1154 2123 contineant,
1207 2060 1354 2125 quod
1390 2060 1461 2110 ad

374 2129 612 2180 siderum
670 2129 1039 2194 cognitionem
1090 2145 1463 2195 annorumque

375 2214 592 2249 cursum
657 2199 782 2249 inde
851 2198 1290 2250 constituendum
1350 2215 1458 2249 om-

373 2269 505 2319 nino
539 2270 795 2332 pertinet.
843 2295 915 2304 —
973 2268 1039 2317 In
1080 2269 1263 2319 verbis
1304 2285 1456 2350 seqq

372 2334 469 2388 καὶ
503 2331 678 2387 οὐδὲν
713 2335 829 2387 τῶν
856 2327 984 2386 κατ’
1018 2334 1310 2402 Αἴγυπτον
1338 2352 1457 2386 vno

370 2405 550 2457 ταῦτα
619 2397 1033 2471 ἑτεροιωθῆναι
1100 2407 1269 2459 verba
1343 2397 1459 2456 ὑπὸ

370 2475 552 2528 ταῦτα
587 2477 655 2527 de
678 2480 921 2541 tempore
946 2477 1271 2561 accipienda
1300 2480 1456 2527 sunt:

373 2547 484 2597 dum
516 2547 643 2598 haec
669 2547 894 2626 flebant,
945 2538 1059 2596 ὑπὸ
1109 2539 1211 2595 τὸν
1243 2537 1458 2612 χρόνον

370 2614 599 2678 τοῦτον,
637 2607 699 2663 ἐν
734 2602 777 2680 ᾦ
806 2613 984 2664 ταῦτα
1007 2605 1243 2678 ἐγένετο,
1281 2619 1344 2665 ut
1378 2616 1458 2665 in-

373 2688 708 2750 terpretatur
742 2665 963 2749 'Lhardy
1000 2684 1071 2733 ad
1103 2685 1157 2747 Ι,
1196 2685 1279 2735 51.

709 2854 834 2907 Car.
874 2855 1118 2907 CXLIII.

444 2949 741 3024 Πρότερον
795 2952 859 3007 δὲ
905 2950 1183 3025 Εκαταίῳ
1235 2955 1314 3026 τῷ
1367 2957 1457 3007 λο-

371 3025 591 3094 γοποιῷ
613 3043 663 3077 κ.
679 3043 726 3078 τ.
752 3025 862 3111 λ...]·
845 3028 1173 3078 ·Hecataeum
1189 3027 1456 3091 Milesium,

372 3099 464 3163 qui
496 3097 806 3164 quingentis
856 3099 1022 3148 ferme
1059 3100 1216 3148 annis
1257 3112 1290 3148 a
1328 3098 1453 3148 Chr.

369 3183 425 3218 n.
468 3167 676 3229 floruit,
727 3168 1037 3218 Herodotus
1076 3168 1131 3220 h.
1171 3166 1205 3217 l.
1259 3167 1458 3218 intelli-

371 3238 474 3302 git.
545 3238 682 3300 Qui,
724 3237 971 3301 pluribus
1008 3238 1155 3288 orbis
1192 3241 1457 3287 terrarum

373 3305 622 3369 partibus
660 3305 1040 3370 perlustratis,
1093 3321 1231 3370 opus
1269 3306 1454 3358 condi·

372 3373 555 3435 derat,
604 3374 747 3438 quod
793 3375 1074 3438 inscripsit
1120 3372 1226 3439 γῆς
1262 3372 1456 3436 περίο-

372 3440 496 3504 δον,
556 3457 666 3507 qua
713 3444 897 3492 varias
947 3448 1214 3493 terrarum
1268 3448 1453 3508 partes

372 3510 443 3562 ab
480 3512 602 3575 ipso
639 3511 1000 3575 perlustratas
1038 3517 1299 3561 accurate
1337 3528 1455 3577 per-

370 3581 662 3645 scripsisse
708 3580 878 3630 fertur
928 3580 1172 3644 adeoque
1211 3580 1457 3630 tabulam

372 3666 419 3701 s.
443 3664 696 3714 mappam
715 3649 1138 3714 geographicam
1167 3649 1454 3710 adiecisse,

371 3720 438 3769 de
468 3735 579 3785 qua
612 3719 813 3769 Noster
848 3720 993 3769 infra
1030 3719 1102 3780 V,
1143 3719 1228 3768 49.
1303 3717 1456 3768 Alios

371 3795 658 3855 praeterea
712 3789 938 3853 scripsit
981 3787 1154 3838 libros
1204 3787 1455 3838 historici

370 3858 677 3923 argumenti
713 3874 747 3908 a
772 3857 1048 3908 veteribus
1077 3859 1284 3922 passim
1312 3872 1455 3907 com-

371 3933 717 3990 memoratos,
762 3943 864 3979 nec
896 3926 1177 3978 Herodoto
1215 3927 1452 3992 ignotos,

370 3998 489 4061 qui,
551 4012 672 4047 cum
724 4012 926 4062 magna
988 4001 1133 4046 esset
1184 3996 1454 4047 Hecataei

371 4066 693 4126 auctoritas,
732 4080 842 4115 non
878 4065 1054 4116 solum
1091 4066 1264 4115 multa
1304 4064 1453 4114 vide-

367 4139 460 4184 tur
514 4135 791 4197 omisisse,
855 4150 995 4200 quae
1044 4135 1115 4185 ab
1171 4135 1453 4186 Hecataeo

368 4206 507 4253 satis
546 4205 656 4253 iam
690 4205 942 4268 exposita
977 4203 1216 4266 videret,
1268 4219 1455 4253 verum

367 4272 481 4322 alia
518 4287 757 4338 quoque,
811 4288 950 4338 quae
996 4274 1175 4324 minus
1210 4273 1457 4324 bene.ab

366 4340 461 4392 illo
511 4342 717 4392 tradita
754 4347 964 4404 essent,
1017 4347 1079 4393 ut
1125 4342 1457 4404 emendaret,

1566 946 1675 996 sibi
1706 949 2078 1013 proposuisse.
2152 950 2312 1001 Unde
2334 951 2560 1015 factum,
2597 958 2661 1002 ut

1569 1017 1820 1067 acerbius
1866 1019 2103 1071 subinde
2147 1021 2485 1072 Hecataeum
2538 1026 2657 1073 tan-

1567 1101 1696 1151 gere
1747 1087 2094 1156 eiusdemque
2141 1091 2427 1155 opiniones
2475 1092 2656 1142 acrius

1567 1157 1937 1222 perstringere
2009 1160 2261 1210 videatur
2318 1160 2653 1212 Herodotus.

1568 1225 1694 1279 Vid.
1734 1234 1850 1278 not.
1889 1228 1959 1277 ad
1985 1228 2060 1291 11,
2098 1231 2185 1280 21.
2224 1228 2333 1279 68·
2316 1245 2392 1280 m.
2430 1231 2492 1280 71
2531 1231 2654 1282 init.

1568 1295 1809 1346 7215ss
1865 1303 1921 1346 et
1969 1297 2294 1348 Creuzerum
2330 1300 2387 1349 in
2438 1300 2657 1365 Fragm.

1573 1363 1703 1413 hist.
1740 1379 1868 1430 pag.
1904 1368 1990 1418 22.
2067 1369 2219 1430 Quae
2254 1368 2509 1419 hocloco
2536 1374 2655 1419 tan-

1571 1434 1657 1497 git
1688 1434 2028 1498 Herodotus,
2080 1452 2145 1487 ea
2200 1438 2534 1502 pertinuisse
2575 1438 2655 1488 vi-

1570 1502 1766 1553 dentur
1802 1503 1874 1555 ad
1909 1505 2282 1570 γενεαλογιῶν
2321 1522 2489 1572 opus,
2545 1523 2653 1572 quo

1567 1572 2035 1625 celeberrimorum
2066 1576 2334 1627 Graeciae
2378 1577 2655 1627 hominum

1563 1641 1896 1708 heroumque
1930 1645 2123 1694 seriem
2159 1650 2529 1696 enumeratam
2565 1661 2653 1696 eo·

1564 1726 1791 1776 rumque
1819 1728 1905 1763 res
1932 1719 2120 1778 gestas
2156 1713 2326 1764 literis
2364 1716 2653 1780 consigna-

1562 1785 1649 1830 tas
1671 1780 1843 1832 fuisse
1870 1782 2158 1847 probabile
2181 1789 2284 1834 est.
2340 1783 2468 1835 Vid.
2491 1784 2652 1835 Creu-

1565 1865 1655 1899 zer
1690 1850 1726 1900 l.
1764 1849 1801 1900 l.
1850 1866 1976 1916 pag.
2022 1853 2090 1902 45
2139 1868 2319 1918 seqq.,
2369 1854 2463 1917 qui
2507 1853 2651 1903 idem

1565 1919 1633 1968 de
1669 1919 1951 1971 Hecataeo
1985 1919 2144 1986 plura
2178 1921 2482 1987 disputavit
2516 1938 2646 1987 pag.

1565 1989 1598 2040 3
1636 2004 1785 2054 seqq.
1835 1989 1902 2040 38
1951 2005 2103 2056 seqq.
2157 1995 2212 2040 et
2257 2007 2401 2041 nunc
2448 1990 2650 2042 haecce

1566 2057 1745 2107 addit:
1785 2059 1908 2121 „De
1944 2060 2227 2110 Hecataeo
2254 2060 2469 2111 Milesio
2506 2061 2646 2112 The-

1563 2127 1646 2176 bis
1671 2133 1918 2178 morante
1955 2134 2009 2178 et
2036 2129 2280 2180 Diodoro
2306 2129 2501 2180 deinde
2524 2146 2650 2181 nar-

1560 2198 1835 2247 rationum
1898 2197 2005 2248 fide
2056 2198 2501 2264 dignissimarum
2558 2213 2647 2249 co-

1562 2266 1710 2330 piam
1762 2266 2102 2333 relinquente
2150 2269 2354 2335 optime
2401 2269 2649 2321 iudicant

1561 2340 1811 2386 auctores
1853 2338 2034 2402 operis
2072 2339 2349 2404 Descript.
2399 2338 2467 2389 de
2503 2338 2647 2404 l'Eg.

1564 2404 1639 2466 11,
1678 2422 1733 2470 p.
1771 2405 1899 2456 59.“
1941 2434 2011 2443 —-
2036 2409 2121 2458 Tu
2163 2408 2290 2458 add.
2318 2408 2516 2458 Ukert.
2544 2407 2581 2457 l.
2608 2406 2646 2458 l.

1563 2474 1609 2536 Ι,
1639 2475 1686 2524 l.
1715 2490 1841 2540 pag.
1868 2475 1938 2528 69
1964 2492 2076 2541 seq.
2105 2481 2160 2527 et
2177 2476 2421 2528 Klausen
2449 2476 2519 2527 ad
2542 2476 2652 2527 He-

1560 2544 1738 2593 cataei
1758 2545 1954 2610 fragm.
1973 2561 2028 2609 p.
2050 2549 2083 2595 2
2104 2561 2275 2612 seqq„
2296 2561 2402 2611 quo
2423 2551 2648 2596 auctore

1560 2612 1875 2664 Hecataeus
1911 2613 2046 2663 haec
2085 2616 2331 2665 narravit
2361 2616 2418 2663 in
2441 2614 2646 2664 descri-

1562 2681 1753 2747 ptione
1787 2682 2128 2743 Thebarum3
2165 2683 2354 2750 itaque
2389 2682 2534 2733 huuc
2568 2682 2646 2732 lo-

1561 2767 1684 2800 cum
1742 2752 1886 2801 inter
1935 2751 2243 2817 fragmenta
2292 2753 2507 2816 operis,
2556 2751 2648 2801 cui

1561 2819 1756 2870 titulus
1798 2817 2072 2886 περίοδος
2107 2819 2239 2885 γῆς,
2289 2819 2478 2870 retulit
2513 2836 2642 2886 pag.

1567 2888 1666 2939 118
1701 2905 1815 2955 seq.
1888 2890 2173 2941 Caeterum
2213 2890 2427 2941 deridet
2462 2890 2646 2940 huius-

1561 2958 1709 3009 modi
1748 2959 2101 3025 genealogias
2137 2975 2234 3025 per
2265 2960 2647 3025 antiquitatem

1562 3029 1753 3079 obvias
1789 3029 2011 3080 Lobeck
2023 3029 2394 3108 Aglaopham.
2433 3046 2488 3095 p.
2523 3029 2644 3081 327.

1617 3089 1896 3177 Ἑκαταίῳ
1965 3096 2045 3165 τῷ
2102 3097 2406 3166 λογοποιῷ]
2482 3098 2646 3162 λογο-

1556 3159 1733 3217 ποιὸν
1790 3170 2129 3220 Hecataeum
2188 3173 2354 3221 vocat
2406 3170 2647 3220 historiae

1555 3239 1869 3302 scriptorem,
1895 3247 2261 3301 enarrator-em,
2290 3242 2351 3289 ut
2369 3238 2508 3288 bene
2537 3252 2646 3286 mo-

1558 3311 1653 3356 net
1684 3307 2084 3372 Wesselingius
2109 3308 2179 3358 ad
2215 3308 2281 3370 V,
2321 3308 2388 3359 36
2424 3305 2549 3356 coll.
2576 3304 2644 3367 V,

1564 3377 1660 3426 125
1699 3380 1754 3425 et
1789 3376 2023 3436 11‚134
2058 3377 2192 3442 ibiq.
2228 3379 2369 3427 nott.
2440 3374 2646 3424 Eodem

1558 3445 1775 3493 nomine
1824 3444 2163 3494 Herodotum
2212 3441 2515 3508 appellavit
2559 3441 2646 3492 Iu-

1554 3512 1737 3561 lianus
1764 3505 2093 3575 λογοποιὸν,
2130 3512 2274 3562 haud
2308 3510 2646 3576 ignominiae

1559 3596 1743 3641 causa,
1780 3580 1877 3630 sed
1915 3585 2174 3646 tanquam
2208 3581 2474 3630 historiae
2513 3579 2644 3629 scri-

1558 3654 1799 3716 ptorem,
1873 3650 2043 3714 probo
2113 3665 2296 3700 sensu.
2370 3648 2643 3698 Videatur

1556 3718 1779 3783 Heyler.
1830 3718 1900 3767 ad
1937 3719 2132 3769 Iulian.
2172 3735 2257 3784 ep.
2295 3717 2476 3768 XXII.
2515 3732 2644 3782 pag.

1558 3790 1661 3839 252
1699 3803 1814 3852 seq.
1871 3803 1905 3837 a
1939 3789 2038 3840 Cr.
2094 3787 2165 3837 ad
2201 3788 2345 3838 hunc
2382 3788 2421 3838 l.
2459 3785 2648 3836 lauda-

1558 3862 1668 3907 tus.
1742 3858 1870 3921 Ipse
1927 3856 2240 3907 Herodotus
2313 3857 2371 3907 in
2428 3855 2646 3906 Arriani

1555 3924 1758 3989 Peripl.
1802 3925 1869 3975 18
1907 3926 2105 3976 dicitur
2136 3917 2442 3991 λογοποιὸς
2472 3924 2645 3990 probo

1555 3998 1741 4060 utique
1759 4010 1942 4046 sensu.
1969 3996 2123 4058 Quae
2136 4000 2434 4077 sequuntur
2448 3995 2644 4045 verba.

1555 4057 2035 4144 γενεηλογήσαντί
2056 4079 2112 4114 τε
2140 4058 2351 4115 ἑωυτὸν
2374 4059 2471 4114 καὶ
2508 4054 2641 4113 ἄνα-

1556 4125 1795 4198 δήσαντι
1841 4125 1950 4217 τὴν
1991 4129 2240 4199 πατριὴν
2286 4123 2343 4191 ἐς
2393 4124 2619 4183 ἕκκαιδέ

1556 4216 1734 4253 κατον
1769 4198 1932 4268 θεὸν,
1971 4203 2182 4255 valent·
2218 4207 2304 4268 qni
2333 4206 2537 4269 generis
2563 4215 2625 4251 su

1558 4276 1795 4338 oriyinem
1828 4289 2096 4324 recensere
2140 4288 2343 4338 eamque
2387 4271 2460 4321 ad
2503 4271 2649 4320 denam

1561 4351 1797 4408 tanquam
1839 4346 2206 4408 prayenitorem
2245 4343 2477 4392 dechtmm
2520 4353 2645 4389 sex-

2094 4422 2232 4484 48*
