3109 5092
470 370 596 434 662
1335 371 1877 434 HERODOTI

470 548 755 617 λε’σαντα
783 548 895 616 καὶ
924 546 1094 637 πρὸς
1120 544 1306 642 αὐτῷ
1338 544 1496 628 τούς
1523 554 1787 632 παῖδας,
1818 551 2173 635 περινῆσαι
2205 548 2466 627 ἔξωθεν
2493 542 2618 633 τὴν
2644 552 2749 614 οἰ-

471 656 628 738 κίην
665 646 832 740 ὕλῃ,
887 650 1338 741 περινήσαντα
1392 651 1467 721 δὲ
1509 648 1918 741 ὑποπρῆσαι.
2025 646 2145 719 τὸν
2197 647 2307 733 δὲ,
2364 644 2454 728 ὣς
2495 659 2752 737 μαθεῖν

472 758 699 838 τοῦτο,
751 750 993 823 αὐτίκα
1037 754 1630 843 συμβουλεύεσθαι
1671 760 1753 844 τῇ
1785 759 2093 842 γυναικί·
2202 753 2315 821 καὶ
2346 750 2476 840 γὰρ
2507 750 2591 839 δὴ
2634 755 2750 822 καὶ

473 854 599 946 τὴν
638 871 931 944 γυναῖκα
974 854 1185 928 αὐτὸν
1237 854 1370 947 ἅμα
1412 856 1720 946 ἄγεσθαι.
1826 855 1953 946 τὴν
1989 858 2070 926 δέ
2111 860 2180 925 οἰ
2218 861 2748 943 συμβουλεῦσαι,

473 966 609 1030 τῶν
636 966 903 1031 παίδων
926 952 1176 1032 ἐόντων
1204 964 1269 1044 ἓξ
1295 960 1452 1043 τούς
1478 961 1603 1031 δύο
1632 963 1741 1030 ἐπὶ
1771 959 1895 1050 τὴν
1923 957 2151 1051 πυρὴν
2178 961 2598 1044 ἐκτείναντα,
2629 987 2744 1046 γε-

474 1068 789 1153 φυρῶσαι
833 1061 910 1132 τὸ
953 1063 1341 1153 καιόμενον,
1391 1062 1640 1144 αὐτοὺς
1682 1061 1745 1133 δ’
1794 1060 1902 1134 ἐπ’
1956 1067 2239 1134 ἐκείνων
2276 1067 2749 1150 ἐπιβαίνοντας

475 1164 903 1250 ἐκσώζεσθαι.
1012 1174 1220 1237 ταῦτα
1261 1174 1532 1257 ποιῆσαι
1584 1166 1702 1237 τὸν
1744 1170 2167 1255 Σέσωστριν·
2275 1167 2387 1234 καὶ
2441 1164 2567 1235 δύο
2620 1165 2749 1254 μὲν

475 1274 613 1339 τῶν
639 1275 905 1339 παίδων
935 1276 1346 1358 κατακαῆναι
1374 1271 1600 1364 τρόπῳ
1628 1271 1944 1364 τοιούτῳ,
1990 1268 2148 1349 τούς
2176 1269 2251 1337 δὲ
2279 1267 2555 1348 λοιποὺς
2575 1266 2743 1339 ἄπο-

345 1373 462 1435 108
478 1376 783 1461 σωθῆναι
810 1369 947 1461 ἅμα
973 1379 1066 1468 τῷ
1094 1381 1316 1463 πατρί.
1402 1373 1756 1464 Νοστήσας
1795 1374 1870 1444 δὲ
1897 1370 1933 1444 ὅ
1961 1376 2345 1461 Σέσωστρις
2373 1375 2440 1452 ἐς
2467 1370 2590 1461 τὴν
2619 1381 2744 1441 Αἴ-

477 1500 737 1563 γυπτον
768 1478 881 1545 καὶ
908 1477 1259 1565 τισάμενος
1292 1475 1413 1547 τὸν
1438 1474 1812 1566 ἀδελφεὸν,
1855 1482 1949 1572 τῷ
1973 1477 2099 1565 μὲν
2130 1470 2376 1569 ὁμίλῳ,
2414 1473 2540 1556 ,τὸν
2579 1478 2742 1563 ἐπη-

475 1575 750 1666 γάγετο,
791 1585 929 1650 τῶν
962 1577 1079 1661 τὰς
1116 1579 1335 1669 χώρας
1369 1582 1890 1670 κατεστρέψατο,
1934 1579 2149 1673 τούτῳ
2190 1579 2316 1668 μὲν
2348 1578 2510 1648 τάδε
2548 1578 2741 1667 ἐχρή-
2820 1602 2827 1607 ·

474 1705 655 1752 Gaio.

474 1869 570 1905 νια
620 1854 785 1922 vulgo
835 1861 962 1906 sunt
1005 1857 1364 1921 hospitalitatis
1406 1856 1556 1920 dona,

473 1940 714 1987 munera,
750 1941 891 1991 quae
922 1926 1227 1992 hospitibus
1264 1927 1563 1978 offeruntur

475 2011 542 2046 ac
578 1994 927 2060 praebentur.
1000 1996 1157 2046 Conf.
1197 2012 1336 2062 quae
1375 1997 1560 2046 monui

476 2064 546 2114 ad
581 2064 860 2115 Plutarch.
907 2064 1178 2116 Alcibiad.
1226 2082 1279 2132 p.
1319 2066 1453 2128 216,
1505 2070 1562 2115 et

475 2132 601 2183 add.
639 2133 845 2184 Herod.
895 2134 1005 2196 lv,
1051 2136 1170 2186 154.
1205 2135 1284 2196 V,
1328 2136 1390 2185 18
1425 2135 1556 2201 ibiq.

474 2201 659 2253 laudd.
697 2202 894 2253 Iacobs
931 2202 1000 2252 ad
1019 2204 1232 2254 Aelian.
1253 2205 1323 2254 N.
1344 2202 1409 2253 A.
1436 2203 1482 2265 1,
1506 2207 1559 2255 2.

473 2271 749 2322 invitarat
802 2270 1012 2322 scilicet
1063 2274 1232 2323 frater
1281 2272 1558 2324 Sesostrin

474 2340 547 2391 ad
583 2341 783 2391 festum
809 2340 1086 2391 redeuntis
1116 2341 1173 2390 in
1197 2342 1454 2392 honorem
1479 2342 1559 2392 in-

475 2410 751 2472 stitutum,
801 2411 960 2475 quasi
1004 2410 1275 2476 hospitale
1318 2411 1555 2476 epulum,

475 2495 582 2546 quo
631 2479 875 2544 hospites
922 2479 1087 2546 vulgo
1133 2481 1308 2545 echpi
1358 2480 1553 2532 solent.

473 2549 618 2599 Hinc
681 2549 956 2599 Diodorus
1015 2548 1052 2600 l.
1117 2549 1155 2601 l.
1211 2549 1552 2616 simpliciter:

474 2612 674 2669 ἑστιῶν
717 2609 898 2668 αὐτὸν
945 2609 975 2667 ὁ
1018 2609 1264 2683 ἀδελφὸς
1309 2635 1361 2670 κ.
1417 2636 1463 2670 τ.
1502 2619 1550 2670 λ.

472 2688 557 2740 Ad
592 2692 923 2740 structuram
957 2689 1126 2739 totius
1158 2689 1264 2740 loci
1289 2690 1559 2755 pronomi-

472 2774 706 2838 numque
742 2774 898 2809 usum
933 2758 1036 2808 hoc
1071 2758 1387 2811 tenendum:
1423 2756 1555 2809 τοῦ-

473 2841 576 2876 τον
610 2820 683 2891 δὴ
719 2820 824 2876 τὸν
857 2822 976 2892 Αἰγ.
1013 2824 1143 2877 Σέσ.
1162 2864 1177 2891 ,
1213 2844 1352 2893 quae
1389 2829 1556 2880 verba

474 2896 631 2945 initio
670 2895 870 2960 capitis
916 2895 1197 2961 leguntur,
1245 2913 1365 2949 esse
1412 2899 1559 2948 obie—

475 2965 552 3014 cti
573 2956 965 3028 accusativum,
992 2967 1084 3031 qui
1108 2965 1306 3029 pendet
1328 2982 1362 3017 a
1388 2966 1554 3018 verbo

475 3026 788 3082 καλέσαντα
825 3038 879 3083 et
909 3034 1172 3097 repetitur
1196 3050 1331 3086 voce
1357 3027 1553 3099 αὐτὸν,

475 3101 618 3167 quod
641 3118 816 3167 aeque
841 3118 905 3153 ac
938 3117 1166 3168 sequens
1193 3094 1350 3172 αυτῷ
1371 3105 1441 3155 ad
1465 3107 1559 3156 Se-

474 3171 762 3222 sostridem
806 3172 1075 3238 pertinere
1119 3188 1275 3223 nemo
1319 3189 1428 3224 ιιοιι
1478 3176 1558 3225 vi-

474 3240 593 3301 det;
641 3238 850 3291 τοῦτον
893 3233 1010 3305 (ἐπὶ
1057 3238 1238 3321 ξείνια
1281 3257 1333 3292 κ.
1380 3258 1427 3292 τ.
1475 3241 1554 3306 λζ)

473 3327 602 3361 vero
639 3314 887 3377 spectare
921 3310 991 3362 ad
1026 3304 1129 3359 τὸν
1160 3301 1443 3377 ἀδελφεὸν
1476 3312 1558 3364 id-

475 3396 579 3447 que
626 3379 693 3431 ob
738 3382 906 3432 verba
955 3381 1246 3432 interiecta
1292 3388 1555 3448 repetere,

471 3456 730 3516 tanquam
766 3451 998 3502 subiecti
1034 3452 1439 3515 accusativum,
1486 3453 1558 3503 ad

474 3536 643 3586 quem
666 3521 725 3572 in
761 3536 910 3588 seqq.
947 3521 1287 3572 referendum
1325 3490 1556 3587 περινή-

474 3603 668 3640 σαντα.

547 3656 852 3724 περινῆσαι
910 3653 1132 3720 ἔξωθεν
1196 3650 1303 3723 τὴν
1364 3652 1559 3722 οἰκίην

468 3716 601 3807 υλῃ]
648 3728 852 3795 Scripsi
899 3726 1229 3806 περινῆσαι
1248 3726 1366 3793 (pro
1403 3741 1559 3791 περι-

474 3795 719 3877 νηῆσαι)
751 3803 808 3848 et
857 3813 981 3848 mox
1024 3788 1410 3863 περινήσαντα
1456 3812 1556 3862 pro

475 3857 926 3930 περινηήσαντας
964 3867 1075 3918 vid.
1113 3871 1253 3919 nott.
1291 3868 1362 3917 ad
1391 3867 1434 3928 1,
1467 3866 1554 3918 50.

472 3934 557 3985 Ad
592 3939 919 3986 structuram
957 3936 1102 3986 conf.
1137 3936 1340 3987 Herod.
1364 3937 1463 3999 VI,
1486 3938 1558 3988 80

475 4004 598 4069 (ubi
637 3997 919 4084 περινέειν
953 3994 1113 4071 υλῃ),
1187 4007 1242 4056 ui
1279 4005 1421 4056 idem
1459 4006 1554 4070 IV,

477 4073 576 4126 164
622 4073 759 4122 dixit
790 4063 939 4153 ὕλην
973 4088 1101 4135 περι
1182 4088 1300 4132 σας.

542 4134 644 4191 τὸν
669 4135 733 4191 δὲ
768 4133 843 4199 ὡς
878 4141 1111 4206 μαθεῖν]
1153 4137 1254 4193 τὸν
1276 4136 1338 4193 δὲ
1366 4143 1435 4193 ad
1462 4142 1555 4193 Se-

472 4215 661 4264 sostrin
706 4212 875 4272 refer,
924 4213 1041 4277 qui,
1094 4228 1215 4262 cum
1261 4213 1489 4263 insidias
1523 4228 1560 4262 a

474 4284 646 4333 fratre
702 4285 940 4331 structas
990 4280 1380 4343 intellexisset,
1434 4298 1558 4332 cum

476 4352 678 4401 femina
715 4352 781 4401 de
817 4350 1121 4417 effugiendo
1156 4350 1396 4417 periculo
1432 4367 1559 4401 con-

472 4421 598 4474 silia
634 4420 877 4489 agitarit.
939 4421 1004 4472 In
1043 4436 1152 4489 quo
1184 4419 1411 4474 adverte
1446 4421 1554 4475 vim

760 1682 918 1763 τούς
945 1686 1022 1753 τέ
1046 1689 1116 1753 οί
1137 1691 1377 1764 λίθους
1396 1736 1416 1769 ,
1457 1682 1613 1764 τούς
1642 1685 1751 1754 ἐπὶ
1776 1683 2021 1754 τούτου
2055 1688 2177 1752 τοῦ
2214 1685 2523 1771 βασιλέος
2552 1709 2743 1771 κομι-

1661 1854 1824 1905 medii
1900 1855 2052 1907 verbi
2130 1848 2746 1924 συμβουλεύεσθαι

1663 1922 1901 1988 (consilia
1968 1927 2194 1991 ayitare,
2260 1927 2615 2008 deliberare),
2689 1932 2748 1978 et

1661 1995 1833 2044 activi
1893 1988 2394 2063 συμβουλεύειν
2459 1996 2747 2061 (consilium

1661 2065 1818 2127 dare,
1872 2066 2174 2129 consulere).
2264 2066 2421 2117 Conf.
2477 2066 2745 2118 Herodot.

1661 2134 1706 2197 1,
1742 2101 1825 2213 19,ἶ
1861 2134 1996 2195 VII,
2032 2134 2154 2185 235.

1730 2194 1867 2261 τοὺς
1901 2171 2008 2252 δύο
2062 2195 2154 2253 ἐπὶ
2191 2195 2296 2269 τὴν
2334 2194 2528 2269 πυρὴν
2574 2194 2745 2253 ἐκτεί-

1662 2271 1856 2339 ναντα]
1894 2273 1930 2323 i.
1957 2289 2003 2323 e.
2039 2273 2230 2324 duobus
2260 2289 2416 2336 snper
2446 2288 2629 2340 pyram
2652 2291 2748 2324 ea:-

1658 2344 1813 2391 tensis
1872 2351 2071 2404 pontem
2132 2345 2277 2407 quasi
2333 2350 2535 2393 struere
2589 2360 2750 2406 super

1659 2414 1918 2462 materiam
1965 2412 2240 2466 ardentem.
2326 2413 2409 2462 De
2452 2428 2560 2476 quo
2597 2417 2749 2464 tacet

1657 2480 1961 2543 Diodorus,
2023 2482 2117 2546 qui
2163 2497 2348 2545 regem
2402 2488 2590 2532 narrat
2648 2499 2747 2547 pro

1659 2549 1835 2601 salute
1883 2551 2067 2601 uxoris
2113 2556 2167 2602 et
2206 2551 2435 2600 filiorum
2471 2557 2604 2601 vota
2640 2552 2748 2601 diis

1658 2620 2043 2684 suscipientem
2079 2620 2161 2671 ita
2196 2620 2468 2683 evasisse,
2513 2621 2749 2687 indeque

1662 2689 1826 2739 etiam
1885 2694 2079 2755 postea
2127 2690 2257 2741 deos
2318 2694 2432 2739 tum
2486 2691 2746 2756 reliquos,

1662 2763 1773 2809 tum
1809 2757 2111 2810 Vulcanum
2148 2758 2422 2824 inprimis,
2472 2764 2534 2809 ut
2571 2777 2606 2811 a
2636 2777 2744 2827 quo

1659 2826 2001 2894 potissimum
2037 2830 2144 2877 iam
2174 2829 2457 2894 inopinato
2493 2835 2746 2883 servatus

1659 2899 1883 2962 fuisset,
1923 2898 2160 2949 donariis
2196 2897 2514 2952 honorasse.

2011 3070 2144 3121 CAP.
2184 3069 2390 3121 CVIII.

1728 3168 1845 3220 τῶν
1901 3163 2002 3229 τὰς
2054 3163 2243 3236 χώρας
2296 3163 2742 3239 κατεστρέψατο]

1658 3242 1811 3293 Haec
1845 3242 2012 3292 verba
2038 3241 2402 3307 Wesselingio
2437 3246 2493 3293 et
2518 3243 2747 3294 Valcke-

1658 3311 1812 3361 nario
1866 3327 1934 3361 ex
1990 3326 2110 3376 cap.
2160 3311 2531 3362 antecedentis
2586 3314 2746 3364 initio

1659 3380 1765 3431 huc
1788 3397 1823 3430 a
1845 3379 2050 3431 lectore
2069 3382 2303 3445 repetita
2323 3380 2596 3433 videntur.
2635 3383 2745 3434 Sed

1658 3454 2034 3516 praeterquam
2058 3450 2202 3516 quod
2221 3450 2380 3500 codd.
2399 3466 2582 3501 omnes
2609 3452 2748 3502 haec

1658 3520 1826 3570 verba
1847 3519 2088 3570 hocloco
2109 3519 2381 3582 exhibent,
2406 3521 2591 3571 obstat
2612 3537 2745 3586 quo-

1659 3604 1765 3654 que
1784 3589 2052 3641 Herodoti
2088 3590 2264 3640 oratio
2287 3590 2560 3655 copiosior
2582 3596 2744 3657 atque

1660 3658 1894 3709 uberior.

1728 3718 1908 3793 τούτῳ
1935 3720 2040 3789 μὲν
2067 3717 2230 3776 τάδε
2256 3716 2554 3793 ἐχρήσατο]
2582 3727 2744 3779 Conf.

1661 3796 1743 3860 11,
1782 3797 1850 3846 95
1888 3796 2019 3861 ibiq.
2058 3801 2199 3846 nott.
2227 3827 2297 3835 -
2338 3794 2423 3846 Ad
2463 3812 2746 3863 argumen-

1658 3871 1772 3916 tum
1806 3866 1950 3916 conf.
1989 3865 2215 3916 Diodor.
2253 3866 2312 3928 I,
2348 3866 2440 3929 56,
2479 3866 2748 3932 simulque

1658 3934 1995 3986 consulenda
2038 3950 2128 3998 ea,
2179 3950 2320 4001 quae
2359 3934 2415 3984 in
2464 3937 2599 4001 ipsis
2635 3952 2749 3987 mo-

1658 4005 1932 4055 numentis
1968 4020 2001 4054 a
2024 4004 2332 4055 Sesostride
2366 4006 2561 4055 erectis
2599 4005 2748 4055 exhi-

1658 4074 1880 4137 bentur,
1931 4075 1988 4124 in
2038 4074 2234 4140 quibus
2280 4073 2526 4125 videmus
2574 4076 2747 4140 capti-

1658 4159 1757 4194 vos
1793 4143 2037 4194 homines
2072 4160 2100 4193 e
2139 4144 2308 4194 variis
2345 4144 2506 4194 terris
2545 4160 2579 4194 a
2618 4160 2748 4210 rege

1659 4213 1869 4263 victore
1898 4213 2164 4264 adductos
2201 4218 2256 4264 et
2285 4212 2354 4262 ad
2392 4214 2548 4264 varia
2583 4229 2747 4280 nego-

1659 4283 1739 4332 tia
1771 4282 2078 4333 adhibitos:
2115 4282 2225 4333 vid.
2266 4298 2406 4347 quae
2439 4284 2493 4333 in
2513 4285 2743 4334 Excurs.

1659 4350 1727 4401 ad
1778 4367 1901 4416 cap.
1954 4352 2053 4403 102
2099 4351 2442 4403 laudavimus
2493 4358 2549 4403 et
2596 4353 2742 4403 conf.

1659 4420 1822 4475 Birch
1872 4422 1930 4473 in
1976 4422 2292 4477 Transactt.
2345 4422 2406 4472 of
2453 4421 2547 4475 the
2591 4421 2747 4491 royal

2346 4576 2380 4603 κ
