3109 5092
1253 381 1506 443 OLIO.
1553 383 1605 443 Ι.
1652 394 1742 447 50.
2546 382 2629 447 99

338 561 582 634 ’κλίνας
619 581 694 623 τε
737 550 1137 643 ἐπιχρύσους
1180 556 1292 623 καὶ
1343 549 1799 644 ἐπαργύρους,
1856 560 1968 628 καὶ
2025 559 2270 648 φιάλας
2320 564 2626 649 χρυσέας,

342 661 458 727 καὶ
517 662 751 744 εἵματα
797 659 1180 749 πορφύρεα,
1234 659 1345 726 καὶ
1389 664 1723 743 κιθῶνας,
1777 662 1983 751 νήσας
2025 660 2254 751 πυρὴν
2303 664 2624 753 μεγάλην,

339 764 651 829 κατέκαιε
668 812 685 843 ,
731 755 1018 845 ἐλπίζων
1042 760 1162 831 τὸν
1189 758 1359 831 θεὸν
1385 762 1642 849 μᾶλλόν
1669 787 1732 830 τι
1761 765 2056 835 τούτοισι
2087 763 2586 855 ἀνακτήσεσθαι
2606 787 2622 802 '

339 870 637 933 Λυδοῖσί
671 891 745 932 τε
790 870 953 933 πᾶσι
998 881 1310 952 προεῖπε,
1356 862 1561 933 θύειν
1591 864 1810 936 πάντα
1847 867 1996 938 τινὰ
2039 866 2267 937 αὐτῶν
2296 869 2545 962 τούτῳ,
2587 898 2624 938 ο

2590 864 2624 888 H

339 994 403 1035 τι
448 974 584 1055 ἔχοι
624 970 920 1048 ἕκαστος.
982 963 1068 1047 ὥς
1116 967 1191 1036 δὲ
1234 964 1308 1036 ἐκ
1349 973 1464 1057 τῆς
1492 975 1742 1055 θυσίης
1786 967 2082 1058 ἐγένετο,
2137 971 2626 1060 καταχεάμενος

341 1157 523 1231 νόμος
559 1161 753 1231 σφάζει
792 1161 889 1217 καὶ
932 1165 1138 1216 κτείνει
1182 1183 1237 1216 κ.
1278 1183 1326 1217 τ.
1365 1165 1434 1231 L,

340 1242 405 1285 ut
440 1252 508 1286 ex
541 1236 779 1302 Etymol.
819 1237 1053 1289 Gudian.
1099 1252 1154 1301 Ρ.
1194 1236 1326 1299 350,
1367 1240 1436 1288 25

341 1322 460 1371 seq.
497 1305 789 1371 adscripsit
826 1308 913 1359 Cr.
952 1306 1119 1357 Plura
1155 1306 1338 1357 Stura.
1377 1308 1434 1356 in

340 1376 529 1426 Lexic.
562 1376 808 1441 Xenoph.
846 1376 926 1427 11.
954 1392 1008 1440 p.
1037 1373 1156 1426 798.
1206 1377 1288 1427 Ne
1310 1377 1433 1441 quis

339 1460 474 1495 vero
510 1460 764 1510 magnam
797 1446 1091 1496 demiretur
1131 1445 1432 1496 hostiarum

340 1530 625 1564 numerum
691 1531 726 1565 a
784 1515 987 1566 Croeso
1050 1520 1431 1578 mactatarum,

340 1583 599 1634 laudatur
636 1583 943 1635 Salomonis
994 1585 1322 1649 exemplum,
1373 1586 1431 1633 in

339 1653 714 1704 consecrando
749 1655 951 1719 templo
982 1655 1432 1720 Hierosolymita-

338 1739 412 1773 no
450 1723 652 1788 viginti
684 1723 863 1774 millia·
904 1724 1068 1774 boum
1115 1729 1171 1774 et
1212 1729 1431 1777 eentum

339 1794 559 1857 viginta
594 1792 765 1843 millia
798 1794 981 1843 ovium
1016 1795 1309 1844 mactantis
1339 1793 1429 1857 (de

338 1862 575 1927 Regibb.
615 1863 723 1912 111.
774 1878 896 1928 cap.
942 1864 1000 1925 8,
1043 1860 1170 1926 63);
1207 1858 1433 1929 laudan-

338 1936 433 1981 tur
451 1932 782 1982 Graecorum
814 1932 1187 1995 hecatombae,
1209 1932 1338 1995 alia,
1363 1933 1432 1982 de

340 2001 543 2065 quibus
579 2002 689 2052 iam
725 2001 1050 2053 Theodoret.
1096 2002 1251 2053 Orat.
1299 2002 1428 2051 VII.

341 2070 414 2119 ad
452 2071 647 2121 Graec.
692 2087 747 2136 p.
800 2071 918 2122 10-1.
987 2071 1132 2123 Add.
1178 2072 1433 2122 Creuzeri

341 2140 589 2205 Symbol.
642 2141 690 2192 1.
738 2156 793 2206 p.
833 2140 935 2192 173
970 2156 1086 2206 seq.
1147 2142 1301 2204 Quae
1338 2141 1430 2206 qui

340 2214 576 2274 reputet,
612 2211 664 2259 ei
706 2208 1035 2260 sacrificinm
1070 2209 1239 2267 hocce
1272 2210 1430 2260 forsi-

282 2304 289 2309 ·
338 2284 441 2328 tan
487 2281 664 2329 minus
705 2279 901 2329 mirum
944 2278 1220 2330 videbitur
1267 2294 1430 2344 quam

340 2363 427 2410 ea,
467 2363 607 2412 quae
642 2354 769 2413 post
813 2348 877 2399 de
925 2350 1132 2413 ingenti
1176 2350 1296 2399 auri
1343 2363 1429 2398 ar·

340 2420 603 2482 gentique
644 2418 728 2480 vi,
774 2416 949 2483 deque
992 2416 1203 2467 divitiis
1249 2417 1428 2482 Lydo·

341 2503 463 2543 rmn
496 2492 804 2538 narrantur.
843 2486 951 2537 Sed
984 2486 1091 2538 hac
1125 2485 1192 2537 de
1228 2502 1287 2537 re
1318 2488 1427 2536 iam

340 2571 510 2632 supra
540 2557 588 2618 Ι,
627 2559 705 2606 14.
745 2555 1004 2606 nonnulla
1042 2557 1364 2607 monuimus.

278 2639 283 2642 ’
411 2620 593 2690 νήσας
647 2616 843 2689 πυρὴν
895 2615 1162 2691 μεγάλην]
1210 2618 1428 2689 νηήσας

338 2692 896 2745 Schellershemianus
969 2694 1217 2760 aliusque
1291 2693 1427 2743 liber

338 2764 661 2842 praebebat.
705 2763 973 2829 Equidem
1007 2764 1207 2815 retinui
1241 2762 1427 2827 vulga-

337 2841 456 2882 tam
488 2824 684 2896 νήσας,
720 2848 881 2897 quam
918 2838 1140 2883 tuentur
1191 2832 1287 2883 alii
1320 2830 1428 2882 loci

336 2902 384 2963 1,
409 2902 498 2953 34.
524 2900 612 2952 86.
649 2901 725 2964 11,
757 2902 874 2965 107,
905 2917 1175 2967 quamque
1205 2902 1429 2952 retineri

335 2972 492 3021 iubet
527 2969 759 3021 Bredov.
805 2987 860 3035 p.
898 2973 985 3022 47.
1033 2973 1118 3022 De
1155 2971 1428 3037 significa-

336 3041 491 3091 tione
524 3039 681 3089 verbi
708 3039 819 3089 dixi
854 3040 925 3091 ad
948 3041 994 3103 1,
1033 3040 1121 3092 34.
1185 3039 1429 3092 Herodo-

337 3116 456 3160 tum
491 3110 712 3159 imitans
747 3109 1115 3160 Philostratus
1162 3125 1296 3160 usus
1343 3114 1429 3159 est

337 3179 442 3229 hoc
470 3178 638 3229 verbo
667 3193 730 3227 ex
759 3183 1005 3229 veterum
1037 3178 1431 3230 consuetudine

339 3264 439 3313 pro
495 3241 781 3309 σωρεύειν.
885 3249 1009 3298 Vid.
1068 3263 1209 3313 quae
1265 3247 1429 3299 Creu-

338 3332 499 3367 zerus
544 3314 733 3366 laudat
787 3317 859 3367 ad
912 3317 1151 3367 Bekkeri
1191 3317 1425 3383 Specim.

340 3386 663 3437 Philostrat.
700 3401 827 3451 pag.
863 3386 933 3438 83
967 3391 1082 3437 not.
1141 3387 1225 3439 19.
1259 3416 1330 3426 —
1360 3386 1427 3436 In

338 3471 493 3521 seqq.
529 3453 771 3520 plerique
793 3456 918 3505 libri
954 3470 1169 3520 ανακτη
1183 3468 1251 3506 σε
1264 3453 1424 3517 σθαι

338 3530 403 3574 ut
459 3539 605 3574 nunc
662 3522 864 3575 editum
927 3524 1177 3589 legimus.
1246 3524 1425 3589 Vulgo

337 3584 810 3661 ἀνακτήσασθαι,
834 3608 935 3644 nec
957 3594 1135 3658 ipsum
1165 3593 1425 3644 librorum

340 3661 675 3712 auctoritate
707 3661 1045 3723 destitutum,
1068 3678 1170 3712 nec
1204 3678 1425 3727 prorsus

341 3730 719 3793 reiiciendum3
780 3732 927 3782 conf.
993 3746 1174 3796 quae
1200 3732 1312 3782 dixi
1368 3732 1427 3781 in

342 3800 597 3850 Creuzeri
643 3800 852 3850 Melett.
901 3800 1008 3851 111.
1049 3816 1104 3865 p.
1161 3801 1244 3851 11.
1318 3800 1426 3852 Sed

342 3869 446 3920 hoc
495 3868 617 3918 loco
678 3869 937 3920 librorum
996 3869 1278 3920 meliorum
1331 3885 1427 3919 au-

343 3939 676 4059 οιοιίίιιΐοιιί
684 3940 837 4004 sequi
868 3944 1136 4004 praestat.
1176 3939 1261 3990 Cf.
1297 3940 1426 3989 Bre-

343 4008 450 4057 dov
504 4022 542 4071 p
587 4008 623 4056 4

407 4068 584 4126 &new
617 4065 808 4125 πάντα
842 4066 973 4125 τινὰ
1006 4090 1199 4125 αυτων
1225 4065 1426 4140 τούτῳ,

341 4161 371 4195 ο
392 4161 447 4194 τι
467 4139 588 4209 ἔχοι
615 4138 867 4209 emotae]
881 4135 1064 4211 τούτῳ
1086 4144 1425 4205 retinuimus,

340 4214 585 4279 pluribus
607 4212 762 4262 libris
791 4213 870 4262 ita
901 4213 1231 4264 iubentibus.
1270 4213 1425 4262 Unus

342 4282 921 4335 Schellershemianus.
957 4280 1159 4346 τοῦτο,
1213 4281 1358 4346 quod
1391 4296 1425 4330 a

341 4351 654 4403 Gaisfordio
687 4351 744 4399 in
768 4356 977 4401 textum
1011 4356 1096 4401 est
1132 4356 1424 4415 receptum,

339 4422 470 4471 mihi
505 4427 693 4470 tamen
726 4417 1050 4484 glossatoris
1088 4434 1306 4471 manum
1341 4434 1428 4468 sa-

1538 1184 1667 1235 pere
1712 1171 1956 1233 videtur,
2006 1171 2100 1235 qui
2154 1171 2398 1222 dativum
2439 1162 2624 1238 τούτῳ

1537 1255 1648 1289 non
1685 1242 1821 1290 satis
1851 1240 2125 1305 explicare
2158 1242 2411 1292 valuerit.
2451 1241 2624 1304 Quem

1537 1309 1633 1374 qni
1668 1325 1933 1374 personae
1953 1309 2201 1362 dativum
2235 1312 2511 1376 accipiunt
2540 1310 2626 1371 (ut

1537 1378 1584 1441 1,
1622 1378 1768 1443 216),
1816 1380 2057 1430 referunt
2090 1381 2161 1431 ad
2196 1380 2358 1431 deum
2401 1379 2624 1445 Delphi-

1537 1463 1686 1511 cum,
1739 1450 1827 1499 cui
1870 1449 2102 1500 Croesus
2150 1450 2219 1501 ab
2271 1450 2419 1502 omni
2465 1448 2622 1514 Lydo

1534 1517 1594 1566 id
1651 1517 1828 1569 offerri
1887 1518 2088 1581 voluit,
2145 1518 2408 1585 quidquid
2461 1533 2624 1568 unus-

1535 1587 1767 1652 quisque
1802 1588 2029 1638 haberet
2063 1594 2251 1653 aptum
2295 1589 2365 1639 ad
2401 1587 2624 1639 offeren-

1535 1655 1680 1719 dum,
1726 1656 1871 1723 quod
1912 1656 2091 1707 offerri
2130 1663 2320 1722 posset
2360 1662 2623 1722 tanquam

1534 1740 1751 1777 sacrum
1787 1727 1916 1789 deo,
1964 1727 2080 1777 sive
2126 1726 2263 1776 illud
2297 1726 2502 1777 animal
2537 1741 2623 1776 es-

1535 1800 1638 1859 set,
1657 1794 1801 1860 quod
1827 1799 2174 1858 mactaretur,
2197 1796 2313 1846 sive
2335 1794 2445 1845 alia
2462 1810 2624 1859 quae·

1534 1866 1682 1929 piam
1717 1880 1804 1915 res
1842 1865 2027 1930 digna,
2047 1880 2187 1929 quae
2221 1865 2278 1913 in
2303 1864 2392 1914 dei
2420 1863 2622 1928 templo

1535 1933 1923 1999 deponeretur,
1990 1933 2214 1983 metalla
2280 1933 2623 1999 potissimum

1533 2005 1878 2068 pretiosiora,
1931 2001 2058 2053 alia.
2118 2003 2259 2053 Nam
2317 2002 2382 2051 de
2426 2002 2623 2053 hostiis

1533 2073 1666 2123 solis
1711 2072 2014 2137 intelligere
2047 2072 2195 2122 haud
2230 2072 2443 2134 sinunt,
2483 2087 2622 2137 quae

1532 2148 1663 2207 post
1699 2143 2008 2192 referuntur
2043 2157 2077 2192 a
2111 2141 2378 2206 scriptore
2411 2146 2619 2204 nostro,

1532 2211 1789 2275 quoniam
1825 2226 1891 2261 ex
1924 2226 2056 2262 auro
2093 2214 2430 2277 argentoque
2464 2211 2545 2262 sic
2587 2227 2621 2261 a

1531 2281 1763 2347 singulis
1823 2280 2022 2331 collato
2078 2281 2338 2332 Croesum
2395 2280 2622 2331 donaria

1529 2350 1610 2400 ita
1654 2350 1984 2413 confecisse,
2031 2366 2173 2416 quae
2215 2350 2457 2416 Delphos
2500 2351 2622 2400 mit-

1528 2424 1791 2483 terentur,
1824 2420 2015 2486 utique
2048 2425 2470 2471 consentaneum
2499 2434 2621 2469 esse

1528 2488 1763 2540 videtur.
1847 2491 2079 2553 Propter
2127 2489 2264 2539 haec
2298 2491 2447 2553 ipsa,
2496 2504 2621 2538 cum

1530 2556 1619 2607 dei
1668 2558 1870 2623 ipsius,
1934 2558 2028 2622 qui
2079 2558 2250 2607 totius
2314 2558 2620 2607 sententiae

1531 2626 1691 2676 initio
1728 2626 2055 2691 appellatur,
2079 2626 2407 2676 mentionem
2438 2625 2621 2675 facere

1528 2694 1618 2745 hic
1676 2697 1853 2744 minus
1916 2696 2284 2744 necessarium
2348 2694 2619 2756 videatur,

1530 2763 1717 2814 malim
1748 2755 1932 2830 τούτῳ
1969 2764 2050 2813 ita
2085 2761 2410 2828 intelligere,
2447 2768 2511 2813 ut
2545 2764 2620 2813 sit

1530 2833 1750 2884 dativus
1797 2832 1878 2883 rei
1926 2848 1971 2883 s.
2018 2833 2392 2883 instrumenti.
2437 2848 2620 2912 quem-

1530 2903 1821 2954 admodum
1870 2908 1926 2952 et
1967 2902 2240 2952 Matthiae
2295 2900 2413 2968 (qui
2445 2894 2621 2952 θύειν

1528 2971 1650 3022 τινί
1677 2971 1830 3021 reddi
1863 2971 1982 3022 vult
2015 2987 2172 3022 sacra
2216 2970 2401 3035 facere
2445 2975 2620 3038 aliqua

1528 3058 1590 3092 re
1639 3038 1892 3105 adhibita)
1946 3046 2005 3092 et
2053 3041 2618 3107 Schweighaeuserus,

1529 3126 1691 3176 quem
1743 3111 1990 3175 sequitur
2029 3109 2271 3161 Dindorf
2309 3109 2386 3175 (ut
2419 3112 2484 3162 de
2525 3125 2619 3161 suo

1530 3180 1775 3245 quidquid
1804 3184 2009 3246 quisque
2039 3179 2276 3240 haberet,
2323 3181 2481 3231 eidem
2524 3180 2620 3230 deo

1528 3247 1908 3330 εαονίβεανεε),
1933 3253 2288 3331 acceperunt:
2312 3250 2422 3300 nisi
2456 3249 2617 3299 malis

1530 3319 1771 3369 scribere
1803 3312 2023 3369 τούτων
2063 3319 2122 3368 in
2167 3318 2410 3383 genitivo
2451 3319 2619 3382 parti·

1529 3388 1661 3451 tivo,
1702 3403 1862 3453 quem
1896 3388 2101 3448 dicunt,
2140 3402 2263 3436 eum
2283 3386 2443 3436 fere·
2427 3402 2484 3435 ιιι
2507 3401 2618 3435 ιιιο-

1530 3456 1687 3507 dum:
1718 3465 1773 3506 ut
1809 3458 2067 3522 Lydorum
2092 3457 2297 3520 quisque
2332 3470 2504 3504 earum
2535 3469 2621 3503 re-

1528 3542 1661 3589 rum,
1700 3525 1949 3589 quaslibet
1989 3523 2228 3579 haberet,
2254 3522 2451 3587 aliquid
2479 3516 2621 3571 cerie

1529 3596 1626 3645 deo
1663 3595 1895 3657 offerret.
1931 3591 2155 3652 Herold‚
2176 3606 2336 3656 quem
2366 3590 2438 3640 ad
2460 3590 2504 3653 1,
2527 3589 2614 3642 33.

1486 3684 1487 3687 “
1528 3662 1768 3723 laudavi,
1817 3661 1982 3711 scribi
2026 3659 2147 3710 vult
2195 3657 2364 3709 τοῦτο
2411 3664 2468 3709 et
2513 3658 2617 3709 hoc

1528 3732 1651 3782 loco
1699 3736 1755 3780 et
1798 3731 1905 3792 111,
1956 3729 2077 3792 138,
2123 3729 2277 3779 cuius
2322 3728 2431 3778 loci
2473 3728 2615 3779 ratio

1530 3816 1565 3851 a
1607 3803 1797 3850 nostro
1837 3798 1959 3849 loeo
1995 3796 2239 3848 nonnihil
2283 3797 2497 3848 differre
2537 3798 2618 3847 vi-

1528 3870 1704 3920 detur.

1600 3929 1678 3994 ὥς
1714 3929 1778 3986 δὲ
1812 3926 1871 3985 ἐκ
1907 3932 2010 3998 τῆς
2042 3932 2259 3999 θυσίης
2294 3924 2536 4000 ἐγένετο]
2574 3934 2612 3984 i.

1530 4023 1578 4057 e.
1606 4007 1840 4087 peractis
1869 4005 2153 4083 sacrificiis.
2189 4004 2499 4055 Dictionem
2533 4000 2617 4066 γί-

1528 4073 1737 4125 νεσθαι
1770 4065 1888 4123 ἀπό
1922 4075 2040 4123 sive
2087 4066 2147 4123 ἔκ
2182 4086 2339 4128 τινος
2382 4073 2520 4122 satis
2555 4069 2616 4120 il-

1527 4144 1783 4205 lustrant,
1811 4158 1948 4208 quae
1986 4141 2206 4206 collegit
2226 4140 2518 4192 Fischerus
2546 4138 2615 4189 ad

1526 4213 1749 4264 Weller.
1788 4212 1893 4274 111,
1932 4211 1982 4262 6.
2021 4225 2146 4275 pag.
2188 4209 2306 4261 108.
2359 4209 2425 4259 Ιιι
2461 4224 2612 4273 seqq.

1529 4283 1600 4333 ad
1655 4249 1901 4331 ἄπλετον
1946 4279 2174 4345 (ingens,
2219 4275 2472 4344 maenam)
2524 4278 2612 4329 Or.

1527 4351 1741 4401 confert
1764 4348 1986 4401 Graevii
2003 4350 2183 4398 Lectt.
2203 4346 2467 4398 Hesiodd.
2490 4362 2612 4410 cap.

1526 4420 1648 4470 XX.
1684 4419 1804 4471 init.
1846 4418 1916 4467 ad
1949 4432 2034 4467 vs.
2074 4416 2193 4466 147.

2107 4492 2272 4555 7*'
