3109 5092
450 362 574 423 406

1315 357 1851 420 HERODOTI

450 539 564 606 καὶ
589 540 972 624 τριηκοσίας
999 536 1268 621 διέλαβε
1297 527 1334 601 ὁ
1367 537 1596 622 Κῦρος
1617 554 1631 568 ·
1689 530 1969 621 στόμασι
2005 530 2081 600 δὲ
2121 529 2538 619 ἐξερεύγεται
2572 550 2724 598 τεσ-

452 735 576 788 coll.
618 750 743 799 pag·
767 731 871 785 269
898 748 1069 798 seqq„
1105 733 1342 782 Heereu.
1372 731 1542 782 Ideen

451 807 497 870 1,
511 809 561 855 2.
576 807 762 870 p.2i)2.
784 802 1059 853 Wheelerz
1087 802 1203 852 The
1224 801 1538 867 geography

452 877 512 927 of
543 873 851 925 Herodotus
887 889 940 937 p.
969 873 1084 934 192,
1120 871 1299 922 Ideler
1326 871 1396 920 ad
1422 870 1538 920 Ari-

453 944 632 997 stotel.
667 942 1020 1006 Meteorolog.
1047 941 1092 1003 I,
1114 942 1164 993 3.
1191 957 1240 1006 p.
1264 942 1385 1002 457,
1409 940 1540 989 For-

454 1015 624 1079 biger.
663 1011 881 1062 Handb.
921 1011 974 1061 d.
1005 1010 1100 1061 alt.
1131 1009 1436 1075 Geograph.
1460 1010 1535 1059 II.

454 1102 506 1150 p.
524 1086 588 1133 77
612 1098 747 1146 seq„
769 1079 1093 1130 Humboldt:
1136 1078 1409 1129 Kritische
1426 1078 1540 1128 Un-

453 1152 855 1214 tersuchungen
890 1155 994 1199 etc.
1034 1164 1142 1199 von
1176 1148 1355 1199 Ideler
1398 1148 1444 1197 Ι.
1483 1164 1539 1212 p.

459 1223 576 1274 153.
615 1221 794 1285 Atque
825 1220 906 1269 sic
938 1218 1045 1268 iam
1076 1219 1330 1269 Gatterer
1366 1215 1542 1281 (Com-

455 1295 645 1342 mentt.
673 1289 863 1340 societ.
891 1288 1043 1340 Gott.
1063 1288 1209 1338 XIV.
1238 1305 1290 1353 p.
1317 1287 1381 1338 16
1401 1287 1541 1352 seq.)

456 1363 752 1421 statuerat,
789 1356 956 1408 verba
991 1357 1256 1407 Herodoti
1294 1348 1409 1422 ᾆέει
1441 1352 1545 1419 μὲν

456 1422 516 1480 ἐκ
549 1425 870 1490 Ματιηνῶν
914 1441 1086 1491 usque
1131 1426 1204 1476 ad
1251 1418 1473 1491 διέλαβε
1513 1415 1544 1474 ὁ

466 1495 650 1561 Κῦρος
670 1512 700 1546 e
720 1497 1044 1562 glossemate
1068 1495 1352 1561 irrepsisse
1371 1501 1543 1545 ratuS.

459 1567 791 1618 Observavit
845 1580 1018 1630 quoqe
1070 1565 1546 1630 Schweighaeuse-

456 1653 578 1698 rus,
628 1636 700 1685 ad
737 1635 1009 1684 Iaxartem
1043 1637 1325 1685 memorari
1360 1635 1546 1685 urbem

457 1724 493 1758 a
525 1705 666 1770 Cyro
692 1705 981 1766 conditam,
1014 1704 1229 1754 nomine
1260 1696 1546 1768 Κυρέσχα-

457 1791 553 1838 τα,
578 1774 645 1824 de
670 1789 777 1840 qua
801 1773 999 1824 Cellar.
1023 1774 1081 1823 in
1101 1774 1408 1839 Geograph.
1435 1775 1546 1823 An-

458 1847 553 1911 tiq.
566 1845 671 1907 111,
687 1844 773 1894 21.
786 1859 912 1909 pag.
928 1843 1051 1894 834.
1064 1842 1186 1894 836.
1223 1843 1366 1893 Illud
1385 1844 1548 1894 etiam

457 1914 587 1966 addi
618 1914 844 1979 poterit,
882 1913 1078 1964 Araxis
1116 1914 1330 1963 nomine
1367 1913 1546 1978 plures

460 1984 685 2036 orientis
713 1983 906 2034 fluvios
942 1984 1184 2047 insignes
1213 1998 1360 2043 esse;
1395 1983 1546 2049 quip-

459 2072 527 2121 pe
561 2052 948 2118 appellativum
981 2053 1227 2117 primitus
1265 2052 1435 2102 fuisse
1465 2051 1547 2101 vi-

459 2125 615 2174 detur
652 2136 874 2183 nomen,
925 2119 1168 2185 pluribus
1206 2121 1332 2170 dein
1367 2121 1546 2170 fluviis

463 2190 650 2256 rapido
687 2205 848 2240 cursu
869 2189 1044 2239 undas
1070 2189 1416 2240 volventibus
1448 2190 1545 2239 tri-

459 2263 666 2312 butum.
708 2259 882 2321 Confi,
909 2274 978 2308 ne
1004 2259 1174 2322 plura,
1197 2261 1432 2309 Heeren.
1454 2259 1545 2310 l.l.

460 2333 506 2393 I,
539 2331 585 2379 1.
612 2345 738 2394 pag.
762 2330 829 2380 55
859 2333 914 2377 et
939 2329 1134 2378 Ritter.
1158 2328 1454 2378 Erdkunde
1476 2330 1544 2379 X.

462 2418 515 2466 p.
539 2400 661 2450 389.
695 2397 900 2448 Facilis
930 2413 1059 2448 vero
1084 2398 1359 2460 confusio,
1390 2413 1548 2463 quam

461 2471 556 2521 vix
593 2469 790 2519 Noster
838 2466 1093 2532 effugisse
1133 2467 1376 2528 videtur,
1428 2483 1549 2518 cum

460 2539 658 2591 Araxis
695 2538 871 2587 fontes
909 2537 965 2586 in
1001 2537 1259 2588 Matienis
1304 2553 1422 2587 ease
1460 2536 1548 2586 hic

462 2610 695 2671 scribat,
731 2607 1026 2672 itidemque
1061 2607 1157 2670 IV,
1184 2608 1252 2657 40
1289 2608 1548 2657 orientem

461 2694 650 2730 versus
673 2694 794 2728 eum
814 2679 979 2727 fluere
999 2676 1200 2727 tradat.
1233 2678 1387 2726 Haec
1408 2675 1548 2726 enim

462 2766 570 2800 non
603 2748 673 2797 ad
695 2747 964 2797 Iaxartem
1000 2748 1289 2808 seriorum,
1330 2762 1432 2811 quo
1465 2761 1551 2794 re-

463 2810 615 2884 liqua
642 2818 709 2867 de
728 2819 906 2866 Araxe
924 2815 1231 2866 Herodoteo
1261 2817 1549 2879 pertinent,

462 2888 657 2938 referri
683 2891 965 2951 poterunt,
997 2886 1094 2935 sed
1132 2885 1201 2934 ad
1226 2886 1460 2934 Araxem
1489 2883 1552 2932 il-

461 2956 573 3006 lum
592 2955 880 3004 Armeniae
901 2955 1140 3014 fluvium,
1172 2970 1315 3003 nunc
1338 2954 1553 3004 nomine

465 3025 611 3074 Aras
635 3023 768 3072 satis
795 3024 1085 3087 cognitum,
1117 3023 1258 3087 quod
1282 3023 1420 3072 vidit
1445 3025 1553 3072 iam

463 3093 757 3145 Rennelius
811 3092 1166 3156 probavitque
1215 3093 1401 3156 Heyse
1435 3091 1475 3143 l.
1512 3091 1548 3142 l.

466 3162 588 3213 coll.
634 3158 961 3212 Dahlmann.
1012 3160 1215 3211 Herod.
1261 3177 1386 3225 pag.
1430 3163 1548 3211 142.

467 3232 645 3284 Szabo
675 3230 949 3294 Descript.
988 3231 1137 3280 Pers.
1177 3231 1360 3293 imper.
1402 3246 1453 3295 p.
1483 3233 1552 3281 44

465 3318 581 3367 seq.
653 3300 798 3349 Hinc
845 3316 1057 3364 quoque
1103 3300 1175 3350 H.
1219 3300 1285 3348 Τ.
1325 3299 1552 3351 Mueller

465 3371 875 3438 (Stromsystem
905 3368 958 3419 d.
986 3368 1184 3434 Wolga
1210 3385 1265 3433 p.
1286 3369 1376 3436 82)
1415 3370 1551 3419 satis

465 3448 649 3508 patere
698 3443 880 3506 putat,
932 3439 986 3487 in
1033 3438 1342 3488 Herodoteo
1385 3439 1552 3489 hocce

465 3513 645 3562 Araxe
682 3509 787 3559 duo
821 3525 991 3573 eaque
1016 3507 1178 3558 valde
1208 3507 1424 3558 diversa
1453 3509 1552 3559 flu-

464 3582 674 3632 viorum
702 3583 1002 3644 systemata
1028 3579 1182 3643 quasi
1206 3578 1549 3642 confluxisse,

465 3652 698 3701 Araxem
733 3649 1041 3699 Armenium
1078 3647 1254 3712 (cuius
1291 3647 1467 3698 fontes
1494 3650 1552 3698 in

466 3721 826 3770 Matienorum
850 3717 1018 3781 terra)
1049 3723 1104 3767 et
1129 3717 1430 3768 Bochariae
1458 3720 1552 3768 flu-

468 3791 586 3840 vios
609 3789 784 3839 Oxum
804 3788 1200 3853 Iaxartemque‚
1227 3788 1554 3853 tertiumque

468 3858 604 3908 adeo
642 3858 903 3908 accedere
947 3857 1123 3907 videri
1165 3857 1223 3906 in
1266 3857 1366 3918 iis,
1414 3872 1553 3922 quae

470 3927 536 3977 de
559 3927 756 3976 Araxis
783 3928 939 3977 ostiis
969 3927 1303 3988 scribantur,
1341 3925 1411 3975 ad
1431 3926 1555 3976 Vol-

470 4011 594 4061 gam
628 3997 956 4059 spectantia.
1010 3995 1150 4046 Add.
1188 3996 1382 4045 Ukert.
1418 3995 1555 4046 Geo-

470 4062 659 4130 graph.
699 4063 750 4116 d.
792 4063 1004 4114 Griech.
1045 4081 1098 4116 u.
1139 4066 1325 4115 Roem.
1364 4064 1469 4127 III,
1500 4067 1554 4116 2.

470 4150 597 4200 pag.
617 4134 722 4183 224
747 4147 805 4182 se
847 4169 857 4180 .

541 4195 774 4266 στόμασι
808 4149 877 4250 δὲ
912 4191 1258 4265 ἐξερεύγεται
1289 4194 1556 4266 τεσσαρά-

470 4272 668 4337 κοντα]
717 4272 871 4334 Quae
904 4271 1046 4320 ostia
1072 4270 1207 4320 dicit
1229 4273 1554 4334 Herodotus,

467 4343 607 4409 fluvii
623 4341 877 4392 dicuntur
889 4340 1145 4391 Straboni
1164 4338 1201 4390 l.
1219 4340 1254 4391 1.
1275 4343 1554 4393 scribenti:

475 4409 763 4482 σχίζεσθαι
797 4406 899 4464 τὸν
928 4401 1164 4478 Ἀράξην
1189 4405 1270 4470 εἰς
1293 4403 1558 4479 τεσσαρά-

1640 746 1817 781 κοντα
1843 722 2231 796 ποταμοὺς,
2268 730 2327 781 id
2350 730 2510 796 quod,
2534 732 2578 781 si
2598 732 2729 780 Bre-

1641 802 1790 853 dovii
1849 802 2176 852 senteutiam
2234 816 2399 865 supra
2453 800 2730 850 laudatam

1642 873 1719 937 (p.
1742 871 1943 935 XXXI)
1974 871 2349 936 amplectaris,
2378 886 2486 920 non
2514 871 2731 920 omnino

1642 947 1832 992 contra
1868 956 2053 990 verum
2086 940 2350 989 Herodoti
2389 955 2607 990 sensum
2644 939 2727 990 di-

1642 1017 1786 1062 ctum
1811 1010 2079 1060 videatur.
2116 1010 2223 1072 Qui
2254 1008 2397 1058 idem
2428 1008 2731 1059 Bredovius

1643 1081 1718 1146 (p.
1750 1079 1924 1144 XXX)
1967 1080 2166 1143 optime
2203 1083 2409 1137 monet,
2452 1093 2735 1129 numerum

1643 1151 1984 1215 quadraginta
2034 1164 2130 1213 pro
2187 1147 2531 1199 orientalium
2588 1163 2736 1198 more

1644 1221 1731 1269 hic
1786 1218 2125 1268 indefinitum
2176 1233 2325 1279 esse,
2383 1232 2486 1283 quo
2534 1233 2736 1283 magna

1645 1288 1857 1340 omnino
1875 1289 2033 1352 copia
2052 1285 2376 1338 declaretur.
2415 1287 2573 1337 Cous.
2597 1303 2736 1352 quae

1644 1360 1755 1409 iam
1798 1373 1964 1423 supra
1999 1357 2069 1406 ad
2104 1357 2160 1419 1,
2195 1356 2294 1407 163
2330 1356 2631 1407 monuimus
2669 1371 2737 1407 ex

1648 1428 1835 1479 eodem
1868 1427 2157 1477 Bredovio.
2209 1427 2550 1491 Quapropter
2583 1427 2641 1475 iu
2669 1442 2735 1476 eo

1647 1514 1753 1548 non
1783 1495 2171 1557 insistendum,
2208 1496 2350 1562 quod
2379 1495 2577 1546 Strabo
2608 1496 2732 1545 ὼιο-

1648 1568 1804 1617 decim
1837 1571 2050 1616 tantum
2084 1580 2205 1616 esse
2230 1566 2365 1615 dicit
2398 1565 2540 1615 ostia
2555 1600 2574 1626 „
2603 1565 2735 1614 Pto-

1644 1635 1885 1686 lemaeus
1908 1638 2039 1696 tria,
2077 1634 2323 1700 quodque
2349 1635 2435 1684 vel
2468 1635 2735 1683 recentio-

1649 1722 1734 1756 res
1755 1704 2051 1770 geographi
2070 1707 2128 1754 in
2147 1704 2231 1754 his
2252 1705 2478 1754 maxime
2497 1705 2735 1754 variant.

1647 1776 1754 1826 Vix
1789 1776 1929 1825 enim
1954 1773 2035 1822 illi
2071 1774 2208 1824 satis
2241 1774 2590 1824 attenderunt
2627 1774 2733 1823 fre-

1648 1849 1872 1909 quentes
1904 1844 2188 1893 fluviorum
2209 1843 2653 1893 commutationes
2678 1844 2737 1892 in

1645 1913 1758 1963 illis
1808 1912 2149 1979 regionibus3
2194 1912 2338 1962 unde
2375 1913 2511 1962 satis
2564 1916 2735 1976 patet,

1650 1999 1759 2033 non
1818 1982 2043 2032 eandem
2101 1982 2348 2032 omnibus
2406 1983 2736 2046 temporibus

1650 2053 1820 2103 fuisse
1871 2054 2101 2103 istorum
2157 2051 2397 2101 locorum
2451 2054 2735 2110 rationem,

1651 2138 1751 2171 nec
1779 2137 1988 2186 semper
2021 2120 2209 2171 eadem
2237 2121 2407 2171 fuisse
2440 2122 2600 2181 ostia,
2639 2120 2738 2170 sed

1651 2192 1882 2241 maxime
1911 2206 2009 2255 pro
2039 2191 2369 2255 temporibus
2395 2189 2627 2240 diversis
2655 2191 2737 2240 di-

1650 2276 1812 2311 versa
1848 2259 1945 2309 illa
1981 2265 2036 2309 et
2067 2275 2287 2310 numero
2323 2265 2378 2308 et
2415 2257 2557 2310 loco.
2605 2261 2735 2310 Vid.

1651 2346 1789 2396 quae
1826 2331 2032 2379 monuit
2052 2330 2273 2379 Dureau
2309 2329 2377 2377 de
2401 2329 2644 2379 Lamalle
2681 2331 2738 2379 iu

1652 2399 1993 2464 Geographie
2040 2398 2305 2463 physique
2351 2397 2406 2448 d.
2442 2414 2554 2448 mer
2587 2400 2741 2449 noire

1651 2475 1755 2519 etc.
1782 2484 1907 2533 pag.
1931 2468 2029 2519 188
2048 2473 2159 2518 not.
2185 2495 2255 2505 —
2278 2468 2467 2517 Monet
2498 2474 2739 2533 praeter-

1652 2554 1717 2588 ea
1751 2537 2324 2600 Schweighaeuserus‚
2370 2538 2586 2587 minime
2621 2553 2741 2588 eam

1653 2624 1772 2658 esse
1796 2606 2061 2657 Herodoti
2090 2607 2434 2666 sententiam,
2468 2608 2623 2672 quasi
2642 2623 2743 2670 per

1651 2678 1989 2742 quadraginta
2019 2678 2151 2726 ostia
2175 2680 2225 2726 in
2246 2692 2385 2726 mare
2408 2678 2638 2739 Caspium
2662 2680 2740 2725 in-

1645 2749 1776 2812 fluat
1798 2748 1885 2796 itte
1909 2747 2097 2805 amnis,
2133 2762 2255 2796 cum
2289 2745 2488 2795 diserte
2513 2746 2609 2797 ille
2647 2746 2741 2796 do-

1654 2822 1804 2878 ceat,
1858 2824 2088 2865 caeteros
2133 2818 2305 2865 alveos
2344 2819 2395 2865 in
2442 2818 2657 2878 paludes
2696 2825 2746 2867 et

1653 2891 1861 2937 lacunas
1896 2888 2071 2946 exire,
2109 2887 2308 2935 nonnisi
2338 2901 2481 2934 unum
2515 2889 2567 2936 in
2602 2902 2743 2937 mare

1652 2957 1879 3022 influere.
1920 2957 2003 3005 Ex
2030 2971 2132 3019 quo
2158 2956 2295 3005 satis
2316 2970 2578 3019 apparere
2604 2955 2740 3016 vult,

1654 3015 1991 3089 ἐρειῖγεσθαι
2028 3040 2138 3072 uon
2173 3026 2238 3075 de
2267 3026 2410 3074 ostiis
2435 3027 2487 3074 in
2518 3040 2659 3074 mare
2684 3041 2742 3074 se

1653 3094 2048 3144 exona-antibus
2082 3092 2280 3143 debere
2312 3094 2517 3158 accipi,
2556 3094 2651 3145 sed
2677 3095 2743 3144 de

1653 3167 1778 3230 ripis
1804 3180 1832 3213 e
1858 3164 2199 3228 quadraginta
2224 3165 2432 3226 orificiis
2460 3168 2743 3215 sctum-ien-

1653 3233 1783 3283 tibus
1831 3240 1881 3282 et
1916 3249 2096 3298 magna
2142 3235 2191 3282 m·
2236 3233 2630 3295 erumpentibus,
2684 3237 2747 3283 ut

1655 3302 1798 3367 apud
1836 3301 2058 3352 Pindar.
2096 3303 2259 3366 Pyth.
2296 3303 2342 3362 1,
2369 3302 2455 3352 40.
2514 3303 2650 3352 Mihi
2687 3304 2745 3351 in

1656 3375 1890 3421 mentem
1918 3373 2087 3433 venit,
2121 3370 2264 3437 quod
2292 3372 2521 3422 Tacitus
2550 3372 2617 3421 de
2634 3373 2745 3422 Da-

1654 3441 1820 3491 nubio
1854 3443 2075 3507 scripsit
2105 3442 2162 3489 in
2187 3442 2438 3492 German.
2474 3442 2497 3491 l
2526 3441 2619 3492 fin.
2651 3442 2745 3504 „in

1654 3510 1941 3561 Ponticum
1974 3526 2120 3559 mare
2155 3526 2249 3560 sex
2275 3511 2545 3561 meatibus
2580 3527 2744 3561 erum-

1647 3581 1784 3643 pic.“
1844 3579 1929 3630 Ad
1959 3580 2183 3629 verbum
2220 3569 2443 3628 ἐκδιδοῖ
2478 3581 2625 3630 conf.
2659 3596 2746 3629 su-

1656 3665 1752 3714 pra
1785 3648 1831 3711 I,
1861 3649 1930 3699 80
1967 3654 2021 3699 et
2056 3650 2153 3710 IV,
2177 3649 2243 3698 85
2279 3650 2462 3714 ibique
2498 3655 2638 3700 nott.
2678 3671 2747 3684 —-·

1656 3711 1892 3782 τενάγεα
1942 3724 2067 3770 suut
2107 3719 2356 3783 paludes,
2409 3721 2623 3768 lacunae
2634 3756 2650 3780 ,
2685 3724 2748 3767 ut

1655 3788 1810 3848 VIII,
1836 3787 1950 3837 129.
2010 3789 2111 3838 His
2150 3804 2280 3837 vero
2314 3788 2605 3853 paludibus
2637 3793 2747 3837 sta-

1657 3858 1913 3922 gnisque,
1981 3857 2041 3906 in
2097 3874 2259 3922 quae·
2298 3862 2495 3908 exeant
2549 3857 2748 3907 Araxis

1657 3942 1858 3991 aquae,
1892 3942 2000 3975 uno
2040 3931 2264 3991 excepto
2300 3928 2556 3990 brachio,
2604 3926 2749 3992 quod

1654 3997 1715 4045 in
1745 3995 1997 4060 Caspium
2026 4011 2171 4046 mare
2198 3996 2534 4058 devolvitur,
2573 3995 2749 4046 conti-

1655 4066 1817 4115 tineri
1838 4064 2097 4115 indicium
2123 4065 2391 4131 quoddam
2412 4066 2569 4117 lacus
2589 4066 2745 4127 Aral,

1660 4135 1936 4184 veteribus
1988 4135 2135 4184 haud
2190 4137 2426 4199 cogniti,
2488 4137 2598 4185 iam
2661 4149 2750 4184 su-

1662 4205 1905 4269 spicatus
1947 4208 2031 4254 est
2060 4203 2398 4267 Danvillius,
2451 4205 2616 4270 idque
2652 4206 2746 4254 vix

1663 4273 1881 4324 dubium
1924 4274 2099 4323 videri
2144 4280 2394 4324 asserunt
2440 4273 2749 4324 Alexander

1664 4343 1732 4392 ab
1762 4342 2061 4392 Humboldt
2095 4340 2262 4408 (apud
2293 4343 2487 4394 Ideler.
2522 4343 2593 4393 ad
2630 4343 2748 4392 Ari-

1662 4411 1845 4466 stotel.
1880 4413 2165 4466 Meteorol.
2201 4413 2326 4465 Vol.
2364 4414 2411 4465 1.
2450 4430 2503 4482 p.
2527 4411 2650 4480 500)
2692 4415 2749 4464 et
