3109 5092
1327 362 1584 429 CLIO.
1630 364 1681 424 I.
1728 373 1815 430 74.

2587 364 2706 429 163

426 546 619 627 σφίσι
663 542 1174 629 διδασκομένων
1216 546 1483 610 παίδων
1521 544 1644 610 ἕνα
1685 537 2056 621 κατακόψαι
2075 560 2089 574 ·
2143 532 2589 620 σκευάσαντες
2631 540 2708 609 δὲ

428 640 672 728 αὐτὸν,
731 641 958 731 ὥσπερ
1017 642 1325 724 ἐώθεσαν
1375 647 1487 713 καὶ
1531 641 1614 712 τά
1666 650 1878 732 θηρία
1928 642 2313 725 σκευάζειν,
2366 643 2715 731 Κυαξάρει·

431 750 669 815 δοῦναι
712 749 1064 836 φέροντες,
1123 742 1212 825 ὦς
1249 744 1466 836 ἄγρην
1508 751 1761 835 δῆθεν·
1833 744 2065 826 δόντες
2105 746 2180 814 δὲ
2222 743 2347 835 τὴν
2393 755 2708 834 ταχίστην

430 856 817 936 κομίζεσθαι
848 848 1029 939 παρὰ
1065 846 1425 919 Ἀλυάττεα
1464 848 1585 919 τὸν
1612 849 2024 919 Σαδυάττεω
2063 851 2131 928 ἐς
2160 849 2435 938 Σάρδις.
2498 854 2709 917 ταῦτα

432 954 541 1020 καὶ
586 950 669 1039 δὴ
716 954 999 1040 ἐγένετο.
1060 955 1171 1020 καὶ
1216 950 1345 1043 γὰρ
1370 952 1728 1042 Κυαξάρης
1755 954 1867 1020 καὶ
1895 957 1965 1020 οἱ
1997 951 2355 1039 παρεόντες
2386 950 2705 1039 δαιτυμό-

432 1082 544 1134 νες
569 1060 708 1124 τῶν
735 1061 958 1144 κρεῶν
983 1054 1242 1126 τούτων
1269 1055 1602 1126 ἐπάσαντο
1622 1077 1636 1090 ·
1694 1057 1804 1123 καὶ
1843 1061 1913 1124 οἰ
1938 1053 2215 1124 Σκύθαι
2255 1059 2467 1124 ταῦτα
2512 1053 2704 1143 ποιή-

433 1179 668 1237 σαντες
716 1156 1086 1228 Ἀλυάττεω
1136 1149 1346 1227 exstat
1387 1162 1717 1246 ἐγένοντο.

1816 1155 2013 1227 Μετὰ
2054 1157 2128 1226 δὲ
2170 1163 2381 1226 ταῦτα
2420 1154 2534 1240 (οὐ
2584 1155 2805 1246 γὰρ74

434 1258 517 1348 δὴ
560 1257 595 1330 ὁ
633 1259 990 1350 Ἀλυάττης
1047 1265 1353 1344 ἐξεδίδου
1404 1260 1561 1342 τούς
1601 1261 1883 1342 Σκύθας
1935 1264 2290 1343 ἐξαιτέοντι
2342 1259 2712 1348 Κυαξάρεῐ)

434 1365 717 1457 πόλεμος
773 1383 945 1435 τοῖσι
986 1370 1271 1435 Λυδοῖσι
1328 1368 1439 1436 καὶ
1482 1382 1652 1436 τοῖσι
1693 1364 1995 1452 ,Μήδοισι
2050 1363 2357 1451 ἐγεγόνεε
2395 1361 2508 1432 ἐπ’
2560 1369 2712 1432 ἔτεα

433 1562 784 1627 patrocinans
815 1563 1077 1614 attulerat
1097 1565 1222 1627 VII,
1260 1564 1339 1615 10.
1368 1562 1523 1626 VIII,

440 1633 556 1683 101.
594 1632 729 1681 Loci
766 1633 865 1695 vl,
914 1635 999 1697 52,
1038 1639 1098 1684 ut
1141 1649 1306 1699 supra
1338 1633 1396 1696 Ῑ,
1439 1633 1521 1694 11,

434 1702 527 1752 ubi
564 1701 677 1753 vid.
710 1708 882 1766 nott.‚
922 1708 977 1752 et
1015 1705 1072 1765 Ι,
1114 1704 1215 1755 120
1250 1703 1361 1753 alia.
1394 1701 1526 1751 mihi

436 1772 651 1821 videtur
686 1773 848 1823 ratio.
887 1773 974 1823 Cf.
1014 1774 1180 1823 etiam
1211 1772 1445 1822 Bredoxr.
1468 1787 1523 1835 p.

436 1843 559 1903 24„
598 1841 692 1904 qui
724 1842 868 1892 idem
904 1858 960 1906 p.
1001 1843 1125 1893 229.
1163 1857 1260 1905 pro
1298 1834 1526 1900 Κυαξά-

436 1909 808 2029 ρεϊῙίιίθεοᾳο.
848 1911 1065 1962 restitui
1094 1911 1212 1961 vult
1228 1902 1523 1975 Κυαξάρῃ,

436 1986 496 2030 ut
558 2016 572 2041 ,
669 2016 683 2028 .

506 2041 879 2107 σκευάσαντες
921 2041 985 2098 δὲ
1025 2039 1207 2098 αὐτὸν
1259 2063 1310 2097 κ.
1356 2062 1402 2095 τ.
1452 2044 1521 2113 L]

436 2117 718 2168 Pertinent
745 2117 880 2168 haec
902 2118 1194 2183 participia
1218 2108 1524 2166 ausvoiooev-

436 2201 527 2244 τες
562 2193 619 2237 et
650 2179 851 2245 δόντες
890 2203 1014 2238 cum
1050 2203 1112 2238 se
1150 2186 1405 2238 uentibus
1443 2186 1524 2235 in-

438 2256 662 2307 finitivis
712 2256 783 2307 ad
826 2258 1049 2308 verbum
1094 2248 1121 2306 ἐ
1157 2247 1520 2315 ουλεύσαντο,

438 2328 516 2376 ita
556 2333 615 2377 nt
650 2327 1018 2378 nominativus
1054 2327 1321 2377 neminem
1360 2325 1524 2375 offen-

439 2397 566 2447 dere
604 2396 819 2447 debeat.
842 2397 1008 2448 —Ad
1033 2396 1199 2446 verba
1235 2387 1311 2452 ὡς
1344 2384 1526 2459 ἄγρην

438 2464 666 2530 δῆθεν
727 2466 854 2530 (,,ιιι
911 2467 1083 2529 ferum
1137 2467 1399 2516 scilicet
1461 2463 1525 2513 ab

437 2537 562 2599 ipsis
603 2536 863 2613 captae13“)
910 2536 1057 2587 conf.
1104 2549 1270 2613 appr?
1326 2532 1371 2595 1,
1426 2532 1524 2583 59:
1569 2582 1572 2585 .

382 2610 407 2649 ‘.
438 2602 506 2654 οῖ’
529 2619 631 2668 μιν
666 2597 977 2655 ἐλαυνοντα
1013 2596 1067 2662 ἐς
1113 2618 1292 2669 αγρον
1329 2600 1527 2667 ἠθέλε-

441 2686 547 2722 σαν
584 2666 855 2722 ἀπολέσαι
891 2672 1132 2738 δῆθεν.
1172 2673 1269 2736 VI,
1311 2674 1356 2723 l.
1399 2671 1526 2731 VII,

318 2774 331 2785 ·
439 2744 563 2794 211.
611 2744 706 2805 IX,
748 2746 833 2794 66.
892 2775 963 2784 —-
1013 2742 1096 2794 Ad
1145 2757 1295 2808 seqq.
1352 2738 1529 2789 ταῦτα

438 2808 553 2861 καὶ
604 2804 686 2876 δὴ
735 2803 950 2876 ἐγένετο
1007 2813 1152 2864 conf.
1201 2813 1248 2875 1,
1309 2813 1374 2861 22
1427 2809 1528 2859 ibi-

440 2897 547 2947 que
591 2886 728 2932 nott.

774 3052 908 3102 Cu.
948 3052 1194 3104 LXXIV.

511 3147 755 3219 πόλεμος
805 3185 875 3195 --
932 3146 1179 3219 ἐγεγόνεε
1248 3144 1336 3204 ἐπ’
1408 3148 1531 3203 ἔτεα

441 3223 629 3289 πέντε]
671 3225 756 3275 Ex
800 3224 1015 3275 Volneii
1062 3224 1367 3275 rationibus
1423 3222 1534 3273 bel·

441 3294 553 3344 lum
583 3300 761 3344 ortum
796 3300 881 3344 est
916 3294 1020 3345 630
1054 3310 1107 3345 a.
1146 3294 1271 3345 Chr.
1310 3310 1385 3355 n.,
1414 3293 1532 3343 fini-

442 3370 558 3413 tum
593 3379 737 3414 anno
770 3364 871 3415 625
905 3378 957 3413 a.
995 3364 1121 3423 Chr.
1172 3379 1254 3425 n.;
1296 3379 1362 3413 ex
1398 3363 1531 3412 Lar·

443 3432 593 3484 cheri
618 3433 893 3484 sententia
909 3434 1184 3498 inceptum
1203 3435 1306 3485 602
1328 3449 1376 3483 a.
1403 3432 1530 3481 Chr.

442 3518 520 3565 n.‚
559 3502 770 3553 finitum
806 3503 905 3555 597
944 3518 994 3552 a.
1037 3503 1160 3553 Chr.
1209 3519 1292 3561 n.;
1332 3503 1413 3552 ita
1450 3506 1527 3563 ut,

440 3571 597 3622 illum
634 3573 681 3622 si
729 3588 1046 3638 sequamur,
1093 3572 1226 3623 solis
1272 3571 1528 3631 defectio,

445 3641 513 3691 de
553 3657 661 3706 qua
695 3642 1009 3693 Herodotus
1053 3642 1271 3707 scribit,
1320 3641 1531 3692 accide-

443 3711 517 3760 rit
550 3726 693 3761 anno
725 3712 828 3763 625
864 3727 916 3761 a.
955 3710 1080 3762 Chr.
1120 3728 1172 3761 n.
1224 3717 1279 3762 et
1314 3711 1532 3776 quidem

442 3781 609 3830 tertio
656 3781 745 3830 die
794 3780 1104 3841 Februarii,
1153 3780 1294 3841 hunc
1345 3784 1395 3830 si
1441 3794 1534 3829 au-

445 3850 690 3912 diamus,
731 3851 921 3900 eadem
965 3850 1174 3900 incidat
1225 3850 1285 3900 in
1333 3863 1535 3900 annum

444 3918 548 3970 597
594 3919 842 3985 diemque
882 3918 1359 3970 undeuicesimum
1406 3918 1536 3968 Iulii

445 3989 668 4039 mensi&
720 3989 897 4051 Quam
942 3992 1269 4040 sententiam
1306 3988 1534 4039 eandem

445 4057 681 4122 amplexi
715 4063 872 4108 erant
901 4059 1181 4121 Petavius,
1202 4058 1533 4117 Bouheriu33

444 4142 479 4176 a
517 4128 713 4192 quibus
748 4129 831 4178 ita
867 4128 1158 4178 discedunt
1194 4130 1305 4178 Des
1332 4129 1534 4191 Vigno-

449 4195 530 4247 les
568 4196 922 4263 (Chronolog.
960 4198 1027 4247 de
1054 4196 1222 4248 l’hist.
1264 4197 1427 4247 saint.
1453 4197 1531 4248 11.

446 4282 498 4331 p.
533 4266 658 4330 247)
696 4270 752 4317 et
798 4267 909 4317 Des
956 4268 1186 4318 Brosses
1241 4264 1425 4331 (Mem.
1467 4267 1534 4317 de

446 4333 662 4387 l’Acad.
698 4337 795 4387 des
832 4336 1089 4402 Inscript.
1125 4336 1278 4399 XXI,
1314 4336 1434 4403 33),
1473 4341 1534 4386 ut

445 4420 650 4456 annum
679 4406 780 4458 585
806 4421 861 4456 a..
896 4405 1021 4457 Chr.
1047 4422 1101 4457 n.
1132 4405 1381 4472 diemque
1405 4406 1536 4457 duo-

1627 1563 2030 1614 detricesimum
2053 1563 2190 1613 Maii
2231 1568 2455 1626 ponant.
2496 1562 2606 1612 Alii
2641 1561 2714 1611 ad

1625 1633 1861 1684 Plinium
1915 1648 2035 1682 sese
2083 1631 2389 1697 applicant,
2432 1632 2524 1696 qui
2573 1630 2713 1680 hanc

1629 1702 1991 1752 defectionem
2023 1700 2236 1765 Olymp.
2277 1701 2533 1759 XLVIII,
2573 1702 2624 1749 4.
2665 1715 2713 1750 ε.

1629 1773 1732 1822 585
1777 1787 1825 1820 a.
1879 1771 2006 1821 Chr.
2067 1785 2120 1820 n.
2177 1770 2448 1818 accidisse
2508 1769 2715 1817 scribat

1627 1840 1776 1891 Hist.
1810 1841 1939 1890 Nat.
1974 1840 2050 1901 11,
2080 1840 2160 1889 12.
2203 1844 2337 1888 sect.
2364 1838 2415 1887 9.
2457 1837 2593 1887 Inde
2629 1837 2716 1885 die

1629 1909 1887 1959 vicesimo
1926 1914 2124 1959 octavo
2160 1908 2361 1958 mensis
2410 1907 2545 1956 Maii
2584 1921 2712 1956 ann.

1625 1980 1730 2029 584
1768 1984 1895 2028 ante
1923 1977 2044 2028 Chr.
2086 1994 2140 2027 n.
2180 1976 2543 2027 defectionem
2576 1975 2716 2024 hanc

1625 2048 1902 2098 accidisse
1917 2052 2126 2112 ponunt
2137 2048 2457 2111 Bozanquet
2481 2048 2538 2095 in
2548 2043 2715 2094 Athe-

1626 2133 1764 2168 naeo
1784 2116 2118 2167 Londinensi
2147 2115 2275 2167 1851
2303 2132 2383 2166 nr.
2408 2114 2561 2167 1258.
2586 2129 2714 2179 pag.

1631 2188 1761 2239 1281
1811 2193 1866 2237 et
1906 2187 2060 2238 1852.
2106 2202 2187 2235 nr.
2241 2186 2371 2237 1293
2414 2200 2541 2250 pag.
2590 2184 2712 2233 847.

1626 2256 1776 2308 Hind
1813 2256 1946 2306 ibid.
1987 2271 2068 2306 nr.
2104 2254 2238 2306 1296
2275 2270 2399 2320 ρας.
2425 2254 2548 2316 919,
2571 2251 2715 2303 Zech

1626 2325 1996 2378 Preisschrift.
2036 2326 2087 2376 d.
2110 2323 2391 2375 Iablonsk.
2414 2321 2714 2375 Gesellsch.

1628 2396 1726 2446 IV.
1801 2411 1924 2460 pag.
1996 2397 2083 2446 57.
2171 2394 2375 2445 Contra
2450 2391 2722 2458 Seyfferth

1629 2464 1887 2531 (Jahrbb.
1955 2466 2006 2514 d.
2082 2462 2280 2513 Philol.
2346 2479 2400 2513 u.
2479 2461 2719 2524 Paedag.

1632 2534 1824 2599 Suppl.
1861 2534 2012 2584 xlv.
2054 2549 2105 2597 p.
2143 2530 2295 2589 600.)
2348 2531 2490 2581 diem
2525 2530 2724 2581 viceni-

1632 2619 1777 2653 mum
1816 2603 2104 2667 septimum
2142 2601 2341 2651 mensis
2378 2600 2565 2650 Martii
2592 2614 2717 2648 ann.

1634 2672 1736 2723 582
1774 2678 1904 2722 ante
1940 2672 2064 2722 Chr.
2116 2686 2170 2721 n.
2220 2670 2419 2734 posuit.
2491 2668 2629 2718 Mihi
2663 2668 2720 2716 in

1634 2742 1719 2791 his
1755 2756 1865 2791 nna
1912 2756 1977 2791 ea
2026 2741 2207 2804 placet
2254 2739 2424 2800 rati0,
2470 2752 2633 2803 quam
2685 2750 2720 2785 a.

1632 2810 1904 2876 plerisque
1939 2815 2160 2859 nostrae
2204 2808 2405 2858 aetatis
2454 2807 2590 2856 viris
2628 2805 2721 2855 ‹lo-

1633 2881 1739 2931 ctis
1785 2879 2145 2944 approbatam
2171 2882 2178 2889 ’
2200 2877 2448 2939 invenio,
2493 2878 2586 2941 qui
2630 2890 2723 2925 au-

1634 2956 1786 3000 ctore
1822 2947 2118 2999 Oltmanno
2158 2945 2471 3012 (Abhandll.
2511 2945 2564 2996 d.
2592 2946 2722 2995 Ber-

1630 3019 1727 3070 lin.
1761 3019 1936 3070 Acad.
1978 3020 2111 3071 1812
2134 3023 2190 3067 et
2235 3017 2384 3079 1813,
2423 3030 2565 3081 quae
2601 3030 2722 3079 pro·

1634 3089 1850 3139 dierunt
1909 3104 2035 3139 ann.
2081 3086 2232 3149 1816,
2283 3101 2412 3152 pag.
2473 3085 2539 3135 75
2596 3083 2720 3134 coll.

1635 3157 1786 3208 Bode
1819 3159 2129 3208 Astronom.
2171 3155 2366 3208 Jahrb.
2397 3155 2553 3205 1823.
2590 3169 2716 3219 pag.

1638 3226 1763 3291 179)
1795 3228 2068 3278 tricesimo
2104 3225 2437 3291 Septembris
2477 3223 2566 3273 die
2593 3238 2719 3272 ann.

1635 3298 1738 3348 610
1774 3302 1902 3347 ante
1939 3296 2063 3346 Chr.
2112 3313 2165 3347 n.
2213 3295 2354 3345 hanc
2399 3291 2531 3342 solis
2576 3291 2723 3342 defe-

1634 3367 1873 3416 ctionem
1909 3365 2153 3427 totalem‚
2192 3379 2355 3430 quam
2393 3362 2601 3421 dicunt,
2627 3375 2724 3423 per

1636 3451 1819 3486 omnes
1859 3435 2025 3485 Asiae
2074 3442 2128 3483 et
2173 3436 2429 3496 Europae
2472 3429 2722 3493 regiones

1631 3505 1780 3554 intra
1825 3505 2052 3569 gradum
2113 3504 2432 3552 vicesimum
2477 3498 2725 3562 quintum

1634 3579 1690 3624 et
1724 3572 2234 3638 quinquagesimum
2278 3569 2415 3618 sitas
2453 3565 2725 3615 visibilem

1635 3642 1905 3693 accidisse
1943 3645 2210 3690 statuunt.
2241 3637 2367 3688 vid.
2391 3635 2629 3687 Schultz.
2669 3635 2726 3685 in

1636 3714 1897 3777 Apparet.
1926 3709 2100 3760 critic.
2129 3710 2175 3759 1.
2204 3725 2259 3773 p.
2281 3706 2350 3759 20
2373 3721 2487 3770 seq.
2525 3705 2728 3754 Halma

1634 3783 1691 3831 in
1724 3786 1863 3831 nott.
1903 3778 1972 3829 ad
2012 3777 2325 3842 chronolog.
2364 3776 2432 3826 de
2446 3771 2727 3826 Ptolemee

1636 3852 1702 3901 T.
1741 3851 1788 3901 1.
1822 3852 1885 3900 P.
1927 3849 2038 3899 111.
2088 3864 2140 3912 p.
2178 3848 2264 3899 62.
2310 3845 2537 3897 Fischer
2585 3845 2728 3895 Zeit-

1636 3921 1736 3970 taf.
1774 3935 1830 3985 p.
1869 3920 1988 3970 107.
2027 3919 2427 3969 Westermann.
2466 3915 2538 3964 ad
2579 3914 2725 3965 Plut.

1637 3988 1821 4041 Solon.
1883 4005 1932 4053 p.
2004 3988 2092 4040 81.
2164 3988 2330 4039 Grote
2395 3986 2609 4050 history
2670 3983 2732 4034 of

1639 4059 1844 4111 Greece
1883 4058 1993 4109 III.
2035 4075 2084 4123 p.
2125 4056 2246 4109 312.
2287 4055 2476 4105 Wurm
2513 4054 2570 4103 in
2603 4053 2727 4103 Bei-

1636 4129 1758 4194 lage
1793 4129 1865 4179 ad
1903 4126 2160 4179 Schoellii
2207 4124 2513 4177 versionem
2556 4123 2727 4173 Hero-

1637 4199 1752 4248 doti
1788 4198 2154 4263 germanicam
2192 4215 2242 4262 p.
2299 4194 2429 4245 1392
2464 4223 2536 4233 -
2571 4190 2724 4243 1396.

1637 4269 1794 4318 Saint
1833 4269 2037 4318 Martia
2087 4269 2144 4316 in
2186 4263 2347 4316 Mem.
2401 4264 2469 4313 de
2512 4258 2725 4310 l'Acad.

1638 4337 1732 4387 des
1750 4338 2032 4403 Inscriptt.
2058 4334 2182 4386 Vol.
2222 4335 2347 4385 XII.
2377 4334 2441 4382 P.
2470 4331 2519 4381 2.
2543 4327 2726 4395 (1836)

1635 4420 1764 4473 pag.
1811 4406 1845 4457 9
1900 4422 2053 4471 seqq.
2104 4406 2174 4454 44
2223 4418 2375 4467 seqq.
2443 4400 2523 4450 Ac
2576 4412 2729 4462 prae·

2179 4482 2304 4543 11*
