3109 5092
539 317 663 380 830
1405 316 1945 380 HERODOTI

539 504 701 562 σθαι
729 489 855 561 οὐκ
900 486 1039 573 οἷός
1063 519 1136 562 τε
1169 494 1467 580 ἐγένετο·
1504 497 1657 581 τῇσι
1687 491 1761 561 δὲ
1790 489 2030 580 ἄλλῃσι
2056 489 2323 579 γυναιξὶ
2355 493 2607 577 ἐχρᾶτο.
2669 490 2840 558 έπεί

536 622 610 665 τε
639 596 713 665 δὲ
749 588 1001 665 πολλὸν
1026 601 1223 666 τοῦτο
1251 599 1545 684 ἐγίνετο,
1595 594 1740 664 εἷπε
1769 589 1806 663 ὅ
1830 592 2104 685 ’Ἄμασις
2143 591 2308 682 πρὸς
2348 588 2475 681 τὴν
2508 596 2835 680 Λαδίκην

537 697 792 787 ταύτην
826 702 1269 789 καλεομένην·
1324 691 1406 769 Ὦ
1445 697 1682 787 γύναι,
1724 697 1893 767 κατά
1928 725 2011 786 με
2055 694 2470 785 ἐφάρμαξας,
2521 696 2636 764 καὶ
2673 701 2827 764 ἔστι

537 830 639 872 τοι
682 799 965 892 οὐδεμία
1002 800 1301 893 μηχανὴ,
1352 799 1444 892 μὴ
1470 800 1596 872 οὐκ
1620 800 2039 873 ἀπολωλέναι
2079 798 2360 869 κάκιστα
2396 800 2785 886 γυναικέων
2810 814 2920 867 192

539 909 828 977 πασέων.
906 903 995 977 Ἡ
1025 908 1100 977 δὲ
1145 912 1441 995 Λαδίκη,
1484 909 1637 977 ἐπεί
1669 908 1746 976 τέ
1781 908 1850 974 οἰ
1889 900 2270 995 ἀρνευμένῃ
2313 900 2519 972 οὐδὲν
2556 905 2829 990 ἐγίνετο

540 1008 914 1100 πρηΰτερος
952 1006 989 1079 ὁ
1011 1008 1323 1099 Ἄμασις,
1367 1007 1631 1098 εὔχεται
1679 1014 1755 1079 ἐν
1791 1014 1888 1101 τῷ
1922 1007 2058 1101 νόω
2095 1012 2176 1099 τῇ
2207 1003 2604 1097 Ἀφροδίτῃ,
2634 1003 2724 1095 ἦν
2751 1010 2838 1075 οἱ

540 1110 649 1184 ἐπ’
687 1116 955 1201 ἐκείνην
980 1111 1103 1202 τὴν
1129 1113 1343 1183 νύκτα
1376 1119 1589 1204 μιχθῇ
1616 1108 1653 1182 ὃ
1675 1110 1972 1201 Ἀμασις,
1999 1116 2198 1181 τοῦτο
2226 1109 2353 1200 γάρ
2381 1114 2453 1179 οἱ
2471 1114 2683 1179 κακοῦ
2714 1108 2823 1177 εἷ-

539 1244 654 1287 ναι
693 1223 931 1307 μῆχος,
981 1214 1246 1307 ἄγαλμά
1287 1220 1357 1287 οἱ
1397 1214 1821 1305 ἀποπέμψειν
1857 1218 1925 1295 ἐς
1957 1214 2308 1304 Κυρήνην.
2370 1211 2535 1304 μετὰ
2573 1214 2646 1283 δὲ
2689 1209 2829 1300 τὴν

542 1316 748 1409 εὐχὴν
773 1316 1015 1389 αὐτίκα
1042 1325 1113 1390 οἰ
1134 1324 1377 1409 ἐμίχθη
1409 1316 1746 1408 ὁ”Αμασις
1763 1340 1777 1354 ·
1826 1321 1938 1387 καὶ
1964 1314 2040 1388 τὸ
2071 1320 2396 1388 ἐνθεῦτεν
2424 1314 2586 1408 ἤδη,
2623 1310 2827 1386 ὁκότε

540 1429 734 1492 ἔλθοι
763 1417 929 1513 πρὸς
955 1420 1189 1513 αὐτὴν,
1219 1428 1554 1512 ἐμίσγετο·
1592 1424 1706 1491 καὶ
1735 1420 1944 1511 κάρτα
1971 1449 2090 1511 μιν
2115 1425 2377 1509 ἔστερξε
2403 1418 2568 1510 μετὰ
2594 1424 2824 1490 τοῦτο.

543 1521 691 1615 ἡδὲ
728 1531 991 1615 Λαδίκη
1033 1522 1342 1596 ἀπέδωκε
1395 1523 1518 1616 τὴν
1576 1522 1783 1615 εὐχὴν
1836 1530 1919 1615 τῇ
1975 1529 2140 1618 θεῷ.
2222 1527 2636 1614 ποιησαμένη
2685 1521 2825 1613 γὰρ

542 1625 807 1719 ἄγαλμα
832 1625 1185 1719 ἀπέπεμψε
1219 1633 1285 1711 ἐς
1311 1628 1674 1719 Κυρήνην,
1711 1626 1786 1698 τὸ
1812 1634 1909 1697 ἔτι
1937 1629 2050 1698 καὶ
2088 1630 2155 1708 ές
2183 1628 2293 1715 ἐμὲ
2320 1620 2409 1717 ἦν
2436 1632 2647 1713 σῶον,
2687 1628 2823 1708 ’ἔξω

541 1733 996 1825 τετραμμένον
1048 1740 1167 1803 τοῦ
1218 1740 1634 1823 Κυρηναίων
1673 1729 1926 1813 ἄστεος.
2013 1730 2268 1821 ταύτην
2322 1728 2448 1820 τὴν
2481 1736 2819 1818 Λαδίκην,

543 1831 634 1918 ὥς
687 1835 1098 1927 ἐπεκράτησε
1167 1836 1537 1926 Καμβύσης
1593 1836 1977 1923 Αἰγύπτου,
2058 1836 2172 1905 καὶ
2240 1832 2531 1905 ἐπύθετο
2605 1830 2822 1922 αὐτῆς

408 1937 589 2028 182ἥ
627 1967 726 2022 τις
781 1949 920 2029 εἴη,
984 1938 1334 2031 ἀπέπεμψε
1377 1938 1612 2011 ἀσινέα
1653 1943 1719 2020 ἐς
1756 1939 2102 2029 Κυρήνην.
2204 1934 2532 2028 Ἀνέθηκε
2586 1938 2661 2007 δὲ
2700 1940 2821 2006 καὶ

544 2040 943 2133 ἀναθήματα
983 2040 1021 2114 ὁ
1050 2042 1325 2134 ’Ἄμασις
1363 2047 1430 2124 ἐς
1459 2042 1585 2133 τὴν
1613 2039 1932 2129 Ἑλλάδα,
1973 2047 2170 2113 τοῦτο
2212 2041 2338 2131 μὲν
2381 2045 2450 2122 ἐς
2486 2042 2819 2132 Κυρήνην

539 2144 803 2236 ἄγαλμα
847 2149 1212 2237 ἐπίχρυσον
1247 2144 1611 2237 Ἀθηναίης
1650 2149 1763 2216 καὶ
1810 2144 2038 2216 εἰκόνα
2077 2148 2334 2215 ἑωυτοῦ
2372 2151 2599 2237 γραφῇ
2627 2151 2814 2215 είκα-

1724 2347 2037 2400 notavimus
2082 2347 2154 2399 ad
2200 2347 2277 2412 H,
2326 2346 2444 2400 119.
2519 2347 2678 2399 Cous.
2732 2347 2815 2410 11,

1731 2417 1849 2471 133.
1889 2419 2005 2470 175.

1794 2484 1964 2536 τοῦτο
2019 2477 2125 2552 γάρ
2168 2479 2230 2535 οἷ
2265 2483 2451 2537 κακοῦ
2498 2477 2646 2536 εἶναι
2695 2482 2817 2550 μῆ-

608 2340 835 2411 γυναιξὶ
872 2337 1141 2413 ἐχρᾶτο]
1182 2347 1303 2409 Qua
1328 2346 1516 2398 eedem
1543 2346 1622 2398 lo-

540 2417 756 2467 cutione
790 2416 991 2467 Noster
1035 2432 1168 2468 usus
1202 2416 1298 2480 IV,
1340 2417 1439 2469 113
1484 2416 1620 2466 iudi-

538 2491 630 2536 cat
665 2500 1008 2552 conpr-essm,
1048 2486 1350 2537 concubitum
1370 2486 1475 2537 viri
1500 2502 1620 2536 cum

539 2556 759 2607 femina.
832 2555 1038 2607 Eodem
1087 2555 1249 2607 modo
1297 2557 1620 2622 Hippocrat.
1727 2555 1871 2621 χος]
1886 2553 2083 2621 μῆχος,
2111 2557 2392 2619 remedium,
2413 2557 2660 2623 emmim,
2688 2555 2817 2606 illu-

538 2626 604 2677 de
654 2627 781 2677 a'ere
819 2629 871 2689 §-
913 2626 1030 2689 100,
1065 2626 1160 2678 ubi
1195 2626 1339 2677 conf.
1379 2641 1413 2676 a
1450 2625 1625 2677 Corae
1727 2630 1971 2676 strarant
1985 2625 2239 2691 Aeschyli
2258 2627 2567 2692 interprett.
2583 2625 2816 2689 adAgu-

536 2699 677 2746 nott.
713 2697 779 2747 Τ.
818 2697 894 2747 ΙΙ.
943 2711 1069 2762 pag.
1107 2695 1229 2748 353.
1304 2698 1429 2757 „Tu
1476 2695 1622 2746 cons.
1724 2710 1922 2746 memn.
1958 2697 2012 2746 2.
2063 2695 2338 2747 Prometh.
2391 2697 2513 2757 605,
2561 2694 2657 2746 ubi
2693 2695 2812 2746 vid.

536 2766 795 2817 Eustath.
834 2765 903 2816 ud
929 2765 1128 2831 Odyss.
1171 2766 1217 2828 1,
1260 2765 1341 2818 13.
1379 2781 1505 2831 pag.
1539 2766 1622 2827 10,
1724 2764 1972 2815 Elmsleii
2008 2765 2226 2816 Review
2263 2765 2324 2816 of
2342 2764 2657 2816 Blomfields
2679 2767 2817 2816 Pro-

538 2838 606 2887 52
643 2836 728 2886 ed.
766 2833 979 2886 Basil.“
1019 2836 1106 2885 Cr.
1134 2862 1200 2871 —
1226 2834 1292 2884 Iu
1326 2851 1478 2901 seqq.
1515 2833 1628 2900 ple·

538 2906 719 2971 risque
767 2904 922 2954 libris
984 2904 1298 2955 auctoribus
1347 2905 1625 2955 omisimus

537 2966 651 3091 ξὴ,
717 2971 862 3038 quod
915 2971 1066 3038 vulg.
1125 2977 1251 3038 post
1308 2965 1431 3022 εἷπε
1481 2973 1625 3039 lege-

575 3047 717 3091 atur.

608 3102 850 3174 οὐδεμία
870 3101 1122 3174 μηχανὴ]
1152 3108 1353 3160 Confer
1385 3109 1465 3171 ΙΙ,
1502 3109 1621 3161 160.

538 3205 607 3216 -
643 3178 708 3229 In
742 3194 897 3244 seqq.
941 3178 1310 3229 Geissordium
1342 3180 1518 3229 secuti
1560 3179 1624 3229 li-

544 3248 764 3299 brorum
795 3253 1133 3300 vetustorum
1170 3249 1500 3299 auctoritate
1537 3263 1624 3300 re-

539 3317 793 3369 fluximus
828 3309 1038 3383 ἕγίνετο
1083 3332 1181 3382 pro
1217 3316 1366 3383 vulg.
1407 3309 1622 3383 ἐγένετο

539 3392 595 3439 et
629 3379 690 3438 ἐν
723 3386 803 3456 τῷ
837 3382 952 3456 νόῳ
978 3403 1075 3453 pro
1098 3385 1249 3452 vulg.
1277 3378 1337 3437 ἐν
1370 3384 1440 3454 τῇ
1478 3385 1620 3454 νηῷ,

539 3458 682 3523 quod
700 3458 937 3524 glossam
964 3472 1156 3523 sapere
1171 3457 1407 3508 videtur.
1456 3458 1623 3524 Equi-

538 3528 657 3578 dem
697 3533 915 3594 propter
958 3527 1099 3579 hanc
1144 3528 1319 3592 ipsam
1368 3526 1621 3578 lectionis

538 3598 861 3648 varietatem
926 3588 1071 3664 νόῳ,
1142 3596 1285 3662 quod
1346 3596 1626 3648 Sanerofti

539 3666 676 3718 liber
729 3683 850 3718 oum
900 3664 1022 3717 aliis
1076 3667 1329 3730 praebet,
1387 3667 1622 3717 retinere

538 3735 703 3787 malui
724 3753 884 3802 quam
905 3751 1026 3787 oum
1053 3735 1302 3787 Medieeo
1324 3739 1379 3786 et
1395 3736 1622 3786 Floren-

535 3807 652 3857 tino
670 3821 872 3871 ponere
890 3803 991 3872 νῷ.
1035 3804 1194 3856 Conf.
1215 3809 1355 3856 nott.
1380 3804 1450 3856 ad
1466 3805 1513 3868 Ι,
1532 3805 1620 3855 27.

607 3865 699 3924 ἐπ’
753 3866 977 3938 ἐκείνην
1012 3867 1120 3939 τὴν
1165 3868 1361 3939 νύκτα]
1418 3874 1623 3953 Βοὴὲιο-

537 3944 688 3995 ferus
735 3960 801 3995 ex
852 3943 1167 3995 coniectura
1214 3943 1458 4009 reposuit
1511 3933 1618 3993 υπ’

536 4006 765 4077 ένείνην
796 4006 904 4076 τὴν
939 4006 1143 4076 νύκτα,
1183 4028 1409 4079 eumque
1444 4013 1620 4065 secuti

537 4087 667 4133 sunt
703 4080 1037 4147 Schweigh.,
1077 4082 1251 4133 Gaisf.
1293 4089 1348 4133 et
1382 4088 1617 4135 reeentt.

538 4151 663 4203 edd.
701 4151 837 4201 Mihi
869 4165 998 4202 vero
1022 4150 1171 4201 nulla
1197 4151 1344 4202 iusta
1373 4153 1619 4203 mutandi

536 4237 708 4343 323²
724 4224 1029 4355 ιῗέῑρξζῗὲρ
1042 4220 1332 4353 ηῗῖρῗὶεὲ
1362 4221 1433 4340 ἓξ
1463 4223 1619 4356 3:13·

1139 4324 1156 4349 ‚
1600 4322 1619 4332 -

535 4361 809 4428 positione
843 4349 935 4409 ἐπὶ
959 4362 1171 4425 tempus
1196 4357 1486 4424 indicante,
1523 4361 1618 4412 ubi

537 4437 791 4499 quartum
838 4444 1022 4481 casum
1069 4429 1384 4480 adiunctum
1430 4430 1617 4496 habet,

1725 2834 1887 2885 meth.
1924 2850 1980 2900 p.
2020 2833 2121 2886 187
2169 2834 2254 2886 ed.
2296 2836 2449 2902 Lips.
2523 2835 2665 2886 Add.
2701 2836 2815 2885 He-

1722 2905 1901 2956 rodot.
1932 2904 2028 2969 IV,
2070 2905 2187 2957 151.

1794 2968 1892 3023 καὶ
1937 2963 1993 3031 ές
2043 2964 2154 3036 ἐμὲ
2194 2960 2281 3038 ἦν
2318 2971 2516 3038 σῶον]
2556 2973 2682 3024 vid.
2722 2988 2815 3024 su-

1726 3059 1825 3109 pra
1844 3043 1894 3106 1,
1920 3043 1989 3094 66
2010 3041 2127 3107 (ubi
2146 3039 2233 3093 ⁶03
2244 3039 2363 3107 αι),
2388 3043 2620 3109 indeque
2641 3044 2810 3094 etism

1726 3113 1780 3164 h.
1817 3112 1854 3163 1.
1886 3127 1919 3162 e
1949 3112 2266 3167 Florentino
2299 3113 2528 3178 aliisque
2551 3114 2811 3178 rescripsi

1725 3180 1893 3232 σῶον.
1967 3181 2051 3233 Ad
2089 3178 2446 3247 ποιησαμένη
2482 3183 2537 3233 in
2565 3183 2812 3247 proxime

1724 3250 2010 3303 antecedd.
2049 3251 2194 3302 cons.
2231 3251 2306 3313 ΙΙ,
2346 3252 2462 3301 127.

1791 3316 1896 3381 ἔξω
1926 3319 2306 3386 τετραμμένον
2327 3317 2433 3369 τοῦ
2461 3318 2812 3385 Κυρηναίων

1721 3381 1942 3456 ἄστεος]
1982 3391 2271 3453 „Statuam
2293 3390 2513 3440 notabit
2544 3393 2681 3440 vultu
2712 3406 2808 3439 ειτ-

1723 3468 1807 3510 tra
1826 3460 1994 3510 urbem
2014 3476 2164 3512 verso
2179 3498 2193 3519 ,
2231 3460 2347 3510 sive
2367 3467 2671 3523 spectantem
2694 3461 2807 3509 loca

1722 3529 2074 3583 suburbana.“
2156 3532 2541 3596 W'eseelt’nq.

2009 3700 2141 3753 Cu».
2180 3700 2505 3754 CLXXXII.

1792 3798 1989 3854 εἰκόνα
2022 3831 2093 3841 -
2125 3802 2319 3872 γραφῇ
2352 3799 2718 3871 εἰκασμένην]
2750 3804 2809 3854 id

1723 3880 1831 3925 est:
1866 3877 2121 3940 imaginem
2139 3876 2343 3938 pictura
2367 3878 2710 3937 assimilatam,
2744 3878 2809 3923 ut

1719 3943 1899 3995 reddit
1923 3944 2174 4010 Sohwgh.
2238 3945 2396 3996 Conf.
2424 3960 2589 4010 supra
2626 3944 2702 4004 ΙΙ,
2739 3944 2809 3993 73

1722 4017 1779 4065 et
1832 4013 2111 4065 Sohaeser.
2162 4013 2231 4064 ad
2285 4015 2464 4079 Longi
2506 4012 2804 4065 Pastorall.

1719 4099 1849 4149 pag.
1893 4083 2013 4134 327.
2089 4082 2375 4135 Caeterum
2420 4083 2525 4134 hoe
2568 4099 2634 4134 ex
2684 4082 2808 4133 loco

1722 4153 1789 4205 G.
1827 4155 2124 4204 Hermann.
2164 4152 2341 4218 (cuius
2385 4154 2565 4204 looum
2601 4153 2808 4203 adscri-

1720 4223 1833 4288 psit
1857 4226 1979 4275 Cn:
2016 4224 2197 4274 Ueber
2218 4223 2489 4274 Boeekb's
2518 4222 2806 4274 Behandll.

1723 4292 1776 4344 d.
1825 4293 2109 4345 Insehrist.
2156 4308 2284 4358 pag.
2338 4292 2461 4358 203)
2508 4291 2809 4355 concludit,

1721 4362 1829 4413 iam
1874 4362 1972 4413 illa
2016 4367 2200 4414 aetate
2259 4363 2504 4427 privatos
2560 4362 2808 4412 homines

1721 4448 1894 4500 aeque
1930 4449 1996 4484 ae
2033 4448 2190 4499 reges
2230 4447 2360 4484 suus
2392 4432 2657 4498 imagines
2692 4436 2809 4482 sta-
